{"gold_per_floor":[114,114,114,114,134,134,160,179,229,229,248,258,272,86,86,187,487,501,74,74,74,89,89,115,115,115,15,15,63,88,105,105,210,210,230,245,265,281,1,1],"floor_reached":40,"playtime":2086,"items_purged":["Doubt","Pain","Doubt"],"score":681,"play_id":"3d381691-cd30-44b6-80b2-5d06550c6d93","local_time":"20180909215806","is_ascension_mode":true,"campfire_choices":[{"data":"Outmaneuver","floor":6,"key":"SMITH"},{"floor":10,"key":"REST"},{"data":"Bouncing Flask","floor":15,"key":"SMITH"},{"floor":23,"key":"REST"},{"data":"Terror","floor":25,"key":"SMITH"},{"floor":28,"key":"REST"},{"floor":32,"key":"REST"}],"neow_cost":"NONE","seed_source_timestamp":37326795474956,"circlet_count":0,"master_deck":["Defend_G","Defend_G+1","Defend_G","Defend_G","Defend_G","Strike_G","Strike_G","Strike_G","Strike_G","Strike_G","Survivor","Neutralize+1","Acrobatics","Outmaneuver+1","Dagger Throw","Terror+1","PiercingWail","Bouncing Flask+1","Caltrops","Predator","Burst","Writhe","Dagger Spray+1","Dramatic Entrance","Deadly Poison","Choke","Bane","Tools of the Trade+1","Leg Sweep","A Thousand Cuts+1","Catalyst+1","Leg Sweep","Backstab"],"relics":["Velvet Choker","Bag of Marbles","Centennial Puzzle","Tiny Chest","Calling Bell","Oddly Smooth Stone","Pear","Old Coin","Kunai","WarpedTongs","Enchiridion","Mango","Frozen Egg 2","Lantern","Bag of Preparation","Philosopher\u0027s Stone","Bronze Scales"],"potions_floor_usage":[16,16,30,33,33,40],"damage_taken":[{"damage":4,"enemies":"Small Slimes","floor":1,"turns":4},{"damage":0,"enemies":"Jaw Worm","floor":5,"turns":4},{"damage":48,"enemies":"3 Sentries","floor":7,"turns":15},{"damage":0,"enemies":"Cultist","floor":8,"turns":3},{"damage":4,"enemies":"Blue Slaver","floor":11,"turns":3},{"damage":8,"enemies":"Looter","floor":12,"turns":3},{"damage":4,"enemies":"3 Louse","floor":13,"turns":3},{"damage":14,"enemies":"Hexaghost","floor":16,"turns":6},{"damage":17,"enemies":"Shell Parasite","floor":18,"turns":5},{"damage":14,"enemies":"2 Thieves","floor":22,"turns":4},{"damage":21,"enemies":"Gremlin Leader","floor":24,"turns":5},{"damage":32,"enemies":"Slavers","floor":30,"turns":4},{"damage":17,"enemies":"Sentry and Sphere","floor":31,"turns":5},{"damage":59,"enemies":"Champ","floor":33,"turns":10},{"damage":0,"enemies":"Orb Walker","floor":35,"turns":3},{"damage":10,"enemies":"3 Shapes","floor":36,"turns":3},{"damage":22,"enemies":"Maw","floor":37,"turns":6},{"damage":31,"enemies":"Spire Growth","floor":38,"turns":4},{"damage":8,"enemies":"Giant Head","floor":40,"turns":2}],"seed_played":"439982143834130240","potions_obtained":[{"floor":5,"key":"GamblersBrew"},{"floor":8,"key":"Regen Potion"},{"floor":11,"key":"PowerPotion"},{"floor":16,"key":"Fire Potion"},{"floor":18,"key":"Regen Potion"},{"floor":24,"key":"Weak Potion"},{"floor":36,"key":"FearPotion"}],"is_trial":false,"path_per_floor":["M","?","?","?","M","R","E","M","T","R","M","M","M","$","R","B",null,"M","$","?","?","M","R","E","R","T","$","R","T","E","M","R","B",null,"M","M","M","M","$"],"character_chosen":"THE_SILENT","items_purchased":["Predator","Tiny Chest","Dramatic Entrance","Kunai","Deadly Poison","Bronze Scales"],"campfire_rested":4,"item_purchase_floors":[14,14,19,19,19,39],"current_hp_per_floor":[59,45,70,70,70,70,22,22,22,43,39,31,27,27,27,25,69,52,52,52,36,22,46,39,39,39,39,67,67,35,18,46,2,71,71,61,39,8,8,0],"gold":1,"neow_bonus":"BOSS_RELIC","is_prod":false,"is_daily":false,"chose_seed":false,"campfire_upgraded":3,"win_rate":0,"timestamp":1536523086,"path_taken":["M","?","?","?","M","R","E","M","T","R","M","M","M","$","R","BOSS","M","$","?","?","M","R","E","R","T","$","R","?","E","M","R","BOSS","M","M","M","M","$","E"],"build_version":"2018-09-06","purchased_purges":3,"victory":false,"max_hp_per_floor":[70,70,70,70,70,70,70,70,70,70,70,70,70,70,70,70,80,80,80,80,80,80,80,94,94,94,94,94,94,94,94,94,94,94,94,94,94,94,94,94],"card_choices":[{"not_picked":["Blade Dance","Cloak And Dagger"],"picked":"Acrobatics","floor":1},{"not_picked":["Calculated Gamble","PiercingWail"],"picked":"Outmaneuver","floor":5},{"not_picked":["Blade Dance","Deflect"],"picked":"Dagger Throw","floor":7},{"not_picked":["Dagger Spray","Flying Knee"],"picked":"Terror","floor":8},{"not_picked":["Well Laid Plans","Prepared"],"picked":"PiercingWail","floor":11},{"not_picked":["Slice","Wraith Form v2"],"picked":"Bouncing Flask","floor":12},{"not_picked":["Backflip","Dodge and Roll"],"picked":"Caltrops","floor":13},{"not_picked":["A Thousand Cuts","Unload"],"picked":"Burst","floor":16},{"not_picked":["Well Laid Plans","Deflect"],"picked":"Dagger Spray+1","floor":18},{"not_picked":["Phantasmal Killer","PiercingWail"],"picked":"Choke","floor":22},{"not_picked":["Slice","Accuracy"],"picked":"Bane","floor":24},{"not_picked":["Deadly Poison","Flying Knee"],"picked":"Tools of the Trade+1","floor":30},{"not_picked":["Well Laid Plans+1","Underhanded Strike"],"picked":"Leg Sweep","floor":31},{"not_picked":["Die Die Die","Bullet Time"],"picked":"A Thousand Cuts+1","floor":33},{"not_picked":["Bane","Cloak And Dagger"],"picked":"Catalyst+1","floor":35},{"not_picked":["Acrobatics+1","Prepared","Outmaneuver+1"],"picked":"SKIP","floor":36},{"not_picked":["Backflip","PiercingWail"],"picked":"Leg Sweep","floor":37},{"not_picked":["Deflect+1","Quick Slash"],"picked":"Backstab","floor":38}],"player_experience":397332,"relics_obtained":[{"floor":7,"key":"Bag of Marbles"},{"floor":9,"key":"Centennial Puzzle"},{"floor":17,"key":"Oddly Smooth Stone"},{"floor":17,"key":"Pear"},{"floor":17,"key":"Old Coin"},{"floor":21,"key":"Enchiridion"},{"floor":24,"key":"Mango"},{"floor":26,"key":"Frozen Egg 2"},{"floor":29,"key":"Lantern"},{"floor":30,"key":"Bag of Preparation"}],"event_choices":[{"event_name":"Shining Light","player_choice":"Entered Light","floor":2,"damage_taken":0},{"event_name":"Wheel of Change","player_choice":"Full Heal","floor":3,"damage_taken":0},{"event_name":"Liars Game","player_choice":"disagreed","floor":4,"damage_taken":0},{"event_name":"Accursed Blacksmith","player_choice":"Rummage","floor":20,"damage_taken":0},{"event_name":"Cursed Tome","player_choice":"Obtained Book","floor":21,"damage_taken":0}],"is_beta":true,"boss_relics":[{"not_picked":["Eternal Feather","Orrery"],"picked":"Calling Bell"},{"not_picked":["Coffee Dripper","Runic Dome"],"picked":"Philosopher\u0027s Stone"}],"items_purged_floors":[19,27,39],"is_endless":false,"potions_floor_spawned":[5,8,11,16,18,24,36],"killed_by":"Giant Head","ascension_level":8}