{"gold_per_floor":[209,179,189,114,114,114,139,139,139,153,167,17,36,53,53,153,153,78,28,28,28,28,28,28,28,28,28,28,28,28,28,28,28,28,28,28,28,28,28,28,28,28,28,28,28,28,28,28,28,28],"floor_reached":50,"playtime":6722,"items_purged":["Strike_G","Strike_G"],"score":595,"play_id":"c65c96e6-4d6d-4486-96c3-00224a49c79a","local_time":"20190930160603","is_ascension_mode":true,"campfire_choices":[{"data":"Neutralize","floor":6.0,"key":"SMITH"},{"data":"Survivor","floor":8.0,"key":"SMITH"},{"data":"Backflip","floor":15.0,"key":"SMITH"},{"data":"Acrobatics","floor":24.0,"key":"SMITH"},{"data":"A Thousand Cuts","floor":27.0,"key":"SMITH"},{"data":"Prepared","floor":30.0,"key":"SMITH"},{"data":"Adrenaline","floor":32.0,"key":"SMITH"},{"data":"Tactician","floor":41.0,"key":"SMITH"},{"data":"Prepared","floor":47.0,"key":"SMITH"},{"data":"After Image","floor":49.0,"key":"SMITH"}],"neow_cost":"NONE","seed_source_timestamp":1870641117781821,"circlet_count":0,"master_deck":["Strike_G","Strike_G","Strike_G","Defend_G","Defend_G","Defend_G","Defend_G","Survivor+1","Neutralize+1","PiercingWail","Escape Plan","Dagger Throw","Acrobatics+1","Backflip+1","A Thousand Cuts+1","Blur","Underhanded Strike","PiercingWail","Adrenaline+1","Prepared+1","After Image+1","Tactician+1","Escape Plan","Underhanded Strike+1","Outmaneuver+1","Prepared+1","Acrobatics+1","Backflip","Dagger Throw+1"],"special_seed":0,"relics":["Ring of the Snake","Anchor","Mercury Hourglass","Ectoplasm","Bird Faced Urn","Tiny Chest","Red Mask","MutagenicStrength","Philosopher\u0027s Stone","Shovel","Du-Vu Doll","Vajra","Singing Bowl","Centennial Puzzle"],"potions_floor_usage":[50],"damage_taken":[{"damage":0.0,"enemies":"Jaw Worm","floor":1.0,"turns":4.0},{"damage":0.0,"enemies":"Cultist","floor":3.0,"turns":5.0},{"damage":34.0,"enemies":"3 Sentries","floor":7.0,"turns":17.0},{"damage":0.0,"enemies":"Small Slimes","floor":10.0,"turns":3.0},{"damage":0.0,"enemies":"Looter","floor":11.0,"turns":3.0},{"damage":0.0,"enemies":"Lots of Slimes","floor":13.0,"turns":3.0},{"damage":0.0,"enemies":"2 Fungi Beasts","floor":14.0,"turns":3.0},{"damage":34.0,"enemies":"Slime Boss","floor":16.0,"turns":15.0},{"damage":0.0,"enemies":"2 Thieves","floor":18.0,"turns":4.0},{"damage":2.0,"enemies":"3 Byrds","floor":20.0,"turns":4.0},{"damage":19.0,"enemies":"Sentry and Sphere","floor":21.0,"turns":8.0},{"damage":4.0,"enemies":"Snake Plant","floor":22.0,"turns":5.0},{"damage":3.0,"enemies":"Slavers","floor":23.0,"turns":7.0},{"damage":3.0,"enemies":"Shelled Parasite and Fungi","floor":28.0,"turns":5.0},{"damage":0.0,"enemies":"Masked Bandits","floor":29.0,"turns":3.0},{"damage":15.0,"enemies":"Collector","floor":33.0,"turns":12.0},{"damage":0.0,"enemies":"Orb Walker","floor":35.0,"turns":4.0},{"damage":0.0,"enemies":"3 Darklings","floor":36.0,"turns":3.0},{"damage":20.0,"enemies":"2 Orb Walkers","floor":37.0,"turns":4.0},{"damage":0.0,"enemies":"Mind Bloom Boss Battle","floor":38.0,"turns":8.0},{"damage":0.0,"enemies":"Writhing Mass","floor":39.0,"turns":9.0},{"damage":3.0,"enemies":"Reptomancer","floor":40.0,"turns":4.0},{"damage":0.0,"enemies":"4 Shapes","floor":42.0,"turns":2.0},{"damage":2.0,"enemies":"Maw","floor":44.0,"turns":7.0},{"damage":0.0,"enemies":"Spire Growth","floor":46.0,"turns":4.0},{"damage":0.0,"enemies":"Transient","floor":48.0,"turns":5.0},{"damage":90,"enemies":"Time Eater","floor":50,"turns":11}],"seed_played":"-2834137130597814995","potions_obtained":[{"floor":2.0,"key":"EssenceOfSteel"},{"floor":2.0,"key":"Weak Potion"},{"floor":10.0,"key":"Explosive Potion"},{"floor":11.0,"key":"GhostInAJar"},{"floor":13.0,"key":"Block Potion"},{"floor":18.0,"key":"Energy Potion"},{"floor":22.0,"key":"GhostInAJar"},{"floor":28.0,"key":"GamblersBrew"},{"floor":29.0,"key":"EntropicBrew"},{"floor":35.0,"key":"Poison Potion"},{"floor":40.0,"key":"Weak Potion"},{"floor":44.0,"key":"SkillPotion"}],"is_trial":false,"path_per_floor":["M","?","M","$","?","R","E","R","T","M","M","$","M","M","R","B",null,"M","?","M","M","M","E","R","?","T","R","M","?","R","?","R","B",null,"M","M","?","?","M","E","R","M","T","M","T","M","R","M","R","B"],"character_chosen":"THE_SILENT","items_purchased":["Dagger Throw"],"campfire_rested":0,"item_purchase_floors":[12],"current_hp_per_floor":[70,70,70,70,70,70,36,36,36,36,36,36,36,36,36,2,70,70,70,68,49,45,42,42,42,42,42,41,43,43,43,43,30,70,70,70,50,54,58,59,59,63,63,65,65,69,69,70,70,0],"gold":28,"neow_bonus":"HUNDRED_GOLD","is_prod":false,"is_daily":false,"chose_seed":false,"campfire_upgraded":10,"win_rate":0,"timestamp":1569873963,"path_taken":["M","?","M","?","?","R","E","R","T","M","M","$","M","M","R","BOSS","M","?","M","?","M","E","R","?","T","R","M","?","R","?","R","BOSS","M","M","?","?","M","E","R","M","T","M","?","M","R","M","R","BOSS"],"build_version":"2019-07-17","purchased_purges":2,"victory":false,"max_hp_per_floor":[70,70,70,70,70,70,70,70,70,70,70,70,70,70,70,70,70,70,70,70,70,70,70,70,70,70,70,70,70,70,70,70,70,70,70,70,70,70,70,70,70,70,70,70,70,70,70,70,70,70],"card_choices":[{"not_picked":["Slice","Sucker Punch"],"picked":"PiercingWail","floor":1.0},{"not_picked":["Bane","PiercingWail"],"picked":"Escape Plan","floor":3.0},{"not_picked":["Phantasmal Killer","Heel Hook","Riddle With Holes"],"picked":"SKIP","floor":7.0},{"not_picked":["Finisher","Deflect","Flechettes"],"picked":"SKIP","floor":10.0},{"not_picked":["Blade Dance","Cloak And Dagger","Flying Knee"],"picked":"SKIP","floor":11.0},{"not_picked":["Dagger Spray","Deflect"],"picked":"Acrobatics","floor":13.0},{"not_picked":["Glass Knife","Poisoned Stab"],"picked":"Backflip","floor":14.0},{"not_picked":["Wraith Form v2","Bullet Time"],"picked":"A Thousand Cuts","floor":16.0},{"not_picked":["Deadly Poison","Backflip","Flying Knee"],"picked":"SKIP","floor":18.0},{"not_picked":["Leg Sweep+1","Bane+1"],"picked":"Blur","floor":20.0},{"not_picked":["Riddle With Holes","Prepared"],"picked":"Underhanded Strike","floor":21.0},{"not_picked":["All Out Attack","Outmaneuver"],"picked":"PiercingWail","floor":22.0},{"not_picked":["Blade Dance","Flying Knee"],"picked":"Adrenaline","floor":23.0},{"not_picked":["Choke","Poisoned Stab"],"picked":"Prepared","floor":28.0},{"not_picked":["Bullet Time","Phantasmal Killer"],"picked":"After Image","floor":33.0},{"not_picked":["Slice+1","Flechettes","Deflect"],"picked":"SKIP","floor":35.0},{"not_picked":["Bane","Escape Plan+1"],"picked":"Tactician","floor":36.0},{"not_picked":["Backflip","Prepared"],"picked":"Escape Plan","floor":37.0},{"not_picked":["Flying Knee+1","Expertise+1"],"picked":"Underhanded Strike+1","floor":38.0},{"not_picked":["Dodge and Roll","Underhanded Strike"],"picked":"Outmaneuver+1","floor":39.0},{"not_picked":["Glass Knife","Skewer","Outmaneuver+1"],"picked":"SKIP","floor":40.0},{"not_picked":["Flying Knee","Poisoned Stab"],"picked":"Prepared","floor":42.0},{"not_picked":["Catalyst","Dagger Spray+1"],"picked":"Acrobatics+1","floor":44.0},{"not_picked":["Bane","PiercingWail+1"],"picked":"Backflip","floor":46.0},{"not_picked":["Dagger Spray","Dodge and Roll"],"picked":"Dagger Throw+1","floor":48.0}],"player_experience":548191,"relics_obtained":[{"floor":7.0,"key":"Anchor"},{"floor":9.0,"key":"Mercury Hourglass"},{"floor":23.0,"key":"Bird Faced Urn"},{"floor":26.0,"key":"Tiny Chest"},{"floor":29.0,"key":"Red Mask"},{"floor":37.0,"key":"Shovel"},{"floor":38.0,"key":"Du-Vu Doll"},{"floor":40.0,"key":"Vajra"},{"floor":43.0,"key":"Singing Bowl"},{"floor":45.0,"key":"Centennial Puzzle"}],"event_choices":[{"damage_healed":0.0,"max_hp_gain":0.0,"max_hp_loss":0.0,"gold_gain":0.0,"event_name":"The Woman in Blue","player_choice":"Bought 2 Potions","floor":2.0,"gold_loss":0.0,"damage_taken":0.0},{"cards_removed":["Defend_G"],"damage_healed":0.0,"max_hp_gain":0.0,"max_hp_loss":0.0,"gold_gain":0.0,"event_name":"Living Wall","player_choice":"Forget","floor":5.0,"gold_loss":0.0,"damage_taken":0.0},{"damage_healed":0.0,"max_hp_gain":0.0,"max_hp_loss":0.0,"gold_gain":100.0,"event_name":"The Joust","player_choice":"Bet on Murderer","floor":19.0,"gold_loss":50.0,"damage_taken":0.0},{"damage_healed":0.0,"max_hp_gain":0.0,"max_hp_loss":0.0,"gold_gain":0.0,"event_name":"The Mausoleum","player_choice":"Ignored","floor":25.0,"gold_loss":0.0,"damage_taken":0.0},{"damage_healed":0.0,"max_hp_gain":0.0,"max_hp_loss":0.0,"gold_gain":0.0,"event_name":"Masked Bandits","player_choice":"Fought Bandits","floor":29.0,"gold_loss":0.0,"damage_taken":0.0},{"damage_healed":0.0,"max_hp_gain":0.0,"max_hp_loss":0.0,"gold_gain":0.0,"event_name":"Drug Dealer","player_choice":"Inject Mutagens","floor":31.0,"gold_loss":0.0,"damage_taken":0.0,"relics_obtained":["MutagenicStrength"]},{"damage_healed":0.0,"max_hp_gain":0.0,"max_hp_loss":0.0,"gold_gain":0.0,"event_name":"Mysterious Sphere","player_choice":"Fight","floor":37.0,"gold_loss":0.0,"damage_taken":0.0},{"damage_healed":0.0,"max_hp_gain":0.0,"max_hp_loss":0.0,"gold_gain":0.0,"event_name":"MindBloom","player_choice":"Fight","floor":38.0,"gold_loss":0.0,"damage_taken":0.0}],"is_beta":false,"boss_relics":[{"not_picked":["HoveringKite","Astrolabe"],"picked":"Ectoplasm"},{"not_picked":["Cursed Key","Snecko Eye"],"picked":"Philosopher\u0027s Stone"}],"items_purged_floors":[4,12],"is_endless":false,"potions_floor_spawned":[10,11,13,14,18,22,28,29,35,40,44],"killed_by":"Time Eater","ascension_level":4}