{"path_per_floor":["M","M","?","?","M","E","R","M","T","M","E","M","M","M","R"],"character_chosen":"DEFECT","items_purchased":[],"gold_per_floor":[19,35,35,35,51,82,82,92,92,105,136,148,161,171,171,171],"floor_reached":16,"campfire_rested":2,"playtime":608,"item_purchase_floors":[],"current_hp_per_floor":[70,68,53,41,41,12,34,24,24,24,8,8,8,3,25,0],"items_purged":[],"gold":171,"score":122,"play_id":"b5785e5c-0edd-4637-bbf4-f49bff7f3d44","local_time":"20180519205401","is_prod":false,"is_daily":false,"chose_seed":false,"is_ascension_mode":true,"campfire_upgraded":0,"timestamp":1526756041,"campfire_choices":[{"floor":7,"key":"REST"},{"floor":15,"key":"REST"}],"path_taken":["M","M","?","?","?","E","R","M","T","M","E","M","M","M","R","BOSS"],"build_version":"2018-05-18","seed_source_timestamp":43718460424723,"purchased_purges":0,"victory":false,"master_deck":["Strike_B","Strike_B","Strike_B","Defend_B","Defend_B","Defend_B","Zap","Dualcast","Fusion+1","Ball Lightning+1","Genetic Algorithm","Doom and Gloom","Auto Shields","Go for the Eyes","Fission","Streamline","Glacier","Turbo"],"max_hp_per_floor":[75,75,75,75,75,75,75,75,75,75,75,75,75,75,75,75],"relics":["Cracked Core","Lantern","Ornamental Fan","Juzu Bracelet","Ancient Tea Set"],"card_choices":[{"not_picked":["Go for the Eyes","Cold Snap"],"picked":"Fusion","floor":1},{"not_picked":["Fusion","Darkness"],"picked":"Ball Lightning","floor":2},{"not_picked":["Hologram","Rebound"],"picked":"Genetic Algorithm","floor":5},{"not_picked":["Consume","Stack"],"picked":"Doom and Gloom","floor":6},{"not_picked":["Hologram","Seek"],"picked":"Auto Shields","floor":8},{"not_picked":["Reprogram","Barrage"],"picked":"Go for the Eyes","floor":10},{"not_picked":["Rebound","Blizzard"],"picked":"Fission","floor":11},{"not_picked":["Stack","Recycle"],"picked":"Streamline","floor":12},{"not_picked":["Conserve Battery","Chaos"],"picked":"Glacier","floor":13},{"not_picked":["Stack","Nova"],"picked":"Turbo","floor":14}],"player_experience":172075,"potions_floor_usage":[10,11,16],"damage_taken":[{"damage":5,"enemies":"Small Slimes","floor":1,"turns":4},{"damage":2,"enemies":"2 Louse","floor":2,"turns":3},{"damage":0,"enemies":"Cultist","floor":5,"turns":2},{"damage":29,"enemies":"Gremlin Nob","floor":6,"turns":4},{"damage":10,"enemies":"Red Slaver","floor":8,"turns":2},{"damage":0,"enemies":"Looter","floor":10,"turns":2},{"damage":16,"enemies":"Lagavulin","floor":11,"turns":6},{"damage":0,"enemies":"Large Slime","floor":12,"turns":4},{"damage":0,"enemies":"3 Louse","floor":13,"turns":2},{"damage":5,"enemies":"Looter","floor":14,"turns":3},{"damage":35,"enemies":"Slime Boss","floor":16,"turns":3}],"relics_obtained":[{"floor":6,"key":"Ornamental Fan"},{"floor":9,"key":"Juzu Bracelet"},{"floor":11,"key":"Ancient Tea Set"}],"event_choices":[{"event_name":"Shining Light","player_choice":"Entered Light","floor":3,"damage_taken":0},{"event_name":"Scrap Ooze","player_choice":"success","floor":4,"damage_taken":12}],"boss_relics":[],"items_purged_floors":[],"potions_floor_spawned":[2,5,6,11,13],"seed_played":"5523947021860598258","killed_by":"Slime Boss","ascension_level":1,"potions_obtained":[{"floor":2,"key":"SmokeBomb"},{"floor":5,"key":"Energy Potion"},{"floor":6,"key":"Explosive Potion"},{"floor":11,"key":"Strength Potion"},{"floor":13,"key":"SmokeBomb"}],"is_trial":false}