{"gold_per_floor":[113,124,124,143,156,156,189,189,189,216,227,227,227,261,261,358,358,378,41,41,55,154,154,187,187,187,187,187,197,122,133,133,232,232,247,247,24,36,47,76,76,103,155,155,167,180,180,0,0,0,0,0,0,33,33],"floor_reached":56,"playtime":13556,"items_purged":["Strike_G"],"score":1293,"play_id":"3dd2aed8-4363-43fa-8df5-764e8c09bd89","local_time":"20191001191042","is_ascension_mode":true,"campfire_choices":[{"data":"Noxious Fumes","floor":6,"key":"SMITH"},{"data":"Catalyst","floor":8,"key":"SMITH"},{"floor":15,"key":"REST"},{"data":"Calculated Gamble","floor":23,"key":"SMITH"},{"floor":25,"key":"RECALL"},{"data":"Crippling Poison","floor":28,"key":"SMITH"},{"floor":32,"key":"REST"},{"data":"Wraith Form v2","floor":41,"key":"SMITH"},{"floor":47,"key":"REST"},{"data":"Madness","floor":49,"key":"SMITH"},{"data":"Madness","floor":52,"key":"SMITH"}],"neow_cost":"NONE","seed_source_timestamp":77459913788700,"circlet_count":0,"master_deck":["Strike_G+1","Strike_G+1","Defend_G+1","Defend_G","Defend_G","Defend_G","Survivor+1","Neutralize+1","Endless Agony+1","Backflip","Noxious Fumes+1","Catalyst+1","Backflip+1","Adrenaline+1","Blade Dance+1","Glass Knife+1","Wraith Form v2+1","Crippling Poison+1","Calculated Gamble+1","Well Laid Plans","Calculated Gamble+1","Wraith Form v2+1","Noxious Fumes","Escape Plan+1","Madness+1","Madness+1"],"relics":["Ring of the Serpent","Bag of Preparation","Paper Crane","Tingsha","Anchor","Astrolabe","Oddly Smooth Stone","War Paint","PreservedInsect","Centennial Puzzle","CultistMask","Snake Skull","Darkstone Periapt","Whetstone","Regal Pillow","Red Mask","Bag of Marbles"],"potions_floor_usage":[7,10,10,21,33,50,55],"damage_taken":[{"damage":0,"enemies":"Small Slimes","floor":1,"turns":4},{"damage":1,"enemies":"Jaw Worm","floor":2,"turns":3},{"damage":0,"enemies":"Cultist","floor":4,"turns":3},{"damage":0,"enemies":"Blue Slaver","floor":5,"turns":6},{"damage":1,"enemies":"3 Sentries","floor":7,"turns":6},{"damage":6,"enemies":"Gremlin Nob","floor":10,"turns":5},{"damage":0,"enemies":"Red Slaver","floor":11,"turns":3},{"damage":0,"enemies":"Lagavulin","floor":14,"turns":7},{"damage":10,"enemies":"Hexaghost","floor":16,"turns":9},{"damage":1,"enemies":"Shell Parasite","floor":18,"turns":5},{"damage":0,"enemies":"Spheric Guardian","floor":21,"turns":5},{"damage":0,"enemies":"Slavers","floor":24,"turns":3},{"damage":0,"enemies":"Shelled Parasite and Fungi","floor":29,"turns":3},{"damage":7,"enemies":"Sentry and Sphere","floor":31,"turns":4},{"damage":32,"enemies":"Champ","floor":33,"turns":10},{"damage":1,"enemies":"3 Shapes","floor":35,"turns":4},{"damage":0,"enemies":"Orb Walker","floor":38,"turns":3},{"damage":4,"enemies":"3 Darklings","floor":39,"turns":4},{"damage":0,"enemies":"Giant Head","floor":40,"turns":5},{"damage":8,"enemies":"Nemesis","floor":42,"turns":5},{"damage":0,"enemies":"Writhing Mass","floor":45,"turns":4},{"damage":2,"enemies":"Sphere and 2 Shapes","floor":46,"turns":4},{"damage":4,"enemies":"Awakened One","floor":50,"turns":13},{"damage":4,"enemies":"Shield and Spear","floor":54,"turns":4},{"damage":44,"enemies":"The Heart","floor":55,"turns":12}],"seed_played":"-4402682893015104910","potions_obtained":[{"floor":1,"key":"GhostInAJar"},{"floor":5,"key":"Fire Potion"},{"floor":7,"key":"AttackPotion"},{"floor":11,"key":"Ancient Potion"},{"floor":14,"key":"SpeedPotion"},{"floor":16,"key":"Strength Potion"},{"floor":29,"key":"Regen Potion"},{"floor":33,"key":"Energy Potion"},{"floor":38,"key":"SteroidPotion"},{"floor":45,"key":"Block Potion"}],"is_trial":false,"path_per_floor":["M","M","?","M","M","R","E","R","T","E","M","T","?","E","R","B",null,"M","$","$","M","?","R","E","R","T","?","R","M","$","M","R","B",null,"M","?","$","M","M","E","R","E","T","?","M","M","R","?","R","B",null,"R","$","E","B",null],"character_chosen":"THE_SILENT","items_purchased":["Oddly Smooth Stone","Crippling Poison","War Paint","Noxious Fumes","Snake Skull"],"campfire_rested":3,"item_purchase_floors":[19,19,19,37,37],"current_hp_per_floor":[70,69,55,55,55,55,54,54,54,48,48,48,48,48,69,59,70,69,69,69,69,69,69,69,69,69,62,62,62,62,55,70,38,70,69,69,69,69,65,65,65,57,57,48,48,46,70,70,70,66,70,70,70,66,22],"gold":33,"neow_bonus":"UPGRADE_CARD","is_prod":false,"is_daily":false,"chose_seed":false,"campfire_upgraded":7,"win_rate":0,"timestamp":1569975042,"path_taken":["M","M","?","M","M","R","E","R","T","E","M","?","?","E","R","BOSS","M","?","$","M","?","R","E","R","T","?","R","?","$","M","R","BOSS","M","?","$","?","?","E","R","E","T","?","M","M","R","?","R","BOSS","R","$","E","BOSS"],"build_version":"2019-07-17","purchased_purges":1,"victory":true,"max_hp_per_floor":[70,70,70,70,70,70,70,70,70,70,70,70,70,70,70,70,70,70,70,70,70,70,70,70,70,70,70,70,70,70,70,70,70,70,70,70,70,70,70,70,70,70,70,70,70,70,70,70,70,70,70,70,70,70,70],"card_choices":[{"not_picked":["Quick Slash","Expertise"],"picked":"Endless Agony","floor":1},{"not_picked":["Prepared","Expertise","Cloak And Dagger"],"picked":"SKIP","floor":2},{"not_picked":["Expertise","Bouncing Flask"],"picked":"Backflip","floor":4},{"not_picked":["Bullet Time","Deadly Poison"],"picked":"Noxious Fumes","floor":5},{"not_picked":["Dagger Spray","Finisher"],"picked":"Catalyst","floor":7},{"not_picked":["Dagger Spray","Riddle With Holes","Bane"],"picked":"SKIP","floor":10},{"not_picked":["Underhanded Strike","Catalyst"],"picked":"Backflip","floor":11},{"not_picked":["Flying Knee","Eviscerate","Accuracy"],"picked":"SKIP","floor":14},{"not_picked":["Bullet Time","Glass Knife"],"picked":"Adrenaline","floor":16},{"not_picked":["Blade Dance","Bane","Underhanded Strike"],"picked":"SKIP","floor":18},{"not_picked":["Footwork","Deflect"],"picked":"Calculated Gamble","floor":21},{"not_picked":["Sucker Punch+1","Endless Agony"],"picked":"Well Laid Plans","floor":24},{"not_picked":["Well Laid Plans+1","Cloak And Dagger","Blade Dance+1"],"picked":"SKIP","floor":29},{"not_picked":["PiercingWail+1","Slice"],"picked":"Calculated Gamble+1","floor":31},{"not_picked":["Malaise","Glass Knife"],"picked":"Wraith Form v2","floor":33},{"not_picked":["Skewer+1","Backstab+1","Choke"],"picked":"SKIP","floor":35},{"not_picked":["Prepared","Riddle With Holes+1","Masterful Stab+1"],"picked":"SKIP","floor":38},{"not_picked":["Quick Slash+1","Cloak And Dagger+1"],"picked":"Escape Plan+1","floor":39},{"not_picked":["Deflect","Doppelganger","After Image"],"picked":"SKIP","floor":40},{"not_picked":["Deadly Poison","Prepared","Dagger Spray+1"],"picked":"SKIP","floor":42},{"not_picked":["Dodge and Roll","Quick Slash","Choke+1"],"picked":"SKIP","floor":45},{"not_picked":["Poisoned Stab","Sucker Punch+1","Dagger Throw"],"picked":"SKIP","floor":46},{"not_picked":["Slice","Underhanded Strike","Masterful Stab+1"],"picked":"SKIP","floor":54}],"player_experience":85711,"relics_obtained":[{"floor":7,"key":"Bag of Preparation"},{"floor":9,"key":"Paper Crane"},{"floor":10,"key":"Tingsha"},{"floor":14,"key":"Anchor"},{"floor":24,"key":"PreservedInsect"},{"floor":26,"key":"Centennial Puzzle"},{"floor":40,"key":"Darkstone Periapt"},{"floor":42,"key":"Whetstone"},{"floor":43,"key":"Regal Pillow"},{"floor":54,"key":"Bag of Marbles"}],"event_choices":[{"damage_healed":0,"gold_gain":0,"player_choice":"Entered Light","damage_taken":14,"max_hp_gain":0,"max_hp_loss":0,"event_name":"Shining Light","floor":3,"gold_loss":0,"cards_upgraded":["Strike_G","Defend_G"]},{"damage_healed":0,"gold_gain":0,"player_choice":"Upgraded","damage_taken":0,"max_hp_gain":0,"max_hp_loss":0,"event_name":"Upgrade Shrine","floor":13,"gold_loss":0,"cards_upgraded":["Backflip"]},{"damage_healed":0,"gold_gain":99,"player_choice":"Stole From Cult","damage_taken":0,"max_hp_gain":0,"max_hp_loss":0,"event_name":"Nest","floor":22,"gold_loss":0},{"damage_healed":0,"gold_gain":0,"player_choice":"","damage_taken":7,"max_hp_gain":0,"max_hp_loss":0,"event_name":"Knowing Skull","floor":27,"potions_obtained":[],"gold_loss":0,"cards_obtained":[]},{"damage_healed":0,"gold_gain":0,"player_choice":"Trade","damage_taken":0,"relics_obtained":["CultistMask"],"max_hp_gain":0,"max_hp_loss":0,"event_name":"FaceTrader","floor":36,"gold_loss":0},{"damage_healed":0,"gold_gain":0,"player_choice":"Embrace Madness","damage_taken":9,"max_hp_gain":0,"max_hp_loss":0,"event_name":"Winding Halls","floor":44,"gold_loss":0,"cards_obtained":["Madness","Madness"]},{"damage_healed":0,"gold_gain":0,"player_choice":"Paid","damage_taken":0,"relics_obtained":["Red Mask"],"max_hp_gain":0,"max_hp_loss":0,"event_name":"Tomb of Lord Red Mask","floor":48,"gold_loss":180}],"is_beta":false,"boss_relics":[{"not_picked":["Calling Bell","Fusion Hammer"],"picked":"Astrolabe"},{"not_picked":["Coffee Dripper","Orrery"],"picked":"Ring of the Serpent"}],"items_purged_floors":[30],"is_endless":false,"potions_floor_spawned":[1,5,7,11,14,16,29,33,38,45,46],"ascension_level":1}