{"gold_per_floor":[118,118,130,130,180,205,205,237,262,262,274,290,309,309],"floor_reached":14,"playtime":745,"items_purged":[],"score":250,"play_id":"20bf7b6d-6d9b-4492-af48-1ede844dc4d3","local_time":"20181218144253","is_ascension_mode":true,"campfire_choices":[{"data":"Capacitor","floor":7.0,"key":"SMITH"},{"data":"Biased Cognition","floor":10,"key":"SMITH"}],"neow_cost":"NONE","seed_source_timestamp":0,"circlet_count":0,"master_deck":["AscendersBane","Strike_B","Strike_B","Strike_B","Strike_B","Defend_B","Defend_B","Defend_B","Defend_B","Zap+1","Dualcast","Capacitor+1","Barrage","Coolheaded","Biased Cognition+1","Chill","Glacier"],"special_seed":0,"relics":["Cracked Core","NeowsBlessing","Blood Vial","Singing Bowl","Boot","Lantern"],"potions_floor_usage":[8],"damage_taken":[{"damage":0.0,"enemies":"Jaw Worm","floor":1.0,"turns":1.0},{"damage":0.0,"enemies":"Small Slimes","floor":3.0,"turns":1.0},{"damage":0.0,"enemies":"Lagavulin","floor":6.0,"turns":1.0},{"damage":35,"enemies":"Gremlin Nob","floor":8,"turns":4},{"damage":15,"enemies":"2 Louse","floor":11,"turns":3},{"damage":7,"enemies":"Red Slaver","floor":12,"turns":3},{"damage":15,"enemies":"Exordium Thugs","floor":13,"turns":5},{"damage":13,"enemies":"Blue Slaver","floor":14,"turns":1}],"seed_played":"-2490472741574360540","potions_obtained":[{"floor":3.0,"key":"Strength Potion"},{"floor":6.0,"key":"Dexterity Potion"},{"floor":8,"key":"Ancient Potion"}],"is_trial":false,"path_per_floor":["M","?","M","?","?","E","R","E","T","R","M","M","M","M"],"character_chosen":"DEFECT","items_purchased":[],"campfire_rested":0,"item_purchase_floors":[],"current_hp_per_floor":[64,59,61,61,61,63,63,30,30,30,17,14,1,0],"gold":309,"neow_bonus":"THREE_ENEMY_KILL","is_prod":false,"is_daily":false,"chose_seed":false,"campfire_upgraded":2,"win_rate":0,"timestamp":1545140573,"path_taken":["M","?","M","?","?","E","R","E","T","R","?","M","M","M"],"build_version":"2018-12-17","purchased_purges":0,"victory":false,"max_hp_per_floor":[71,71,71,71,71,71,71,71,71,71,71,73,73,73],"card_choices":[{"not_picked":["Sweeping Beam","Stack"],"picked":"Capacitor","floor":1.0},{"not_picked":["Hologram","Steam"],"picked":"Barrage","floor":3.0},{"not_picked":["Reinforced Body","Chaos"],"picked":"Coolheaded","floor":6.0},{"not_picked":["Gash","Hello World"],"picked":"Biased Cognition","floor":8},{"not_picked":["Cold Snap","Steam"],"picked":"Chill","floor":11},{"not_picked":["Blizzard","Rebound","Barrage"],"picked":"Singing Bowl","floor":12},{"not_picked":["Hello World","Cold Snap"],"picked":"Glacier","floor":13}],"player_experience":1041700,"relics_obtained":[{"floor":6.0,"key":"Singing Bowl"},{"floor":8,"key":"Boot"},{"floor":9,"key":"Lantern"}],"event_choices":[{"damage_healed":0.0,"max_hp_gain":0.0,"max_hp_loss":0.0,"gold_gain":0.0,"event_name":"Scrap Ooze","player_choice":"Success","floor":2.0,"gold_loss":0.0,"damage_taken":5.0,"relics_obtained":["Blood Vial"]},{"damage_healed":0.0,"max_hp_gain":0.0,"max_hp_loss":0.0,"gold_gain":0.0,"event_name":"Living Wall","player_choice":"Grow","floor":4.0,"gold_loss":0.0,"damage_taken":0.0,"cards_upgraded":["Zap"]},{"damage_healed":0.0,"max_hp_gain":0.0,"max_hp_loss":0.0,"gold_gain":50.0,"event_name":"Golden Shrine","player_choice":"Pray","floor":5.0,"gold_loss":0.0,"damage_taken":0.0}],"is_beta":true,"boss_relics":[],"items_purged_floors":[],"is_endless":false,"potions_floor_spawned":[3,6,8],"killed_by":"Blue Slaver","ascension_level":20}