{"path_per_floor":["M","?","M","M","M","E","R","E","T","?","E","R","$","M","R","B",null,"M","M","M","?","?","R","E","R","T","M","$","M","E","M","R"],"character_chosen":"DEFECT","items_purchased":["Matryoshka","Dramatic Entrance"],"gold_per_floor":[112,112,123,143,161,195,195,225,225,225,253,253,4,14,14,117,117,136,152,167,82,82,82,110,110,110,125,30,43,68,83,83,83],"floor_reached":33,"campfire_rested":0,"playtime":1767,"item_purchase_floors":[13,28],"current_hp_per_floor":[75,75,74,75,75,63,63,59,59,59,53,53,53,60,60,32,75,75,75,72,72,72,72,60,60,60,67,67,71,52,52,52,0],"items_purged":[],"gold":83,"score":322,"play_id":"fbd29d9a-6baf-4347-a4a6-d313fe791c1e","local_time":"20180519193805","is_prod":false,"is_daily":false,"chose_seed":false,"is_ascension_mode":true,"campfire_upgraded":6,"timestamp":1526751485,"campfire_choices":[{"data":"Dualcast","floor":7,"key":"SMITH"},{"data":"Mind Blast","floor":12,"key":"SMITH"},{"data":"Redo","floor":15,"key":"SMITH"},{"data":"Self Repair","floor":23,"key":"SMITH"},{"data":"Creative AI","floor":25,"key":"SMITH"},{"data":"Storm","floor":32,"key":"SMITH"}],"path_taken":["M","?","M","M","M","E","R","E","T","?","E","R","?","M","R","BOSS","M","M","M","?","?","R","E","R","T","?","$","M","E","M","R","BOSS"],"build_version":"2018-05-18","seed_source_timestamp":37998372089787,"purchased_purges":0,"victory":false,"master_deck":["Strike_B","Strike_B","Strike_B","Strike_B","Defend_B","Defend_B","Defend_B","Defend_B","Zap+1","Dualcast+1","Steam","Self Repair","Self Repair+1","Beam Cell","BootSequence","Amplify","Mind Blast+1","Conserve Battery","Redo+1","Hologram","All For One","Sunder+1","Ball Lightning","Sunder+1","Writhe","Creative AI+1","Decay","Coolheaded","Dramatic Entrance","Double Energy+1","Storm+1","Heatsinks"],"max_hp_per_floor":[75,75,75,75,75,75,75,75,75,75,75,75,75,75,75,75,75,75,75,75,75,75,75,75,75,75,75,75,75,75,75,75,75],"relics":["Cracked Core","Ancient Tea Set","Bag of Marbles","Blue Candle","Torii","Du-Vu Doll","Matryoshka","Cursed Key","Lantern","Pen Nib","Happy Flower","Orichalcum","Bag of Preparation","Shuriken"],"card_choices":[{"not_picked":["Streamline","Steam Power"],"picked":"Steam","floor":1},{"not_picked":["Stack","FTL"],"picked":"Self Repair","floor":3},{"not_picked":["Cold Snap","Steam Power"],"picked":"Self Repair","floor":4},{"not_picked":["Barrage","Streamline"],"picked":"Beam Cell","floor":5},{"not_picked":["Conserve Battery","Static Discharge"],"picked":"BootSequence","floor":6},{"not_picked":["Stack","Go for the Eyes"],"picked":"Amplify","floor":8},{"not_picked":["Steam Power","Force Field"],"picked":"Redo","floor":11},{"not_picked":["Turbo","Streamline"],"picked":"Hologram","floor":14},{"not_picked":["Machine Learning","Seek"],"picked":"All For One","floor":16},{"not_picked":["Cold Snap+1","Ball Lightning"],"picked":"Sunder+1","floor":18},{"not_picked":["Rebound","Axe Kick"],"picked":"Ball Lightning","floor":19},{"not_picked":["Beam Cell","Blizzard"],"picked":"Sunder+1","floor":20},{"not_picked":["Rebound","Darkness"],"picked":"Creative AI","floor":24},{"not_picked":["Turbo","Steam"],"picked":"Coolheaded","floor":27},{"not_picked":["Turbo","Cold Snap"],"picked":"Double Energy+1","floor":29},{"not_picked":["Go for the Eyes","Steam+1"],"picked":"Storm","floor":30},{"not_picked":["Hologram+1","Streamline"],"picked":"Heatsinks","floor":31}],"player_experience":169533,"potions_floor_usage":[8,14,33],"damage_taken":[{"damage":0,"enemies":"Small Slimes","floor":1,"turns":4},{"damage":1,"enemies":"2 Louse","floor":3,"turns":3},{"damage":0,"enemies":"Cultist","floor":4,"turns":4},{"damage":10,"enemies":"Lots of Slimes","floor":5,"turns":4},{"damage":26,"enemies":"3 Sentries","floor":6,"turns":9},{"damage":18,"enemies":"Gremlin Nob","floor":8,"turns":4},{"damage":27,"enemies":"Lagavulin","floor":11,"turns":8},{"damage":0,"enemies":"Exordium Wildlife","floor":14,"turns":2},{"damage":42,"enemies":"The Guardian","floor":16,"turns":12},{"damage":1,"enemies":"Shell Parasite","floor":18,"turns":3},{"damage":0,"enemies":"3 Byrds","floor":19,"turns":3},{"damage":10,"enemies":"Centurion and Healer","floor":20,"turns":4},{"damage":22,"enemies":"Book of Stabbing","floor":24,"turns":4},{"damage":0,"enemies":"3 Cultists","floor":27,"turns":2},{"damage":13,"enemies":"Snake Plant","floor":29,"turns":3},{"damage":29,"enemies":"Gremlin Leader","floor":30,"turns":5},{"damage":0,"enemies":"Snecko","floor":31,"turns":3},{"damage":52,"enemies":"Champ","floor":33,"turns":6}],"relics_obtained":[{"floor":6,"key":"Bag of Marbles"},{"floor":8,"key":"Blue Candle"},{"floor":9,"key":"Torii"},{"floor":11,"key":"Du-Vu Doll"},{"floor":24,"key":"Happy Flower"},{"floor":26,"key":"Orichalcum"},{"floor":26,"key":"Bag of Preparation"},{"floor":30,"key":"Shuriken"}],"event_choices":[{"event_name":"Living Wall","player_choice":"Grow","floor":2,"damage_taken":0},{"event_name":"Match and Keep!","player_choice":"2 cards matched","floor":10,"damage_taken":0},{"event_name":"Addict","player_choice":"Obtained Relic","floor":21,"damage_taken":0},{"event_name":"The Mausoleum","player_choice":"Yes","floor":22,"damage_taken":0}],"boss_relics":[{"not_picked":["Calling Bell","Orrery"],"picked":"Cursed Key"}],"items_purged_floors":[],"potions_floor_spawned":[3,5,6,11,20,27],"seed_played":"-4622675241237504068","killed_by":"Champ","ascension_level":1,"potions_obtained":[{"floor":3,"key":"Dexterity Potion"},{"floor":5,"key":"SteroidPotion"},{"floor":6,"key":"Weak Potion"},{"floor":11,"key":"Explosive Potion"},{"floor":20,"key":"Fire Potion"}],"is_trial":false}