{"path_per_floor":["M","?","M","M","?","E","M","R","T","?","M","E","M","E","R","B",null,"M","$","M","?","$"],"character_chosen":"THE_SILENT","items_purchased":["Pen Nib","Thread and Needle","Deadly Poison","Bottled Tornado"],"gold_per_floor":[113,113,130,148,225,252,266,266,336,336,349,379,391,721,721,816,816,827,277,293,293,35,35],"floor_reached":23,"campfire_rested":1,"playtime":1149,"item_purchase_floors":[19,19,19,22],"current_hp_per_floor":[63,63,63,63,63,59,58,58,58,46,46,24,20,11,36,8,84,56,56,56,56,56,0],"items_purged":["Strike_G"],"gold":35,"score":278,"play_id":"6a3f9a14-40ae-4afa-9d60-fe8f7452750e","local_time":"20180524192230","is_prod":false,"is_daily":false,"chose_seed":false,"is_ascension_mode":true,"campfire_upgraded":1,"win_rate":0,"timestamp":1527182550,"campfire_choices":[{"data":"Distraction","floor":8,"key":"SMITH"},{"floor":15,"key":"REST"}],"path_taken":["M","?","?","M","?","E","M","R","T","?","M","E","M","E","R","BOSS","M","$","M","?","?","E"],"build_version":"2018-05-23v2","seed_source_timestamp":33813972285374,"purchased_purges":1,"victory":false,"master_deck":["Defend_G","Defend_G","Defend_G","Defend_G","Defend_G","Survivor","Neutralize","Storm of Steel+1","Quick Slash","Deadly Poison","All Out Attack","Caltrops","Distraction+1","Quick Slash+1","Adrenaline","Dagger Spray+1","Catalyst","Envenom","Choke+1","Deadly Poison","Dagger Throw+1","Bite+1","Bite+1","Bite+1","Bite+1","Bite+1"],"max_hp_per_floor":[70,70,70,70,70,84,84,84,84,84,84,84,84,84,84,84,84,84,84,84,58,58,58],"relics":["Ring of the Snake","Mango","Molten Egg 2","Bag of Marbles","Omamori","Old Coin","Black Star","Pen Nib","Thread and Needle","Bottled Tornado"],"card_choices":[{"not_picked":["PiercingWail","Outmaneuver"],"picked":"Quick Slash","floor":1},{"not_picked":["Acrobatics","Dagger Throw"],"picked":"Deadly Poison","floor":3},{"not_picked":["Skewer","Eviscerate"],"picked":"All Out Attack","floor":4},{"not_picked":["Heel Hook","Tactician"],"picked":"Caltrops","floor":6},{"not_picked":["Underhanded Strike","Setup"],"picked":"Distraction","floor":7},{"not_picked":["Escape Plan","Cloak And Dagger"],"picked":"Quick Slash+1","floor":11},{"not_picked":["Bane+1","Bouncing Flask"],"picked":"Adrenaline","floor":12},{"not_picked":["Deflect","Backflip"],"picked":"Dagger Spray+1","floor":13},{"not_picked":["Flechettes+1","Deadly Poison"],"picked":"Catalyst","floor":14},{"not_picked":["Phantasmal Killer","Night Terror"],"picked":"Envenom","floor":16},{"not_picked":["Acrobatics+1","Backflip+1"],"picked":"Choke+1","floor":18},{"not_picked":["Calculated Gamble+1","Caltrops"],"picked":"Dagger Throw+1","floor":20}],"player_experience":201853,"potions_floor_usage":[11,11,23,23],"damage_taken":[{"damage":7,"enemies":"Small Slimes","floor":1,"turns":2},{"damage":0,"enemies":"Cultist","floor":3,"turns":3},{"damage":0,"enemies":"2 Louse","floor":4,"turns":2},{"damage":18,"enemies":"Gremlin Nob","floor":6,"turns":3},{"damage":1,"enemies":"Red Slaver","floor":7,"turns":3},{"damage":0,"enemies":"Blue Slaver","floor":11,"turns":2},{"damage":22,"enemies":"Lagavulin","floor":12,"turns":4},{"damage":4,"enemies":"Exordium Wildlife","floor":13,"turns":2},{"damage":9,"enemies":"3 Sentries","floor":14,"turns":4},{"damage":28,"enemies":"Slime Boss","floor":16,"turns":9},{"damage":28,"enemies":"2 Thieves","floor":18,"turns":4},{"damage":0,"enemies":"Chosen","floor":20,"turns":4},{"damage":60,"enemies":"Gremlin Leader","floor":23,"turns":2}],"relics_obtained":[{"floor":6,"key":"Mango"},{"floor":9,"key":"Molten Egg 2"},{"floor":12,"key":"Omamori"},{"floor":14,"key":"Old Coin"}],"event_choices":[{"event_name":"Upgrade Shrine","player_choice":"Upgraded","floor":2,"damage_taken":0},{"event_name":"Golden Wing","player_choice":"Gained Gold","floor":5,"damage_taken":0},{"event_name":"Scrap Ooze","player_choice":"success","floor":10,"damage_taken":12},{"event_name":"Vampires","player_choice":"Became a vampire","floor":21,"damage_taken":0}],"boss_relics":[{"not_picked":["Snecko Eye","Velvet Choker"],"picked":"Black Star"}],"items_purged_floors":[19],"potions_floor_spawned":[3,6,7,11,16,18],"seed_played":"4420913325714502189","killed_by":"Gremlin Leader","ascension_level":4,"potions_obtained":[{"floor":3,"key":"SpeedPotion"},{"floor":6,"key":"Energy Potion"},{"floor":7,"key":"Ancient Potion"},{"floor":11,"key":"GhostInAJar"},{"floor":16,"key":"Energy Potion"},{"floor":18,"key":"SkillPotion"}],"is_trial":false}