{"path_per_floor":["M","?","M","?","M","R","E","M","T","M","R","E","?","$","R","B",null,"M","?","M","?","M","R","E","?","T","E","M","R","M","M","R","B",null,"M","?","M","M","?","R","E"],"character_chosen":"DEFECT","items_purchased":["Static Discharge","Swift Strike","Prayer Wheel"],"gold_per_floor":[117,292,308,308,323,323,358,369,392,409,409,443,443,19,19,114,114,114,37,0,0,0,0,0,0,0,0,0,0,0,0,0,0,0,0,0,0,0,0,0,0,0],"floor_reached":42,"campfire_rested":3,"playtime":2783,"current_hp_per_floor":[75,75,69,69,69,69,41,34,34,30,30,16,16,16,38,34,75,53,53,46,46,31,31,7,75,75,36,23,23,23,18,40,27,75,69,60,42,24,24,46,11,0],"items_purged":[],"gold":0,"score":552,"play_id":"78edc24b-ba83-40d8-9b41-b7b8c0d43cc7","local_time":"20180517175513","is_prod":false,"is_daily":false,"chose_seed":false,"is_ascension_mode":true,"campfire_upgraded":4,"timestamp":1526572513,"campfire_choices":[{"data":"Zap","floor":6,"key":"SMITH"},{"data":"Genetic Algorithm","floor":11,"key":"SMITH"},{"floor":15,"key":"REST"},{"data":"Electrodynamics","floor":23,"key":"SMITH"},{"data":"Tempest","floor":29,"key":"SMITH"},{"floor":32,"key":"REST"},{"floor":40,"key":"REST"}],"path_taken":["M","?","M","?","M","R","E","M","T","M","R","E","?","$","R","BOSS","M","?","M","?","?","R","E","?","T","E","M","R","M","M","R","BOSS","M","?","M","M","?","R","E","M"],"build_version":"2018-05-16","seed_source_timestamp":29264017352577,"purchased_purges":0,"victory":false,"master_deck":["Strike_B","Strike_B","Strike_B","Defend_B","Defend_B","Defend_B","Defend_B+1","Zap+1","Dualcast","Aggregate+1","Turbo","Go for the Eyes","Genetic Algorithm+1","Skim","Doom and Gloom","Thunder Strike","Zap","Electrodynamics+1","Static Discharge","Swift Strike","Meteor Strike","Leap","J.A.X.","Axe Kick","Steam","Conserve Battery","Doom and Gloom","Leap+1","Tempest+1","Turbo+1","Static Discharge","Loop","Amplify","Beam Cell+1","Turbo+1","Turbo","All For One","FTL+1","Ball Lightning+1","Madness","Madness","Hello World","Self Repair","Skim+1","Chill+1","Capacitor+1"],"max_hp_per_floor":[75,75,75,75,75,75,75,75,75,75,75,75,75,75,75,75,75,75,75,75,75,75,75,75,75,75,75,75,75,75,75,75,75,75,75,75,75,75,75,75,75,75],"relics":["Cracked Core","Omamori","War Paint","Vajra","Bag of Preparation","Prayer Wheel","Ectoplasm","Shuriken","Pantograph","Dream Catcher","Blood Vial","Cursed Key","Red Mask"],"card_choices":[{"not_picked":["Rebound","Skim"],"picked":"Aggregate","floor":1},{"not_picked":["Reinforced Body","Hologram"],"picked":"Turbo","floor":3},{"not_picked":["Hologram","Blizzard"],"picked":"Go for the Eyes","floor":5},{"not_picked":["Loop","Redo"],"picked":"Genetic Algorithm","floor":7},{"not_picked":["Heatsinks","Stack"],"picked":"Skim","floor":8},{"not_picked":["Steam","Skim"],"picked":"Doom and Gloom","floor":10},{"not_picked":["Amplify","Leap"],"picked":"Thunder Strike","floor":12},{"not_picked":["Biased Cognition","Buffer"],"picked":"Meteor Strike","floor":16},{"not_picked":["Coolheaded","Sweeping Beam"],"picked":"Gash+1","floor":18},{"not_picked":["Tempest","Hologram"],"picked":"Leap","floor":18},{"not_picked":["Beam Cell","Capacitor"],"picked":"Axe Kick","floor":20},{"not_picked":["Reprogram+1","Rebound"],"picked":"Steam","floor":20},{"not_picked":["Doom and Gloom","Skim+1"],"picked":"Conserve Battery","floor":22},{"not_picked":["Sweeping Beam","Streamline"],"picked":"Doom and Gloom","floor":22},{"not_picked":["Barrage","Hologram"],"picked":"Leap+1","floor":24},{"not_picked":["Steam Power+1","Go for the Eyes"],"picked":"Tempest","floor":27},{"not_picked":["Axe Kick","Melter+1"],"picked":"Turbo+1","floor":28},{"not_picked":["Axe Kick","Blizzard"],"picked":"Static Discharge","floor":28},{"not_picked":["FTL","Sweeping Beam"],"picked":"Loop","floor":30},{"not_picked":["Cold Snap","Streamline"],"picked":"Amplify","floor":30},{"not_picked":["Stack","Sweeping Beam"],"picked":"Beam Cell+1","floor":31},{"not_picked":["Stack","Conserve Battery"],"picked":"Turbo+1","floor":31},{"not_picked":["Streamline+1","Coolheaded"],"picked":"Turbo","floor":32},{"not_picked":["Biased Cognition","Amplify"],"picked":"All For One","floor":33},{"not_picked":["Steam","Capacitor+1"],"picked":"FTL+1","floor":35},{"not_picked":["Barrage","Capacitor"],"picked":"Ball Lightning+1","floor":35},{"not_picked":["Sweeping Beam","Aggregate+1"],"picked":"Hello World","floor":37},{"not_picked":["Auto Shields+1","Coolheaded"],"picked":"Self Repair","floor":37},{"not_picked":["Glacier","Auto Shields+1"],"picked":"Skim+1","floor":38},{"not_picked":["Leap+1","Cold Snap"],"picked":"Chill+1","floor":38},{"not_picked":["BootSequence","Ball Lightning"],"picked":"Capacitor+1","floor":40}],"player_experience":152354,"potions_floor_usage":[7,7,7,22,24,28,35,41,42],"damage_taken":[{"damage":0,"enemies":"2 Louse","floor":1,"turns":2},{"damage":6,"enemies":"Jaw Worm","floor":3,"turns":4},{"damage":0,"enemies":"Cultist","floor":5,"turns":3},{"damage":28,"enemies":"Gremlin Nob","floor":7,"turns":5},{"damage":7,"enemies":"Looter","floor":8,"turns":3},{"damage":4,"enemies":"Red Slaver","floor":10,"turns":4},{"damage":14,"enemies":"3 Sentries","floor":12,"turns":5},{"damage":4,"enemies":"Slime Boss","floor":16,"turns":7},{"damage":22,"enemies":"Shell Parasite","floor":18,"turns":4},{"damage":7,"enemies":"2 Thieves","floor":20,"turns":4},{"damage":15,"enemies":"Snake Plant","floor":22,"turns":5},{"damage":24,"enemies":"Slavers","floor":24,"turns":2},{"damage":39,"enemies":"Gremlin Leader","floor":27,"turns":5},{"damage":15,"enemies":"Centurion and Healer","floor":28,"turns":3},{"damage":2,"enemies":"Chosen and Byrds","floor":30,"turns":4},{"damage":7,"enemies":"Snake Plant","floor":31,"turns":3},{"damage":40,"enemies":"Automaton","floor":33,"turns":5},{"damage":6,"enemies":"Orb Walker","floor":35,"turns":3},{"damage":20,"enemies":"3 Shapes","floor":37,"turns":2},{"damage":27,"enemies":"Maw","floor":38,"turns":5},{"damage":37,"enemies":"Giant Head","floor":41,"turns":6},{"damage":13,"enemies":"3 Darklings","floor":42,"turns":2}],"relics_obtained":[{"floor":7,"key":"War Paint"},{"floor":9,"key":"Vajra"},{"floor":12,"key":"Bag of Preparation"},{"floor":24,"key":"Pantograph"},{"floor":26,"key":"Dream Catcher"},{"floor":27,"key":"Blood Vial"}],"event_choices":[{"event_name":"Liars Game","player_choice":"agreed","floor":2,"damage_taken":0},{"event_name":"Purifier","player_choice":"One Purge","floor":4,"damage_taken":0},{"event_name":"Match and Keep!","player_choice":"2 cards matched","floor":13,"damage_taken":0},{"event_name":"Drug Dealer","player_choice":"Got JAXXED","floor":19,"damage_taken":0},{"event_name":"The Mausoleum","player_choice":"Yes","floor":21,"damage_taken":0},{"event_name":"Bonfire Elementals","player_choice":"UNCOMMON","floor":25,"damage_taken":0},{"event_name":"Winding Halls","player_choice":"Embrace Madness","floor":36,"damage_taken":0},{"event_name":"Tomb of Lord Red Mask","player_choice":"Paid","floor":39,"damage_taken":0}],"boss_relics":[{"not_picked":["Velvet Choker","Inserter"],"picked":"Ectoplasm"},{"not_picked":["Sozu","Black Star"],"picked":"Cursed Key"}],"potions_floor_spawned":[3,5,12,18,27,28,33,41],"seed_played":"4486047250562541264","killed_by":"3 Darklings","ascension_level":1,"potions_obtained":[{"floor":3,"key":"EntropicBrew"},{"floor":5,"key":"Dexterity Potion"},{"floor":12,"key":"Energy Potion"},{"floor":18,"key":"Block Potion"},{"floor":27,"key":"AttackPotion"},{"floor":28,"key":"Strength Potion"},{"floor":33,"key":"Block Potion"}],"is_trial":false}