{"gold_per_floor":[110,120,137,148,167,167,194,204,204,235,235],"floor_reached":11,"playtime":675,"items_purged":[],"score":122,"play_id":"a7173859-7345-4ce4-9a68-5049ce48d9f6","local_time":"20190412071044","is_ascension_mode":true,"campfire_choices":[{"floor":6,"key":"REST"}],"neow_cost":"PERCENT_DAMAGE","seed_source_timestamp":256566906169969,"circlet_count":0,"master_deck":["Strike_B","Strike_B","Strike_B","Strike_B","Defend_B","Defend_B","Defend_B","Defend_B","Zap","Dualcast","Creative AI","Leap","Ball Lightning","Tempest","White Noise","Leap","Self Repair","Amplify+1","Steam+1"],"relics":["Cracked Core","Toxic Egg 2","Question Card","Omamori"],"potions_floor_usage":[7,8,10,10],"damage_taken":[{"damage":15,"enemies":"Cultist","floor":1,"turns":5},{"damage":1,"enemies":"Small Slimes","floor":2,"turns":3},{"damage":7,"enemies":"Jaw Worm","floor":3,"turns":3},{"damage":18,"enemies":"Exordium Wildlife","floor":4,"turns":5},{"damage":0,"enemies":"Red Slaver","floor":5,"turns":3},{"damage":16,"enemies":"Gremlin Nob","floor":7,"turns":3},{"damage":1,"enemies":"Large Slime","floor":8,"turns":4},{"damage":20,"enemies":"Lagavulin","floor":10,"turns":7},{"damage":10,"enemies":"2 Fungi Beasts","floor":11,"turns":3}],"seed_played":"-8165467110458766377","potions_obtained":[{"floor":2,"key":"FocusPotion"},{"floor":4,"key":"SneckoOil"},{"floor":5,"key":"SkillPotion"},{"floor":8,"key":"FocusPotion"}],"is_trial":false,"path_per_floor":["M","M","M","M","M","R","E","M","T","E","M"],"character_chosen":"DEFECT","items_purchased":[],"campfire_rested":1,"item_purchase_floors":[],"current_hp_per_floor":[35,34,27,9,9,31,15,21,21,8,0],"gold":235,"neow_bonus":"THREE_RARE_CARDS","is_prod":false,"is_daily":false,"chose_seed":false,"campfire_upgraded":0,"win_rate":0,"timestamp":1555078244,"path_taken":["M","M","M","M","?","R","E","M","T","E","M"],"build_version":"2019-01-23","purchased_purges":0,"victory":false,"max_hp_per_floor":[75,75,75,75,75,75,75,75,75,75,75],"card_choices":[{"not_picked":["Rainbow","Thunder Strike"],"picked":"Creative AI","floor":0},{"not_picked":["Stack","Streamline"],"picked":"Leap","floor":1},{"not_picked":["Darkness","Rebound"],"picked":"Ball Lightning","floor":2},{"not_picked":["Stack","Barrage"],"picked":"Tempest","floor":3},{"not_picked":["Ball Lightning","Reinforced Body"],"picked":"White Noise","floor":4},{"not_picked":["Coolheaded","Compile Driver"],"picked":"Leap","floor":5},{"not_picked":["Rebound","FTL"],"picked":"Self Repair","floor":7},{"not_picked":["Steam+1","Rebound"],"picked":"Amplify+1","floor":8},{"not_picked":["Streamline","Force Field+1","Core Surge"],"picked":"Steam+1","floor":10}],"player_experience":554345,"relics_obtained":[{"floor":7,"key":"Toxic Egg 2"},{"floor":9,"key":"Question Card"},{"floor":10,"key":"Omamori"}],"event_choices":[],"is_beta":false,"boss_relics":[],"items_purged_floors":[],"is_endless":false,"potions_floor_spawned":[2,4,5,8],"killed_by":"2 Fungi Beasts","ascension_level":8}