{"gold_per_floor":[114,128,139,154,166,192,192,227,252,252,267,267,283,90,90,192,192,211,211,223,250,165,165,195,195,221,221],"floor_reached":27,"playtime":2821,"items_purged":[],"score":389,"play_id":"27a8022e-5a9d-4cb9-80b2-39d0d622defb","local_time":"20180924113415","is_ascension_mode":true,"campfire_choices":[{"data":"Uppercut","floor":7.0,"key":"SMITH"},{"floor":10.0,"key":"REST"},{"data":"Perfected Strike","floor":15.0,"key":"SMITH"},{"floor":23,"key":"REST"},{"floor":25,"key":"REST"}],"neow_cost":"","seed_source_timestamp":0,"circlet_count":0,"master_deck":["Strike_R+1","Strike_R","Strike_R","Strike_R+1","Strike_R","Defend_R","Defend_R","Defend_R","Bash","AscendersBane","Rage","Infernal Blade","Uppercut+1","Perfected Strike+1","Flex","Reaper","Infernal Blade+1","True Grit+1","Armaments+1","Flex+1","Limit Break+1","Shrug It Off+1","Iron Wave+1","Shockwave+1","Sword Boomerang","Double Tap+1","Dropkick"],"special_seed":0,"relics":["Burning Blood","Dream Catcher","Toxic Egg 2","Whetstone","Black Star","Anchor","Potion Belt","Vajra","Regal Pillow","Lantern"],"potions_floor_usage":[16,16,20],"damage_taken":[{"damage":1.0,"enemies":"Cultist","floor":1.0,"turns":4.0},{"damage":6.0,"enemies":"2 Louse","floor":2.0,"turns":3.0},{"damage":3.0,"enemies":"Small Slimes","floor":3.0,"turns":3.0},{"damage":9.0,"enemies":"Blue Slaver","floor":4.0,"turns":4.0},{"damage":16.0,"enemies":"Lots of Slimes","floor":5.0,"turns":5.0},{"damage":38.0,"enemies":"Lagavulin","floor":6.0,"turns":7.0},{"damage":39.0,"enemies":"3 Sentries","floor":8.0,"turns":10.0},{"damage":3.0,"enemies":"Exordium Thugs","floor":11.0,"turns":4.0},{"damage":0.0,"enemies":"Blue Slaver","floor":13.0,"turns":1.0},{"damage":29,"enemies":"Hexaghost","floor":16,"turns":8},{"damage":22,"enemies":"Spheric Guardian","floor":18,"turns":4},{"damage":57,"enemies":"Shell Parasite","floor":20,"turns":7},{"damage":86,"enemies":"Gremlin Leader","floor":24,"turns":9},{"damage":58,"enemies":"Snecko","floor":27,"turns":5}],"seed_played":"1218914870886872226","potions_obtained":[{"floor":2.0,"key":"Strength Potion"},{"floor":4.0,"key":"Fire Potion"},{"floor":8.0,"key":"SkillPotion"},{"floor":11.0,"key":"SteroidPotion"},{"floor":13.0,"key":"Fruit Juice"},{"floor":18,"key":"FearPotion"}],"is_trial":false,"path_per_floor":["M","M","M","M","M","E","R","E","T","R","M","?","M","$","R","B",null,"M","?","M","T","?","R","E","R","T"],"character_chosen":"IRONCLAD","items_purchased":["Limit Break+1","Shrug It Off+1"],"campfire_rested":3,"item_purchase_floors":[14,14],"current_hp_per_floor":[77,77,80,77,67,35,35,10,10,34,47,47,53,53,53,48,76,60,60,16,16,16,41,7,47,47,0],"gold":221,"neow_bonus":"","is_prod":false,"is_daily":false,"chose_seed":false,"campfire_upgraded":2,"win_rate":0,"timestamp":1537781655,"path_taken":["M","M","M","M","M","E","R","E","T","R","M","?","M","?","R","BOSS","M","?","?","?","?","R","E","R","T","M"],"build_version":"2018-09-20","purchased_purges":0,"victory":false,"max_hp_per_floor":[80,80,80,80,80,80,80,80,80,80,80,80,80,80,80,85,85,85,85,85,85,85,85,85,85,85,85],"card_choices":[{"not_picked":["Perfected Strike","Power Through"],"picked":"Rage","floor":1.0},{"not_picked":["Warcry","Dual Wield"],"picked":"Infernal Blade","floor":2.0},{"not_picked":["Headbutt","Body Slam"],"picked":"Uppercut","floor":3.0},{"not_picked":["Clothesline","Clash"],"picked":"Perfected Strike","floor":4.0},{"not_picked":["Havoc","Wild Strike"],"picked":"Flex","floor":5.0},{"not_picked":["Clothesline","Shockwave"],"picked":"Reaper","floor":6.0},{"not_picked":["Flex","Bloodletting"],"picked":"Infernal Blade","floor":8.0},{"not_picked":["Cleave","Twin Strike"],"picked":"True Grit+1","floor":10.0},{"not_picked":["Body Slam","Sentinel+1"],"picked":"Armaments+1","floor":11.0},{"not_picked":["Battle Trance+1","Body Slam"],"picked":"Flex+1","floor":13.0},{"not_picked":["Cleave","Armaments+1"],"picked":"Iron Wave+1","floor":18},{"not_picked":["Anger","Armaments+1"],"picked":"Sword Boomerang","floor":20},{"not_picked":["Shrug It Off+1","Dual Wield+1"],"picked":"Double Tap+1","floor":24},{"not_picked":["Burning Pact+1","Body Slam"],"picked":"Dropkick","floor":25}],"player_experience":513975,"relics_obtained":[{"floor":6.0,"key":"Dream Catcher"},{"floor":8.0,"key":"Toxic Egg 2"},{"floor":9.0,"key":"Whetstone"},{"floor":21,"key":"Anchor"},{"floor":24,"key":"Vajra"},{"floor":24,"key":"Regal Pillow"},{"floor":26,"key":"Lantern"}],"event_choices":[{"event_name":"Purifier","player_choice":"One Purge","floor":12.0,"damage_taken":0.0},{"event_name":"The Library","player_choice":"Read","floor":19,"damage_taken":0},{"event_name":"Addict","player_choice":"Obtained Relic","floor":22,"damage_taken":0}],"is_beta":true,"boss_relics":[{"not_picked":["Astrolabe","White Beast Statue"],"picked":"Black Star"}],"items_purged_floors":[],"is_endless":false,"potions_floor_spawned":[2,4,8,11,13,18],"killed_by":"Snecko","ascension_level":12}