{"gold_per_floor":[119,136,150,163,173,199,199,233,233,249,284,73,106,121,121,223,223,243,263,282,282,282,282,316,316,616,644,644,678,689,723,723,826,826,845,845,865,865,878,904,904,934,959,978,978,1011,1011,1026,1026,1026,1026,1026,150,184,184],"floor_reached":55,"playtime":16933,"items_purged":["Strike_R"],"score":1165,"play_id":"e984a7e0-2081-4308-8680-39b0d4027e3c","local_time":"20190324095734","is_ascension_mode":true,"campfire_choices":[{"data":"Inflame","floor":7.0,"key":"SMITH"},{"data":"Armaments","floor":15.0,"key":"SMITH"},{"data":"Barricade","floor":23.0,"key":"SMITH"},{"data":"Offering","floor":25.0,"key":"SMITH"},{"data":"Demon Form","floor":28.0,"key":"SMITH"},{"data":"Evolve","floor":32.0,"key":"SMITH"},{"data":"Inflame","floor":41,"key":"SMITH"},{"data":"Inflame","floor":45,"key":"SMITH"},{"floor":47,"key":"RECALL"},{"floor":49,"key":"REST"},{"data":"Clothesline","floor":52,"key":"SMITH"}],"neow_cost":"NONE","seed_source_timestamp":0,"circlet_count":0,"master_deck":["Strike_R","Strike_R","Strike_R","Defend_R","Defend_R","Defend_R+1","Defend_R+1","Bash","Clothesline+1","Inflame+1","Pummel","Feed","Shrug It Off","Clash","Armaments+1","Cleave","Inflame+1","Pummel","Demon Form+1","Evolve+1","Barricade+1","Whirlwind","Fire Breathing+1","Thunderclap","Offering+1","Inflame+1","Flex+1","Impervious","Rupture+1","Shrug It Off","Flash of Steel","Iron Wave+1","Brutality","Iron Wave+1","Battle Trance+1","Inflame","Metamorphosis","Shrug It Off","Armaments+1"],"special_seed":0,"relics":["Burning Blood","Oddly Smooth Stone","Meat on the Bone","Mummified Hand","Darkstone Periapt","Runic Pyramid","Lantern","Old Coin","StoneCalendar","Happy Flower","Anchor","Sozu","War Paint","Strawberry","Regal Pillow","Paper Frog","Gambling Chip","Pear","Letter Opener"],"potions_floor_usage":[],"damage_taken":[{"damage":1.0,"enemies":"Cultist","floor":1.0,"turns":3.0},{"damage":0.0,"enemies":"2 Louse","floor":2.0,"turns":2.0},{"damage":2.0,"enemies":"Jaw Worm","floor":3.0,"turns":3.0},{"damage":21.0,"enemies":"Exordium Thugs","floor":4.0,"turns":6.0},{"damage":10.0,"enemies":"Lots of Slimes","floor":5.0,"turns":4.0},{"damage":34.0,"enemies":"3 Sentries","floor":6.0,"turns":8.0},{"damage":28.0,"enemies":"Gremlin Nob","floor":8.0,"turns":4.0},{"damage":14.0,"enemies":"3 Louse","floor":10.0,"turns":4.0},{"damage":19.0,"enemies":"3 Sentries","floor":11.0,"turns":5.0},{"damage":6.0,"enemies":"Gremlin Nob","floor":13.0,"turns":3.0},{"damage":14.0,"enemies":"Gremlin Gang","floor":14.0,"turns":2.0},{"damage":11.0,"enemies":"The Guardian","floor":16.0,"turns":9.0},{"damage":12.0,"enemies":"Spheric Guardian","floor":18.0,"turns":4.0},{"damage":18.0,"enemies":"2 Thieves","floor":19.0,"turns":3.0},{"damage":42.0,"enemies":"Shelled Parasite and Fungi","floor":20.0,"turns":5.0},{"damage":39.0,"enemies":"Slavers","floor":24.0,"turns":5.0},{"damage":6.0,"enemies":"Gremlin Leader","floor":27.0,"turns":9.0},{"damage":22.0,"enemies":"Slavers","floor":29.0,"turns":3.0},{"damage":0.0,"enemies":"Cultist and Chosen","floor":30.0,"turns":3.0},{"damage":33.0,"enemies":"Book of Stabbing","floor":31.0,"turns":4.0},{"damage":37.0,"enemies":"Champ","floor":33.0,"turns":9.0},{"damage":13,"enemies":"3 Shapes","floor":35,"turns":4},{"damage":5,"enemies":"Orb Walker","floor":37,"turns":4},{"damage":9,"enemies":"3 Darklings","floor":39,"turns":4},{"damage":0,"enemies":"Giant Head","floor":40,"turns":6},{"damage":59,"enemies":"Nemesis","floor":42,"turns":7},{"damage":30,"enemies":"4 Shapes","floor":44,"turns":4},{"damage":42,"enemies":"Reptomancer","floor":46,"turns":5},{"damage":0,"enemies":"Transient","floor":48,"turns":5},{"damage":35,"enemies":"Donu and Deca","floor":50,"turns":8},{"damage":33,"enemies":"Shield and Spear","floor":54,"turns":4},{"damage":152,"enemies":"The Heart","floor":55,"turns":6}],"seed_played":"-5434726410179878546","potions_obtained":[{"floor":4.0,"key":"LiquidBronze"},{"floor":5.0,"key":"Dexterity Potion"},{"floor":6.0,"key":"Energy Potion"},{"floor":13.0,"key":"Block Potion"},{"floor":14.0,"key":"EssenceOfSteel"},{"floor":16.0,"key":"Ancient Potion"},{"floor":19.0,"key":"Explosive Potion"},{"floor":20.0,"key":"FearPotion"},{"floor":24.0,"key":"EssenceOfSteel"},{"floor":30.0,"key":"Energy Potion"}],"is_trial":false,"path_per_floor":["M","M","M","M","M","E","R","E","T","M","E","$","E","M","R","B",null,"M","M","M","?","?","R","E","R","T","E","R","E","M","E","R","B",null,"M","?","M","?","M","E","R","E","T","M","R","E","R","M","R","B",null,"R","$","E","B"],"character_chosen":"IRONCLAD","items_purchased":["Inflame","Pummel","BloodPotion","Inflame","Gambling Chip","Pear","Metamorphosis","Shrug It Off"],"campfire_rested":1,"item_purchase_floors":[12,12,12,53,53,53,53,53],"current_hp_per_floor":[88,88,88,73,72,47,47,28,28,32,34,34,56,63,63,58,103,101,92,71,71,71,71,54,54,54,66,66,65,71,59,59,40,123,119,119,123,123,124,134,134,92,92,80,80,60,60,78,138,112,155,155,165,141,0],"gold":184,"neow_bonus":"TEN_PERCENT_HP_BONUS","is_prod":false,"is_daily":false,"chose_seed":false,"campfire_upgraded":9,"win_rate":0,"timestamp":1553446654,"path_taken":["M","?","M","M","?","E","R","E","T","M","E","$","E","M","R","BOSS","M","M","M","?","?","R","E","R","T","E","R","E","M","E","R","BOSS","M","?","?","?","M","E","R","E","T","M","R","E","R","M","R","BOSS","R","$","E","BOSS"],"build_version":"2019-01-23","purchased_purges":1,"victory":false,"max_hp_per_floor":[88,88,88,88,91,94,94,97,97,97,100,100,100,103,103,103,103,107,110,113,113,113,113,117,117,117,117,117,120,120,123,123,123,123,126,126,129,129,133,137,137,148,148,148,148,152,152,152,152,155,155,155,165,168,168],"card_choices":[{"not_picked":["Perfected Strike","Thunderclap"],"picked":"Clothesline","floor":1.0},{"not_picked":["Carnage","Power Through"],"picked":"Inflame","floor":2.0},{"not_picked":["Pommel Strike","Cleave"],"picked":"Pummel","floor":3.0},{"not_picked":["True Grit","Flex"],"picked":"Feed","floor":4.0},{"not_picked":["Perfected Strike","True Grit"],"picked":"Shrug It Off","floor":5.0},{"not_picked":["Sword Boomerang","Reaper"],"picked":"Clash","floor":6.0},{"not_picked":["Sword Boomerang","Shockwave"],"picked":"Armaments","floor":8.0},{"not_picked":["Iron Wave","Warcry"],"picked":"Cleave","floor":10.0},{"not_picked":["Perfected Strike","Sword Boomerang","Anger"],"picked":"SKIP","floor":11.0},{"not_picked":["Wild Strike","Havoc"],"picked":"Demon Form","floor":13.0},{"not_picked":["Armaments","Infernal Blade"],"picked":"Evolve","floor":14.0},{"not_picked":["Fiend Fire","Offering"],"picked":"Barricade","floor":16.0},{"not_picked":["Spot Weakness","Thunderclap","Headbutt"],"picked":"SKIP","floor":18.0},{"not_picked":["Bloodletting+1","Inflame"],"picked":"Whirlwind","floor":19.0},{"not_picked":["Infernal Blade","Clash"],"picked":"Fire Breathing+1","floor":20.0},{"not_picked":["Entrench","Power Through"],"picked":"Offering","floor":24.0},{"not_picked":["Immolate","Sword Boomerang","Shockwave"],"picked":"SKIP","floor":27.0},{"not_picked":["Flex+1","Clash"],"picked":"Inflame","floor":29.0},{"not_picked":["True Grit+1","Heavy Blade"],"picked":"Flex+1","floor":30.0},{"not_picked":["Immolate","Anger","Headbutt+1"],"picked":"SKIP","floor":31.0},{"not_picked":["Reaper","Offering"],"picked":"Impervious","floor":33.0},{"not_picked":["Second Wind","Sword Boomerang+1"],"picked":"Rupture","floor":35},{"not_picked":["Carnage","Uppercut+1"],"picked":"Shrug It Off","floor":37},{"not_picked":["Heavy Blade+1","Perfected Strike+1"],"picked":"Iron Wave+1","floor":39},{"not_picked":["Reckless Charge+1","Sword Boomerang"],"picked":"Brutality","floor":40},{"not_picked":["Wild Strike","Flex"],"picked":"Iron Wave+1","floor":42},{"not_picked":["Heavy Blade+1","Sentinel","Thunderclap+1"],"picked":"SKIP","floor":44},{"not_picked":["Headbutt","Heavy Blade"],"picked":"Battle Trance+1","floor":46},{"not_picked":["Barricade","Rampage+1","Anger"],"picked":"SKIP","floor":48},{"not_picked":["Body Slam+1","Havoc"],"picked":"Armaments+1","floor":54}],"player_experience":389303,"relics_obtained":[{"floor":6.0,"key":"Oddly Smooth Stone"},{"floor":8.0,"key":"Meat on the Bone"},{"floor":11.0,"key":"Mummified Hand"},{"floor":13.0,"key":"Darkstone Periapt"},{"floor":24.0,"key":"Lantern"},{"floor":26.0,"key":"Old Coin"},{"floor":27.0,"key":"StoneCalendar"},{"floor":29.0,"key":"Happy Flower"},{"floor":31.0,"key":"Anchor"},{"floor":40,"key":"War Paint"},{"floor":42,"key":"Strawberry"},{"floor":43,"key":"Regal Pillow"},{"floor":46,"key":"Paper Frog"},{"floor":54,"key":"Letter Opener"}],"event_choices":[{"damage_healed":0.0,"max_hp_gain":0.0,"max_hp_loss":0.0,"gold_gain":0.0,"event_name":"The Mausoleum","player_choice":"Ignored","floor":21.0,"gold_loss":0.0,"damage_taken":0.0},{"damage_healed":0.0,"max_hp_gain":0.0,"max_hp_loss":0.0,"gold_gain":0.0,"cards_transformed":["Strike_R"],"event_name":"Transmorgrifier","player_choice":"Transformed","floor":22.0,"gold_loss":0.0,"damage_taken":0.0,"cards_obtained":["Thunderclap"]},{"damage_healed":0,"gold_gain":0,"player_choice":"Forge","damage_taken":0,"max_hp_gain":0,"max_hp_loss":0,"event_name":"Accursed Blacksmith","floor":36,"gold_loss":0,"cards_upgraded":["Rupture"]},{"damage_healed":0,"gold_gain":0,"player_choice":"1 cards matched","damage_taken":0,"max_hp_gain":0,"max_hp_loss":0,"event_name":"Match and Keep!","floor":38,"gold_loss":0,"cards_obtained":["Flash of Steel"]}],"is_beta":false,"boss_relics":[{"not_picked":["Tiny House","Black Blood"],"picked":"Runic Pyramid"},{"not_picked":["Lizard Tail","Calling Bell"],"picked":"Sozu"}],"items_purged_floors":[53],"is_endless":false,"potions_floor_spawned":[4,5,6,13,14,16,19,20,24,30,35,44,46,54],"killed_by":"The Heart","ascension_level":4}