{"gold_per_floor":[116,116,132,51,68,95,95,95],"floor_reached":8,"playtime":230,"items_purged":[],"score":112,"play_id":"41bdd692-86a4-460a-b1bc-36429d3347d2","local_time":"20190905114454","is_ascension_mode":true,"campfire_choices":[{"data":"Footwork","floor":7.0,"key":"SMITH"}],"neow_cost":"NONE","seed_source_timestamp":0,"circlet_count":0,"master_deck":["AscendersBane","Strike_G","Strike_G","Strike_G","Strike_G","Strike_G","Defend_G","Defend_G","Defend_G","Defend_G","Defend_G","Survivor","Neutralize","Heel Hook","Malaise","Poisoned Stab","Footwork","Dagger Throw","Footwork+1"],"special_seed":0,"relics":["Ring of the Snake","NeowsBlessing","Ornamental Fan"],"potions_floor_usage":[8],"damage_taken":[{"damage":0.0,"enemies":"2 Louse","floor":1.0,"turns":1.0},{"damage":0.0,"enemies":"Cultist","floor":3.0,"turns":1.0},{"damage":0.0,"enemies":"Jaw Worm","floor":5.0,"turns":1.0},{"damage":48.0,"enemies":"Lagavulin","floor":6.0,"turns":14.0},{"damage":20,"enemies":"The Mushroom Lair","floor":8,"turns":4}],"seed_played":"8580775655504104033","potions_obtained":[{"floor":3.0,"key":"LiquidBronze"},{"floor":5.0,"key":"SkillPotion"},{"floor":6.0,"key":"SkillPotion"}],"is_trial":false,"path_per_floor":["M","?","M","$","M","E","R","?"],"character_chosen":"THE_SILENT","items_purchased":["Footwork"],"campfire_rested":0,"item_purchase_floors":[4],"current_hp_per_floor":[59,59,59,59,59,11,11,0],"gold":95,"neow_bonus":"THREE_ENEMY_KILL","is_prod":false,"is_daily":false,"chose_seed":false,"campfire_upgraded":1,"win_rate":0,"timestamp":1567676694,"path_taken":["M","?","M","$","?","E","R","?"],"build_version":"2019-07-17","purchased_purges":0,"victory":false,"max_hp_per_floor":[66,66,66,66,66,66,66,66],"card_choices":[{"not_picked":["Underhanded Strike","Deflect"],"picked":"Heel Hook","floor":1.0},{"not_picked":["Endless Agony","Underhanded Strike"],"picked":"Poisoned Stab","floor":3.0},{"not_picked":["Slice","Outmaneuver"],"picked":"Dagger Throw","floor":5.0},{"not_picked":["Doppelganger","Backflip"],"picked":"Footwork","floor":6.0}],"player_experience":2006165,"relics_obtained":[{"floor":6.0,"key":"Ornamental Fan"}],"event_choices":[{"damage_healed":0.0,"max_hp_gain":0.0,"max_hp_loss":0.0,"gold_gain":0.0,"event_name":"Match and Keep!","player_choice":"1 cards matched","floor":2.0,"gold_loss":0.0,"damage_taken":0.0,"cards_obtained":["Malaise"]},{"damage_healed":0,"gold_gain":0,"player_choice":"Fought Mushrooms","damage_taken":0,"max_hp_gain":0,"max_hp_loss":0,"event_name":"Mushrooms","floor":8,"gold_loss":0}],"is_beta":false,"boss_relics":[],"items_purged_floors":[],"is_endless":false,"potions_floor_spawned":[3,5,6],"killed_by":"The Mushroom Lair","ascension_level":20}