{"gold_per_floor":[112,15,15,15,15,15,50,68,68,118,118,134,134,162,162,234,234,214,225,225,7,22,22,22],"floor_reached":24,"playtime":786,"items_purged":["Strike_G"],"score":454,"play_id":"a182da84-cacf-4561-bd95-604a89500310","local_time":"20190327143534","is_ascension_mode":true,"campfire_choices":[{"data":"Poisoned Stab","floor":6,"key":"SMITH"},{"data":"Footwork","floor":11,"key":"SMITH"},{"data":"Skewer","floor":13,"key":"SMITH"},{"data":"Neutralize","floor":15,"key":"SMITH"},{"floor":23,"key":"REST"}],"neow_cost":"NONE","seed_source_timestamp":17944640493916,"circlet_count":0,"master_deck":["AscendersBane","Defend_G","Defend_G","Defend_G","Defend_G","Defend_G","Strike_G","Strike_G","Strike_G","Survivor","Neutralize+1","Backflip","Footwork+1","Poisoned Stab+1","PiercingWail","Skewer+1","Adrenaline","Deflect","Dagger Spray+1","Footwork","PiercingWail","Crippling Poison","Crippling Poison+1"],"relics":["Ring of the Snake","NeowsBlessing","CultistMask","Pantograph","Dream Catcher","Boot","Philosopher\u0027s Stone"],"potions_floor_usage":[16,16,24],"damage_taken":[{"damage":0,"enemies":"Small Slimes","floor":1,"turns":1},{"damage":0,"enemies":"Lagavulin","floor":7,"turns":1},{"damage":0,"enemies":"Cultist","floor":8,"turns":1},{"damage":0,"enemies":"2 Louse","floor":12,"turns":4},{"damage":37,"enemies":"Gremlin Nob","floor":14,"turns":4},{"damage":21,"enemies":"Hexaghost","floor":16,"turns":11},{"damage":11,"enemies":"2 Thieves","floor":18,"turns":4},{"damage":24,"enemies":"3 Byrds","floor":19,"turns":7},{"damage":8,"enemies":"Snake Plant","floor":22,"turns":4},{"damage":33,"enemies":"Gremlin Leader","floor":24,"turns":7}],"seed_played":"6056926771500380888","potions_obtained":[{"floor":1,"key":"Dexterity Potion"},{"floor":7,"key":"Strength Potion"},{"floor":19,"key":"GamblersBrew"}],"is_trial":false,"path_per_floor":["M","$","?","$","?","R","E","M","T","T","R","M","R","E","R","B",null,"M","M","?","$","M","R","E"],"character_chosen":"THE_SILENT","items_purchased":["Footwork","Poisoned Stab","Footwork","PiercingWail"],"campfire_rested":1,"item_purchase_floors":[2,2,21,21],"current_hp_per_floor":[59,59,59,59,59,59,59,59,59,59,59,59,59,22,22,26,56,45,21,21,21,13,32,0],"gold":22,"neow_bonus":"THREE_ENEMY_KILL","is_prod":false,"is_daily":false,"chose_seed":false,"campfire_upgraded":4,"win_rate":0,"timestamp":1553693734,"path_taken":["M","$","?","?","?","R","E","M","T","?","R","M","R","E","R","BOSS","M","M","?","$","?","R","E"],"build_version":"2019-01-23","purchased_purges":1,"victory":false,"max_hp_per_floor":[66,66,66,66,66,66,66,66,66,66,66,66,66,66,66,66,66,66,66,66,66,66,66,66],"card_choices":[{"not_picked":["Eviscerate","Flying Knee"],"picked":"Backflip","floor":1},{"not_picked":["Acrobatics","Finisher","Tools of the Trade"],"picked":"SKIP","floor":7},{"not_picked":["Slice","Blade Dance"],"picked":"PiercingWail","floor":8},{"not_picked":["Outmaneuver","Slice"],"picked":"Skewer","floor":12},{"not_picked":["Bane","Masterful Stab","Flying Knee"],"picked":"SKIP","floor":14},{"not_picked":["Grand Finale","A Thousand Cuts"],"picked":"Adrenaline","floor":16},{"not_picked":["Slice","Predator"],"picked":"Deflect","floor":18},{"not_picked":["Deflect","Choke"],"picked":"Dagger Spray+1","floor":19},{"not_picked":["Dash","Prepared"],"picked":"Crippling Poison","floor":22},{"not_picked":["Underhanded Strike+1","Skewer"],"picked":"Crippling Poison+1","floor":23}],"player_experience":1489300,"relics_obtained":[{"floor":9,"key":"Pantograph"},{"floor":10,"key":"Dream Catcher"},{"floor":14,"key":"Boot"}],"event_choices":[{"damage_healed":0,"gold_gain":0,"player_choice":"Trade","damage_taken":0,"relics_obtained":["CultistMask"],"max_hp_gain":0,"max_hp_loss":0,"event_name":"FaceTrader","floor":3,"gold_loss":0},{"damage_healed":0,"gold_gain":0,"player_choice":"Leave","damage_taken":0,"max_hp_gain":0,"max_hp_loss":0,"event_name":"The Cleric","floor":5,"gold_loss":0},{"cards_removed":["Strike_G"],"damage_healed":0,"gold_gain":0,"player_choice":"Card Removal","damage_taken":0,"max_hp_gain":0,"max_hp_loss":0,"event_name":"Wheel of Change","floor":20,"gold_loss":0}],"is_beta":false,"boss_relics":[{"not_picked":["Empty Cage","HoveringKite"],"picked":"Philosopher\u0027s Stone"}],"items_purged_floors":[21],"is_endless":false,"potions_floor_spawned":[1,7,19],"killed_by":"Gremlin Leader","ascension_level":20}