{"gold_per_floor":[360,374,76,76,148,148,177,177,204,214,233,233,253,253,253,326,326,338,338,349,86,102,102,120,120,147,185,197,236,248,288,300,384,396,419,447,478,490],"floor_reached":38,"playtime":3544,"items_purged":["Injury"],"score":803,"play_id":"493f8cde-e118-4a5b-bc35-1d045a31abd6","local_time":"20181204201330","is_ascension_mode":true,"campfire_choices":[{"data":"Uppercut","floor":6,"key":"SMITH"},{"data":"Bullet Time","floor":12,"key":"SMITH"},{"data":"Bash","floor":15,"key":"SMITH"},{"data":"After Image","floor":23,"key":"SMITH"},{"floor":25,"key":"REST"},{"data":"Inflame","floor":28,"key":"SMITH"},{"floor":30,"key":"REST"},{"floor":32,"key":"REST"}],"neow_cost":"CURSE","seed_source_timestamp":24466210504187,"circlet_count":0,"master_deck":["AscendersBane","Strike_R","Strike_R","Strike_R","Strike_R","Strike_R+1","Defend_R+1","Defend_R","Defend_R","Defend_R+1","Bash+1","Pommel Strike+1","Uppercut+1","Bullet Time+1","Streamline+1","Wild Strike+1","Rebound+1","After Image+1","Dagger Spray+1","Headbutt+1","Mind Blast+1","Hyperbeam+1","Inflame+1","Terror","HandOfGreed+1","Meteor Strike+1","Steam"],"relics":["Burning Blood","PrismaticShard","Molten Egg 2","Pen Nib","Mark of Pain","Bronze Scales","MawBank","Bag of Marbles","StoneCalendar","War Paint","Runic Cube"],"potions_floor_usage":[7,7,16,29,29],"damage_taken":[{"damage":20,"enemies":"Small Slimes","floor":1,"turns":5},{"damage":5,"enemies":"2 Louse","floor":2,"turns":3},{"damage":13,"enemies":"Lagavulin","floor":7,"turns":6},{"damage":2,"enemies":"Jaw Worm","floor":10,"turns":4},{"damage":4,"enemies":"Exordium Thugs","floor":11,"turns":4},{"damage":9,"enemies":"Exordium Wildlife","floor":13,"turns":2},{"damage":24,"enemies":"Slime Boss","floor":16,"turns":8},{"damage":10,"enemies":"Shell Parasite","floor":18,"turns":2},{"damage":0,"enemies":"Chosen","floor":20,"turns":2},{"damage":21,"enemies":"Sentry and Sphere","floor":22,"turns":3},{"damage":26,"enemies":"Cultist and Chosen","floor":24,"turns":4},{"damage":35,"enemies":"Slavers","floor":27,"turns":4},{"damage":19,"enemies":"Book of Stabbing","floor":29,"turns":3},{"damage":18,"enemies":"Gremlin Leader","floor":31,"turns":4},{"damage":17,"enemies":"Collector","floor":33,"turns":6},{"damage":3,"enemies":"Orb Walker","floor":35,"turns":2},{"damage":15,"enemies":"3 Darklings","floor":36,"turns":4},{"damage":51,"enemies":"Writhing Mass","floor":37,"turns":5}],"seed_played":"5006932309587580236","potions_obtained":[{"floor":1,"key":"Block Potion"},{"floor":2,"key":"FearPotion"},{"floor":7,"key":"BloodPotion"},{"floor":10,"key":"SkillPotion"},{"floor":13,"key":"FearPotion"},{"floor":18,"key":"Weak Potion"}],"is_trial":false,"path_per_floor":["M","M","$","?","?","R","E","?","T","M","M","R","M","?","R","B",null,"M","?","M","$","M","R","M","R","T","E","R","E","R","E","R","B",null,"M","M","M","M"],"character_chosen":"IRONCLAD","items_purchased":["PrismaticShard","Bronze Scales","Mind Blast+1"],"campfire_rested":3,"item_purchase_floors":[3,21,21],"current_hp_per_floor":[54,55,55,55,55,55,48,25,25,29,31,31,28,33,33,15,64,60,60,66,66,51,51,31,55,55,26,26,13,37,25,49,38,70,73,64,19,0],"gold":490,"neow_bonus":"TWO_FIFTY_GOLD","is_prod":false,"is_daily":false,"chose_seed":false,"campfire_upgraded":5,"win_rate":0,"timestamp":1543950810,"path_taken":["M","M","$","?","?","R","E","?","T","M","M","R","M","?","R","BOSS","M","?","M","$","M","R","M","R","T","E","R","E","R","E","R","BOSS","M","M","M","M"],"build_version":"2018-12-4","purchased_purges":1,"victory":false,"max_hp_per_floor":[75,75,75,75,75,75,75,75,75,75,75,75,75,80,80,80,80,80,80,80,80,80,80,80,80,80,80,80,80,80,80,80,80,80,80,80,80,80],"card_choices":[{"not_picked":["Evolve","True Grit"],"picked":"Pommel Strike","floor":1},{"not_picked":["Warcry","Rage"],"picked":"Uppercut","floor":2},{"not_picked":["Self Repair","Go for the Eyes"],"picked":"Bullet Time","floor":7},{"not_picked":["Steam","Flying Knee+1"],"picked":"Streamline+1","floor":10},{"not_picked":["Bloodletting","Reckless Charge+1"],"picked":"Wild Strike+1","floor":11},{"not_picked":["Heel Hook+1","Backstab+1"],"picked":"Rebound+1","floor":13},{"not_picked":["Reaper+1","Exhume"],"picked":"After Image","floor":16},{"not_picked":["Iron Wave+1","Blade Dance"],"picked":"Dagger Spray+1","floor":18},{"not_picked":["Wild Strike+1","Cleave+1","Deadly Poison"],"picked":"SKIP","floor":20},{"not_picked":["Sweeping Beam+1","Quick Slash+1","Scrape+1"],"picked":"SKIP","floor":22},{"not_picked":["Dramatic Entrance+1","Flying Knee+1"],"picked":"Hyperbeam+1","floor":24},{"not_picked":["Clash+1","Masterful Stab+1"],"picked":"Inflame","floor":27},{"not_picked":["Consume","Chaos"],"picked":"Terror","floor":29},{"not_picked":["Choke+1","Ball Lightning+1","Heatsinks"],"picked":"SKIP","floor":31},{"not_picked":["Malaise","Tools of the Trade"],"picked":"HandOfGreed+1","floor":33},{"not_picked":["Conserve Battery","Flex","Dagger Spray+1"],"picked":"SKIP","floor":35},{"not_picked":["Dagger Spray+1","Setup"],"picked":"Meteor Strike+1","floor":36},{"not_picked":["Quick Slash+1","Expertise"],"picked":"Steam","floor":37}],"player_experience":935846,"relics_obtained":[{"floor":7,"key":"Molten Egg 2"},{"floor":9,"key":"Pen Nib"},{"floor":26,"key":"MawBank"},{"floor":27,"key":"Bag of Marbles"},{"floor":29,"key":"StoneCalendar"},{"floor":31,"key":"War Paint"}],"event_choices":[{"damage_healed":0,"gold_gain":0,"player_choice":"Ignored","damage_taken":0,"max_hp_gain":0,"max_hp_loss":0,"event_name":"Liars Game","floor":4,"gold_loss":0},{"damage_healed":0,"gold_gain":72,"player_choice":"Gained Gold","damage_taken":0,"max_hp_gain":0,"max_hp_loss":0,"event_name":"Golden Wing","floor":5,"gold_loss":0},{"damage_healed":0,"gold_gain":0,"player_choice":"Entered Light","damage_taken":23,"max_hp_gain":0,"max_hp_loss":0,"event_name":"Shining Light","floor":8,"gold_loss":0,"cards_upgraded":["Pommel Strike","Strike_R"]},{"damage_healed":0,"gold_gain":0,"player_choice":"Donut","damage_taken":0,"max_hp_gain":5,"max_hp_loss":0,"event_name":"Big Fish","floor":14,"gold_loss":0},{"damage_healed":0,"gold_gain":0,"player_choice":"Read","damage_taken":0,"max_hp_gain":0,"max_hp_loss":0,"event_name":"The Library","floor":19,"gold_loss":0,"cards_obtained":["Headbutt"]}],"is_beta":true,"boss_relics":[{"not_picked":["Velvet Choker","Pandora\u0027s Box"],"picked":"Mark of Pain"},{"not_picked":["Coffee Dripper","White Beast Statue"],"picked":"Runic Cube"}],"items_purged_floors":[3],"is_endless":false,"potions_floor_spawned":[1,2,7,10,13,18,22,27],"killed_by":"4 Shapes","ascension_level":17}