{"gold_per_floor":[111,111,111,127,143,143,171,188,188,198,230,240,272,284,284,284],"floor_reached":16,"playtime":574,"items_purged":[],"score":248,"play_id":"510f98f9-27fa-4ea1-ac2b-d450414dded9","local_time":"20190316211831","is_ascension_mode":true,"campfire_choices":[{"data":"Noxious Fumes","floor":6,"key":"SMITH"},{"floor":15,"key":"REST"}],"neow_cost":"NONE","seed_source_timestamp":49263192808052,"circlet_count":0,"master_deck":["AscendersBane","Defend_G","Defend_G","Defend_G","Defend_G","Defend_G","Strike_G","Strike_G","Strike_G","Strike_G","Strike_G","Survivor","Neutralize","Die Die Die+1","Backflip","Noxious Fumes+1","Deadly Poison","Dodge and Roll","After Image","Deadly Poison","Noxious Fumes","Calculated Gamble","Backflip"],"relics":["Ring of the Snake","Lantern","Anchor","Question Card","Bottled Flame"],"potions_floor_usage":[11,13,16],"damage_taken":[{"damage":0,"enemies":"2 Louse","floor":1,"turns":4},{"damage":0,"enemies":"Cultist","floor":4,"turns":3},{"damage":0,"enemies":"Small Slimes","floor":5,"turns":3},{"damage":32,"enemies":"Lagavulin","floor":7,"turns":10},{"damage":3,"enemies":"Blue Slaver","floor":8,"turns":3},{"damage":0,"enemies":"Exordium Wildlife","floor":10,"turns":2},{"damage":15,"enemies":"3 Sentries","floor":11,"turns":4},{"damage":0,"enemies":"Lots of Slimes","floor":12,"turns":3},{"damage":8,"enemies":"Gremlin Nob","floor":13,"turns":4},{"damage":0,"enemies":"3 Louse","floor":14,"turns":1},{"damage":32,"enemies":"Slime Boss","floor":16,"turns":6}],"seed_played":"-244169509877564572","potions_obtained":[{"floor":4,"key":"GhostInAJar"},{"floor":7,"key":"PowerPotion"},{"floor":13,"key":"AttackPotion"}],"is_trial":false,"path_per_floor":["M","?","?","M","M","R","E","M","T","M","E","M","E","M","R","B"],"character_chosen":"THE_SILENT","items_purchased":[],"campfire_rested":1,"item_purchase_floors":[],"current_hp_per_floor":[59,59,59,59,59,59,27,24,24,24,9,9,1,1,20,0],"gold":284,"neow_bonus":"ONE_RANDOM_RARE_CARD","is_prod":false,"is_daily":false,"chose_seed":false,"campfire_upgraded":1,"win_rate":0,"timestamp":1552767511,"path_taken":["M","?","?","?","M","R","E","M","T","?","E","M","E","M","R","BOSS"],"build_version":"2019-01-23","purchased_purges":0,"victory":false,"max_hp_per_floor":[66,66,66,66,66,66,66,66,66,66,66,66,66,66,66,66],"card_choices":[{"not_picked":["Slice","Deflect","Prepared"],"picked":"SKIP","floor":1},{"not_picked":["Acrobatics","Dagger Spray"],"picked":"Backflip","floor":4},{"not_picked":["Slice","Backflip"],"picked":"Noxious Fumes","floor":5},{"not_picked":["Acrobatics","Sucker Punch"],"picked":"Deadly Poison","floor":7},{"not_picked":["Riddle With Holes","Quick Slash"],"picked":"Dodge and Roll","floor":8},{"not_picked":["Sucker Punch","Flying Knee"],"picked":"After Image","floor":10},{"not_picked":["Flying Knee","Leg Sweep"],"picked":"Deadly Poison","floor":11},{"not_picked":["Poisoned Stab","Deflect","Deadly Poison"],"picked":"Noxious Fumes","floor":12},{"not_picked":["Acrobatics","Slice","Sucker Punch"],"picked":"Calculated Gamble","floor":13},{"not_picked":["Underhanded Strike","Flying Knee","Tools of the Trade"],"picked":"Backflip","floor":14}],"player_experience":1428959,"relics_obtained":[{"floor":7,"key":"Lantern"},{"floor":9,"key":"Anchor"},{"floor":11,"key":"Question Card"},{"floor":13,"key":"Bottled Flame"}],"event_choices":[{"damage_healed":0,"gold_gain":0,"player_choice":"Ignored","damage_taken":0,"max_hp_gain":0,"max_hp_loss":0,"event_name":"Liars Game","floor":2,"gold_loss":0},{"damage_healed":0,"gold_gain":0,"player_choice":"Forge","damage_taken":0,"max_hp_gain":0,"max_hp_loss":0,"event_name":"Accursed Blacksmith","floor":3,"gold_loss":0,"cards_upgraded":["Die Die Die"]}],"is_beta":false,"boss_relics":[],"items_purged_floors":[],"is_endless":false,"potions_floor_spawned":[4,7,8,13],"killed_by":"Slime Boss","ascension_level":20}