{"gold_per_floor":[111,125,136,150,150,150,175,191,217,217,217,242,242,256,256,329,329,339,339,339],"floor_reached":20,"playtime":1131,"items_purged":[],"score":340,"play_id":"8f85d5e3-896f-4086-8ba7-61167fc75943","local_time":"20181031221622","is_ascension_mode":true,"campfire_choices":[{"data":"Fission","floor":6,"key":"SMITH"},{"floor":11,"key":"REST"},{"data":"Zap","floor":13,"key":"SMITH"},{"floor":15,"key":"REST"}],"neow_cost":"PERCENT_DAMAGE","seed_source_timestamp":10920479186813,"circlet_count":0,"master_deck":["Strike_B","Strike_B","Strike_B","Strike_B","Defend_B","Defend_B","Defend_B","Defend_B","Zap+1","Dualcast","AscendersBane","Secret Technique","Mind Blast","BootSequence","Sweeping Beam","Conserve Battery","Fission+1","Compile Driver","Go for the Eyes","Gash","Tempest","Creative AI","Compile Driver"],"relics":["Cracked Core","Happy Flower","Lantern","Art of War","Runic Dome","CultistMask"],"potions_floor_usage":[7,12],"damage_taken":[{"damage":0,"enemies":"Cultist","floor":1,"turns":3},{"damage":0,"enemies":"Jaw Worm","floor":2,"turns":3},{"damage":0,"enemies":"2 Louse","floor":3,"turns":3},{"damage":0,"enemies":"Red Slaver","floor":4,"turns":3},{"damage":30,"enemies":"Lagavulin","floor":7,"turns":9},{"damage":0,"enemies":"Looter","floor":8,"turns":2},{"damage":22,"enemies":"Gremlin Nob","floor":12,"turns":4},{"damage":0,"enemies":"3 Louse","floor":14,"turns":2},{"damage":28,"enemies":"The Guardian","floor":16,"turns":13},{"damage":44,"enemies":"3 Byrds","floor":18,"turns":4},{"damage":27,"enemies":"Shell Parasite","floor":20,"turns":3}],"seed_played":"247429288944581839","potions_obtained":[{"floor":3,"key":"EssenceOfSteel"},{"floor":4,"key":"SkillPotion"},{"floor":7,"key":"PowerPotion"},{"floor":14,"key":"SteroidPotion"}],"is_trial":false,"path_per_floor":["M","M","M","M","?","R","E","M","T","?","R","E","R","M","R","B",null,"M","?","M"],"character_chosen":"DEFECT","items_purchased":[],"campfire_rested":2,"item_purchase_floors":[],"current_hp_per_floor":[46,46,46,46,46,46,16,16,16,16,37,15,15,15,36,8,55,11,11,0],"gold":339,"neow_bonus":"RANDOM_COLORLESS_2","is_prod":false,"is_daily":false,"chose_seed":false,"campfire_upgraded":2,"win_rate":0,"timestamp":1541020582,"path_taken":["M","M","M","M","?","R","E","M","T","?","R","E","R","M","R","BOSS","M","?","M"],"build_version":"2018-10-30","purchased_purges":0,"victory":false,"max_hp_per_floor":[71,71,71,71,71,71,71,71,71,71,71,71,71,71,71,71,71,71,71,71],"card_choices":[{"not_picked":["Scrape","Redo"],"picked":"BootSequence","floor":1},{"not_picked":["Hello World","Coolheaded"],"picked":"Sweeping Beam","floor":2},{"not_picked":["Stack","Redo"],"picked":"Conserve Battery","floor":3},{"not_picked":["Static Discharge","Steam"],"picked":"Fission","floor":4},{"not_picked":["Go for the Eyes","Turbo"],"picked":"Compile Driver","floor":7},{"not_picked":["Leap","Storm"],"picked":"Go for the Eyes","floor":8},{"not_picked":["Sweeping Beam","Turbo"],"picked":"Gash","floor":12},{"not_picked":["Steam","Coolheaded"],"picked":"Tempest","floor":14},{"not_picked":["Machine Learning","Hyperbeam"],"picked":"Creative AI","floor":16},{"not_picked":["Turbo","Stack"],"picked":"Compile Driver","floor":18}],"player_experience":736941,"relics_obtained":[{"floor":7,"key":"Happy Flower"},{"floor":9,"key":"Lantern"},{"floor":12,"key":"Art of War"}],"event_choices":[{"damage_healed":0,"gold_gain":0,"player_choice":"Ignored","damage_taken":0,"max_hp_gain":0,"max_hp_loss":0,"event_name":"Liars Game","floor":5,"gold_loss":0},{"damage_healed":0,"gold_gain":0,"player_choice":"Ignored","damage_taken":0,"max_hp_gain":0,"max_hp_loss":0,"event_name":"Golden Wing","floor":10,"gold_loss":0},{"damage_healed":0,"gold_gain":0,"player_choice":"Trade","damage_taken":0,"relics_obtained":["CultistMask"],"max_hp_gain":0,"max_hp_loss":0,"event_name":"FaceTrader","floor":19,"gold_loss":0}],"is_beta":true,"boss_relics":[{"not_picked":["Eternal Feather","Tiny House"],"picked":"Runic Dome"}],"items_purged_floors":[],"is_endless":false,"potions_floor_spawned":[3,4,7,14],"killed_by":"Shell Parasite","ascension_level":17}