{"gold_per_floor":[16,27,27,27,37,37,37,71,71,101,115,115],"floor_reached":12,"playtime":658,"items_purged":[],"score":176,"play_id":"08ee719d-a987-42ba-9f2d-4b3d4ed6a193","local_time":"20190115204125","is_ascension_mode":true,"campfire_choices":[{"data":"Static Discharge","floor":6.0,"key":"SMITH"}],"neow_cost":"NO_GOLD","seed_source_timestamp":0,"circlet_count":0,"master_deck":["AscendersBane","Strike_B","Strike_B","Strike_B","Strike_B","Defend_B+1","Defend_B","Defend_B","Defend_B+1","Zap","Dualcast","Coolheaded","Static Discharge+1","Compile Driver","Storm","Creative AI","Conserve Battery"],"special_seed":0,"relics":["Cracked Core","Ice Cream","hubris:BallOfYels","Sundial","Strawberry"],"potions_floor_usage":[12,12],"damage_taken":[{"damage":2.0,"enemies":"Jaw Worm","floor":1.0,"turns":4.0},{"damage":8.0,"enemies":"Small Slimes","floor":2.0,"turns":5.0},{"damage":0.0,"enemies":"2 Louse","floor":5.0,"turns":3.0},{"damage":34.0,"enemies":"3 Sentries","floor":8.0,"turns":7.0},{"damage":13.0,"enemies":"Lagavulin","floor":10.0,"turns":7.0},{"damage":10.0,"enemies":"Exordium Wildlife","floor":11.0,"turns":5.0},{"damage":13,"enemies":"Lots of Slimes","floor":12,"turns":1}],"seed_played":"8696729970915422665","potions_obtained":[{"floor":5.0,"key":"SneckoOil"},{"floor":10.0,"key":"Ancient Potion"},{"floor":11.0,"key":"Fruit Juice"}],"is_trial":false,"path_per_floor":["M","M","?","?","M","R","?","E","T","E","M","M"],"character_chosen":"DEFECT","items_purchased":[],"campfire_rested":0,"item_purchase_floors":[],"current_hp_per_floor":[62,54,54,33,33,33,56,22,22,16,6,0],"gold":115,"neow_bonus":"ONE_RARE_RELIC","is_prod":false,"is_daily":false,"chose_seed":false,"campfire_upgraded":1,"win_rate":0,"timestamp":1547581285,"path_taken":["M","M","?","?","M","R","?","E","T","E","M","M"],"build_version":"2019-01-10","purchased_purges":0,"victory":false,"max_hp_per_floor":[71,71,71,71,71,71,71,71,71,78,78,83],"card_choices":[{"not_picked":["Hologram","Barrage"],"picked":"Coolheaded","floor":1.0},{"not_picked":["Reboot","Hologram"],"picked":"Static Discharge","floor":2.0},{"not_picked":["Coolheaded","Reprogram"],"picked":"Compile Driver","floor":5.0},{"not_picked":["Redo","Heatsinks"],"picked":"Storm","floor":8.0},{"not_picked":["Melter","All For One"],"picked":"Creative AI","floor":10.0},{"not_picked":["Beam Cell","Lockon"],"picked":"Conserve Battery","floor":11.0}],"player_experience":1121404,"relics_obtained":[{"floor":8.0,"key":"hubris:BallOfYels"},{"floor":9.0,"key":"Sundial"},{"floor":10.0,"key":"Strawberry"}],"event_choices":[{"damage_healed":0.0,"max_hp_gain":0.0,"max_hp_loss":0.0,"gold_gain":0.0,"event_name":"Liars Game","player_choice":"Ignored","floor":3.0,"gold_loss":0.0,"damage_taken":0.0},{"damage_healed":0.0,"max_hp_gain":0.0,"max_hp_loss":0.0,"gold_gain":0.0,"event_name":"Shining Light","player_choice":"Entered Light","floor":4.0,"gold_loss":0.0,"damage_taken":21.0,"cards_upgraded":["Defend_B","Defend_B"]},{"damage_healed":23.0,"max_hp_gain":0.0,"max_hp_loss":0.0,"gold_gain":0.0,"event_name":"Big Fish","player_choice":"Banana","floor":7.0,"gold_loss":0.0,"damage_taken":0.0}],"is_beta":false,"boss_relics":[],"items_purged_floors":[],"is_endless":false,"potions_floor_spawned":[5,10,11],"killed_by":"Lots of Slimes","ascension_level":20}