{"path_per_floor":["M","M","M","M","$","R","E","$","T","E","R","?","T","E","R","B",null,"M","?","?","?","M","R","?","R","T","R","$","?","R","M","R","B",null,"M","M","M","?","M","R","E","R","T","R","?","R","?","M","R"],"character_chosen":"THE_SILENT","items_purchased":["Mind Blast","Noxious Fumes","Transmutation"],"gold_per_floor":[114,132,142,158,71,71,99,64,87,121,121,221,271,300,300,403,403,421,401,401,401,419,419,344,344,344,344,59,59,59,70,70,172,172,187,197,208,208,219,219,252,252,252,252,252,252,252,264,264,264],"floor_reached":50,"campfire_rested":4,"playtime":2391,"current_hp_per_floor":[68,68,66,66,66,66,50,50,50,38,38,38,38,25,46,46,70,38,38,38,22,20,20,20,20,20,20,20,20,41,41,41,41,70,38,38,18,18,18,39,12,12,12,33,80,94,94,94,94,0],"items_purged":["Decay"],"gold":264,"score":697,"play_id":"af1f2041-4f4e-49a8-a363-5727c1c9e7f9","local_time":"20180515183354","is_prod":false,"is_daily":false,"chose_seed":false,"is_ascension_mode":true,"campfire_upgraded":2,"timestamp":1526402034,"path_taken":["M","M","M","M","$","R","E","$","T","E","R","?","?","E","R","BOSS","M","?","?","?","M","R","?","R","T","R","$","?","R","M","R","BOSS","M","M","M","?","M","R","E","R","T","R","?","R","?","M","R","BOSS"],"build_version":"2018-05-10","seed_source_timestamp":31898986555351,"purchased_purges":1,"victory":false,"master_deck":["Defend_G+1","Defend_G+1","Defend_G+1","Defend_G+1","Defend_G+1","Strike_G+1","Strike_G+1","Strike_G+1","Strike_G+1","Survivor","Neutralize","Footwork","Dodge and Roll","Riddle With Holes+1","Underhanded Strike","Burst","Mind Blast+1","Bouncing Flask+1","Noxious Fumes","Terror+1","Escape Plan","Night Terror","Doubt","Cloak And Dagger+1","Blur+1","A Thousand Cuts","Skewer+1","Dagger Spray","Cloak And Dagger+1","Master of Strategy+1","Reflex+1","Dodge and Roll+1","Outmaneuver+1"],"max_hp_per_floor":[70,70,70,70,70,70,70,70,70,70,70,70,70,70,70,70,70,70,70,70,70,70,70,70,70,70,70,70,70,70,70,70,70,70,70,70,70,70,70,70,70,70,70,70,80,94,94,94,94,94],"relics":["Ring of the Snake","Vajra","Lantern","Juzu Bracelet","Bag of Preparation","Pen Nib","Calling Bell","Omamori","Ornamental Fan","Shovel","Enchiridion","Bronze Scales","Toxic Egg 2","Shuriken","Happy Flower","War Paint","Philosopher\u0027s Stone","Blood Vial","Ginger","Tingsha","Mango","Peace Pipe"],"card_choices":[{"not_picked":["Setup","Cloak And Dagger"],"picked":"Footwork","floor":0},{"not_picked":["Flying Knee","Acrobatics"],"picked":"Dodge and Roll","floor":1},{"not_picked":["Well Laid Plans","Slice"],"picked":"Riddle With Holes","floor":2},{"not_picked":["Cloak And Dagger","Flying Knee"],"picked":"Underhanded Strike","floor":3},{"not_picked":["Predator","Dash"],"picked":"Burst","floor":4},{"not_picked":["Dagger Throw","PiercingWail"],"picked":"Bouncing Flask","floor":7},{"not_picked":["Escape Plan","Flying Knee"],"picked":"Terror","floor":10},{"not_picked":["Setup","Backflip"],"picked":"Escape Plan","floor":14},{"not_picked":["Doppelganger","Wraith Form v2"],"picked":"Night Terror","floor":16},{"not_picked":["Backflip","Well Laid Plans"],"picked":"Cloak And Dagger","floor":18},{"not_picked":["Deflect","Accuracy"],"picked":"Blur","floor":31},{"not_picked":["Glass Knife","Tools of the Trade"],"picked":"A Thousand Cuts","floor":33},{"not_picked":["Choke","Deflect"],"picked":"Skewer","floor":35},{"not_picked":["Dash","Sucker Punch"],"picked":"Dagger Spray","floor":36},{"not_picked":["Slice","Flying Knee"],"picked":"Cloak And Dagger","floor":37},{"not_picked":["Thinking Ahead","Madness"],"picked":"Master of Strategy","floor":38},{"not_picked":["Poisoned Stab","Dodge and Roll"],"picked":"Reflex","floor":39},{"not_picked":["Masterful Stab","All Out Attack"],"picked":"Dodge and Roll","floor":41},{"not_picked":["Leg Sweep","Eviscerate"],"picked":"Outmaneuver","floor":48}],"player_experience":95293,"potions_floor_usage":[7,31,31,35,37,41,50],"damage_taken":[{"damage":2,"enemies":"Jaw Worm","floor":1,"turns":6},{"damage":0,"enemies":"Cultist","floor":2,"turns":5},{"damage":2,"enemies":"Small Slimes","floor":3,"turns":5},{"damage":0,"enemies":"Exordium Wildlife","floor":4,"turns":3},{"damage":16,"enemies":"3 Sentries","floor":7,"turns":8},{"damage":12,"enemies":"Gremlin Nob","floor":10,"turns":4},{"damage":13,"enemies":"Lagavulin","floor":14,"turns":5},{"damage":0,"enemies":"Slime Boss","floor":16,"turns":5},{"damage":32,"enemies":"Spheric Guardian","floor":18,"turns":6},{"damage":2,"enemies":"Chosen","floor":22,"turns":3},{"damage":0,"enemies":"Centurion and Healer","floor":31,"turns":4},{"damage":0,"enemies":"Collector","floor":33,"turns":5},{"damage":32,"enemies":"3 Darklings","floor":35,"turns":4},{"damage":0,"enemies":"Orb Walker","floor":36,"turns":1},{"damage":20,"enemies":"Maw","floor":37,"turns":5},{"damage":0,"enemies":"3 Darklings","floor":39,"turns":2},{"damage":27,"enemies":"Giant Head","floor":41,"turns":6},{"damage":0,"enemies":"Sphere and 2 Shapes","floor":48,"turns":2},{"damage":94,"enemies":"Donu and Deca","floor":50,"turns":7}],"event_choices":[{"event_name":"Golden Shrine","player_choice":"Pray","floor":12,"damage_taken":0},{"event_name":"The Woman in Blue","player_choice":"Bought 1 Potion","floor":19,"damage_taken":0},{"event_name":"Back to Basics","player_choice":"Simplicity","floor":20,"damage_taken":0},{"event_name":"Cursed Tome","player_choice":"Obtained Book","floor":21,"damage_taken":0},{"event_name":"Beggar","player_choice":"Gave Gold","floor":24,"damage_taken":0},{"event_name":"Addict","player_choice":"Ignored","floor":29,"damage_taken":0},{"event_name":"SensoryStone","player_choice":"Memory 1","floor":38,"damage_taken":0},{"event_name":"Bonfire Elementals","player_choice":"RARE","floor":45,"damage_taken":0}],"boss_relics":[{"not_picked":["Runic Pyramid","Runic Dome"],"picked":"Calling Bell"},{"not_picked":["Astrolabe","Snecko Eye"],"picked":"Philosopher\u0027s Stone"}],"potions_floor_spawned":[4,16,18,31,33,35,36],"seed_played":"-8755036320522851307","killed_by":"Donu and Deca","ascension_level":3,"is_trial":false}