{"gold_per_floor":[110,185,185,202,229,229,246,257,257,289,289,303,303,334,334,334],"floor_reached":16,"playtime":459,"items_purged":[],"score":220,"play_id":"6bfab9de-07ce-4ee3-9e1b-53bc887214f4","local_time":"20190213103153","is_ascension_mode":true,"campfire_choices":[{"data":"Infinite Blades","floor":6,"key":"SMITH"},{"data":"Poisoned Stab","floor":11,"key":"SMITH"},{"floor":13,"key":"REST"},{"floor":15,"key":"REST"}],"neow_cost":"NONE","seed_source_timestamp":3214961150987,"circlet_count":0,"master_deck":["AscendersBane","Defend_G","Defend_G","Defend_G","Defend_G","Defend_G","Strike_G","Strike_G","Strike_G","Strike_G","Strike_G","Survivor","Neutralize","Poisoned Stab+1","Infinite Blades+1","Deadly Poison","Flying Knee","Deadly Poison","Predator"],"relics":["Ring of the Snake","hubris:TenFootPole","infinitespire:ShieldingShard","Anchor","Prayer Wheel"],"potions_floor_usage":[8,10,14],"damage_taken":[{"damage":0,"enemies":"2 Louse","floor":1,"turns":4},{"damage":2,"enemies":"Jaw Worm","floor":4,"turns":5},{"damage":0,"enemies":"Cultist","floor":7,"turns":3},{"damage":0,"enemies":"3 Louse","floor":8,"turns":1},{"damage":21,"enemies":"Gremlin Nob","floor":10,"turns":4},{"damage":16,"enemies":"Gremlin Gang","floor":12,"turns":5},{"damage":30,"enemies":"Lagavulin","floor":14,"turns":8},{"damage":34,"enemies":"The Guardian","floor":16,"turns":6}],"seed_played":"-7183120933617064216","potions_obtained":[{"floor":7,"key":"Explosive Potion"},{"floor":8,"key":"Strength Potion"},{"floor":10,"key":"Ancient Potion"},{"floor":12,"key":"Fruit Juice"}],"is_trial":false,"path_per_floor":["M","?","?","M","T","R","M","M","T","E","R","M","R","E","R","B"],"character_chosen":"THE_SILENT","items_purchased":[],"campfire_rested":2,"item_purchase_floors":[],"current_hp_per_floor":[59,48,53,51,51,51,51,51,51,30,30,14,35,10,32,0],"gold":334,"neow_bonus":"THREE_CARDS","is_prod":false,"is_daily":false,"chose_seed":false,"campfire_upgraded":2,"win_rate":0,"timestamp":1550050313,"path_taken":["M","?","?","M","?","R","M","?","T","E","R","M","R","E","R","BOSS"],"build_version":"2019-01-23","purchased_purges":0,"victory":false,"max_hp_per_floor":[66,66,71,71,71,71,71,71,71,71,71,71,71,76,76,76],"card_choices":[{"not_picked":["Noxious Fumes","Quick Slash"],"picked":"Poisoned Stab","floor":0},{"not_picked":["Underhanded Strike","Slice"],"picked":"Infinite Blades","floor":1},{"not_picked":["All Out Attack","Slice"],"picked":"Deadly Poison","floor":4},{"not_picked":["Sucker Punch","Blade Dance"],"picked":"Flying Knee","floor":7},{"not_picked":["Blade Dance","Cloak And Dagger"],"picked":"Deadly Poison","floor":8},{"not_picked":["Blur","Quick Slash"],"picked":"Predator","floor":10},{"not_picked":["hubris:SlightOfHand","hubris:TrickCloak","Deflect"],"picked":"SKIP","floor":12},{"not_picked":["hubris:SlightOfHand","Setup","Riddle With Holes"],"picked":"SKIP","floor":14}],"player_experience":1249812,"relics_obtained":[{"floor":5,"key":"hubris:TenFootPole"},{"floor":9,"key":"infinitespire:ShieldingShard"},{"floor":10,"key":"Anchor"},{"floor":14,"key":"Prayer Wheel"}],"event_choices":[{"damage_healed":0,"gold_gain":75,"player_choice":"Gather Gold","damage_taken":11,"max_hp_gain":0,"max_hp_loss":0,"event_name":"World of Goop","floor":2,"gold_loss":0},{"damage_healed":0,"gold_gain":0,"player_choice":"Donut","damage_taken":0,"max_hp_gain":5,"max_hp_loss":0,"event_name":"Big Fish","floor":3,"gold_loss":0}],"is_beta":false,"boss_relics":[],"items_purged_floors":[],"is_endless":false,"potions_floor_spawned":[7,8,10,12],"killed_by":"The Guardian","ascension_level":20}