{"gold_per_floor":[116,116,116,133,153,184,184,209,209,224,224,240,253,253,253,330,330,347,347,347,360,373,373,400,150,176,176,190,204,204],"floor_reached":30,"playtime":970,"items_purged":[],"score":445,"play_id":"ee194f53-ca43-4008-86f4-b852b3193593","local_time":"20180921163258","is_ascension_mode":true,"campfire_choices":[{"data":"Zap","floor":7,"key":"SMITH"},{"data":"Echo Form","floor":11,"key":"SMITH"},{"floor":15,"key":"REST"},{"data":"Dualcast","floor":23,"key":"SMITH"},{"floor":27,"key":"REST"}],"neow_cost":"PERCENT_DAMAGE","seed_source_timestamp":29751087245474,"circlet_count":0,"master_deck":["Strike_B","Strike_B","Strike_B","Defend_B","Defend_B","Defend_B","Zap+1","Dualcast+1","AscendersBane","Ball Lightning","Cold Snap","Doom and Gloom","Gash","Echo Form+1","Loop","Lockon+1","Rebound+1","All For One+1","Beam Cell+1","Turbo","Sweeping Beam+1","Rainbow","Aggregate","FTL+1","RitualDagger+1","Storm","Stack","Consume+1","Genetic Algorithm+1"],"relics":["Cracked Core","FossilizedHelix","Regal Pillow","Matryoshka","Molten Egg 2","Happy Flower","Orrery","Ancient Tea Set","Bottled Flame","StoneCalendar","Toxic Egg 2","Smiling Mask"],"potions_floor_usage":[12,13,28,30],"damage_taken":[{"damage":0,"enemies":"2 Louse","floor":1,"turns":2},{"damage":0,"enemies":"Cultist","floor":4,"turns":3},{"damage":0,"enemies":"Jaw Worm","floor":5,"turns":3},{"damage":10,"enemies":"Lagavulin","floor":6,"turns":6},{"damage":10,"enemies":"Gremlin Nob","floor":8,"turns":4},{"damage":0,"enemies":"Looter","floor":10,"turns":2},{"damage":12,"enemies":"Lots of Slimes","floor":12,"turns":2},{"damage":7,"enemies":"3 Louse","floor":13,"turns":3},{"damage":30,"enemies":"Hexaghost","floor":16,"turns":8},{"damage":6,"enemies":"Chosen","floor":18,"turns":4},{"damage":0,"enemies":"Spheric Guardian","floor":21,"turns":3},{"damage":18,"enemies":"Snecko","floor":22,"turns":4},{"damage":22,"enemies":"Slavers","floor":24,"turns":5},{"damage":30,"enemies":"Chosen and Byrds","floor":28,"turns":5},{"damage":6,"enemies":"Cultist and Chosen","floor":29,"turns":4},{"damage":7,"enemies":"3 Cultists","floor":30,"turns":3}],"seed_played":"-1619654085028815588","potions_obtained":[{"floor":4,"key":"LiquidBronze"},{"floor":6,"key":"Weak Potion"},{"floor":21,"key":"GamblersBrew"},{"floor":29,"key":"Weak Potion"}],"is_trial":false,"path_per_floor":["M","?","$","M","M","E","R","E","T","M","R","M","M","?","R","B",null,"M","T","?","M","M","R","E","$","T","R","M","M"],"character_chosen":"DEFECT","items_purchased":["Toxic Egg 2"],"campfire_rested":2,"item_purchase_floors":[25],"current_hp_per_floor":[46,46,46,46,46,36,36,26,26,26,26,14,7,7,43,13,57,51,51,45,45,27,27,5,5,5,41,11,5,0],"gold":204,"neow_bonus":"ONE_RARE_RELIC","is_prod":false,"is_daily":false,"chose_seed":false,"campfire_upgraded":3,"win_rate":0,"timestamp":1537540378,"path_taken":["M","?","?","M","M","E","R","E","T","M","R","M","?","?","R","BOSS","M","?","?","M","M","R","E","$","T","R","M","M","?"],"build_version":"2018-09-20","purchased_purges":0,"victory":false,"max_hp_per_floor":[71,71,71,71,71,71,71,71,71,71,71,71,71,71,71,71,71,71,71,71,71,71,71,71,71,71,71,71,71,71],"card_choices":[{"not_picked":["Compile Driver","Go for the Eyes"],"picked":"Ball Lightning","floor":1},{"not_picked":["Turbo","Coolheaded"],"picked":"Cold Snap","floor":4},{"not_picked":["Hologram","Reprogram"],"picked":"Doom and Gloom","floor":5},{"not_picked":["Lockon","Cold Snap"],"picked":"Gash","floor":6},{"not_picked":["Reboot","Reprogram"],"picked":"Echo Form","floor":8},{"not_picked":["Chaos","Doom and Gloom+1"],"picked":"Loop","floor":10},{"not_picked":["Compile Driver+1","Fusion"],"picked":"Lockon+1","floor":12},{"not_picked":["Reprogram","Redo"],"picked":"Rebound+1","floor":13},{"not_picked":["Fission","Core Surge+1"],"picked":"All For One+1","floor":16},{"not_picked":["Conserve Battery","Doom and Gloom+1"],"picked":"Beam Cell+1","floor":17},{"not_picked":["Hello World","Undo"],"picked":"Turbo","floor":17},{"not_picked":["Turbo","Conserve Battery"],"picked":"Sweeping Beam+1","floor":17},{"not_picked":["Stack","Streamline+1"],"picked":"Rainbow","floor":17},{"not_picked":["Cold Snap+1","Doom and Gloom+1"],"picked":"Aggregate","floor":17},{"not_picked":["Heatsinks","Double Energy"],"picked":"FTL+1","floor":18},{"not_picked":["Redo","Barrage+1"],"picked":"Storm","floor":21},{"not_picked":["Sweeping Beam+1","Recycle","Barrage+1"],"picked":"SKIP","floor":22},{"not_picked":["Turbo","Chaos"],"picked":"Stack","floor":24},{"not_picked":["Aggregate+1","Steam+1"],"picked":"Consume+1","floor":28},{"not_picked":["Reprogram+1","Heatsinks"],"picked":"Genetic Algorithm+1","floor":29}],"player_experience":474555,"relics_obtained":[{"floor":6,"key":"Regal Pillow"},{"floor":8,"key":"Matryoshka"},{"floor":9,"key":"Molten Egg 2"},{"floor":9,"key":"Happy Flower"},{"floor":19,"key":"Ancient Tea Set"},{"floor":19,"key":"Bottled Flame"},{"floor":24,"key":"StoneCalendar"},{"floor":26,"key":"Smiling Mask"}],"event_choices":[{"event_name":"Bonfire Elementals","player_choice":"BASIC","floor":2,"damage_taken":0},{"event_name":"Wheel of Change","player_choice":"Card Removal","floor":14,"damage_taken":0},{"event_name":"Nest","player_choice":"Joined the Cult","floor":20,"damage_taken":0}],"is_beta":true,"boss_relics":[{"not_picked":["Astrolabe","Busted Crown"],"picked":"Orrery"}],"items_purged_floors":[],"is_endless":false,"potions_floor_spawned":[4,6,8,21,29],"killed_by":"3 Cultists","ascension_level":14}