{"gold_per_floor":[116,135,135,152,164,193,207,232,232,232,245,245,272,292,292,393,393,410,206,206,36,36,36,36],"floor_reached":24,"playtime":1443,"items_purged":["Strike_B","Strike_B"],"score":411,"play_id":"041b5f61-ee2d-450d-83ab-e3042f5ea17b","local_time":"20190424115404","is_ascension_mode":true,"campfire_choices":[{"floor":10,"key":"REST"},{"data":"White Noise","floor":12,"key":"SMITH"},{"data":"Beam Cell","floor":15,"key":"SMITH"},{"data":"White Noise","floor":23,"key":"SMITH"}],"neow_cost":"NONE","seed_source_timestamp":905973074410265,"circlet_count":0,"master_deck":["AscendersBane","Defend_B","Defend_B","Defend_B","Defend_B","Zap+1","Dualcast","Chill","Cold Snap","FTL","Beam Cell+1","Machine Learning","White Noise+1","Compile Driver","Glacier","Loop","Stack","Reboot","White Noise+1","Loop","Ball Lightning","Self Repair"],"relics":["Cracked Core","Blue Candle","Art of War","Pear","Letter Opener","Empty Cage","Anchor"],"potions_floor_usage":[5,6,13,16],"damage_taken":[{"damage":1,"enemies":"Cultist","floor":1,"turns":3},{"damage":3,"enemies":"Small Slimes","floor":2,"turns":3},{"damage":0,"enemies":"2 Louse","floor":4,"turns":3},{"damage":10,"enemies":"Gremlin Gang","floor":5,"turns":3},{"damage":10,"enemies":"3 Sentries","floor":6,"turns":8},{"damage":9,"enemies":"Red Slaver","floor":7,"turns":2},{"damage":17,"enemies":"Lagavulin","floor":8,"turns":7},{"damage":9,"enemies":"2 Fungi Beasts","floor":11,"turns":3},{"damage":0,"enemies":"3 Sentries","floor":13,"turns":7},{"damage":0,"enemies":"Large Slime","floor":14,"turns":5},{"damage":46,"enemies":"Hexaghost","floor":16,"turns":11},{"damage":5,"enemies":"Chosen","floor":18,"turns":4},{"damage":67,"enemies":"Gremlin Leader","floor":24,"turns":7}],"seed_played":"-1871949994252270747","potions_obtained":[{"floor":2,"key":"Explosive Potion"},{"floor":4,"key":"Explosive Potion"},{"floor":6,"key":"EssenceOfSteel"},{"floor":14,"key":"Poison Potion"},{"floor":16,"key":"SpeedPotion"}],"is_trial":false,"path_per_floor":["M","M","?","M","M","E","M","E","T","R","M","R","E","M","R","B",null,"M","$","?","$","?","R","E"],"character_chosen":"DEFECT","items_purchased":["Loop","Ball Lightning","Self Repair"],"campfire_rested":1,"item_purchase_floors":[19,19,21],"current_hp_per_floor":[74,71,71,71,61,51,42,25,35,62,53,53,53,53,53,7,71,66,66,66,66,66,66,0],"gold":36,"neow_bonus":"TEN_PERCENT_HP_BONUS","is_prod":false,"is_daily":false,"chose_seed":false,"campfire_upgraded":3,"win_rate":0,"timestamp":1556132044,"path_taken":["M","M","?","M","M","E","M","E","T","R","M","R","E","M","R","BOSS","M","$","?","?","?","R","E"],"build_version":"2019-01-23","purchased_purges":2,"victory":false,"max_hp_per_floor":[82,82,82,82,82,82,82,82,92,92,92,92,92,92,92,92,92,92,92,92,92,92,92,92],"card_choices":[{"not_picked":["Rebound","Redo"],"picked":"Chill","floor":1},{"not_picked":["Turbo","Lockon"],"picked":"Cold Snap","floor":2},{"not_picked":["Rebound","Static Discharge"],"picked":"FTL","floor":4},{"not_picked":["Consume","Leap"],"picked":"Beam Cell","floor":5},{"not_picked":["Steam Power","Cold Snap"],"picked":"Machine Learning","floor":6},{"not_picked":["Cold Snap","Redo"],"picked":"White Noise","floor":7},{"not_picked":["Conserve Battery","Sweeping Beam"],"picked":"Compile Driver","floor":8},{"not_picked":["Coolheaded","Cold Snap"],"picked":"Glacier","floor":11},{"not_picked":["Gash","Aggregate"],"picked":"Loop","floor":13},{"not_picked":["Fission","Cold Snap"],"picked":"Stack","floor":14},{"not_picked":["Hyperbeam","Fission"],"picked":"Reboot","floor":16},{"not_picked":["Hologram","Melter"],"picked":"White Noise","floor":18}],"player_experience":612279,"relics_obtained":[{"floor":6,"key":"Blue Candle"},{"floor":8,"key":"Art of War"},{"floor":9,"key":"Pear"},{"floor":13,"key":"Letter Opener"}],"event_choices":[{"damage_healed":0,"gold_gain":0,"player_choice":"Grow","damage_taken":0,"max_hp_gain":0,"max_hp_loss":0,"event_name":"Living Wall","floor":3,"gold_loss":0,"cards_upgraded":["Zap"]},{"damage_healed":0,"gold_gain":0,"player_choice":"Gave Potion","damage_taken":0,"relics_obtained":["Anchor"],"max_hp_gain":0,"max_hp_loss":0,"event_name":"WeMeetAgain","floor":20,"gold_loss":0}],"is_beta":false,"boss_relics":[{"not_picked":["Orrery","Snecko Eye"],"picked":"Empty Cage"}],"items_purged_floors":[19,21],"is_endless":false,"potions_floor_spawned":[2,4,6,14,16],"killed_by":"Gremlin Leader","ascension_level":12}