{"path_per_floor":["M","M","M","M","$","E","R","E","T","?","E","M","R","M","R","B",null,"M","M","M","$","M","R"],"character_chosen":"THE_SILENT","items_purchased":["Infinite Blades","Mercury Hourglass"],"gold_per_floor":[113,124,140,160,123,155,155,188,188,188,215,233,233,248,248,348,348,368,387,400,204,219,219,219],"floor_reached":24,"campfire_rested":2,"playtime":1426,"current_hp_per_floor":[70,69,69,62,62,46,46,42,42,42,34,31,31,23,44,23,70,52,52,13,13,8,29,0],"items_purged":[],"gold":219,"score":242,"play_id":"9f4458bf-270b-427b-9dc2-d70d0487cbd2","local_time":"20180515162244","is_prod":false,"is_daily":false,"chose_seed":false,"is_ascension_mode":true,"campfire_upgraded":2,"timestamp":1526394164,"path_taken":["M","M","M","M","$","E","R","E","T","?","E","M","R","M","R","BOSS","M","M","?","$","M","R","E"],"build_version":"2018-05-10","seed_source_timestamp":24991573741224,"purchased_purges":0,"victory":false,"master_deck":["Defend_G","Defend_G","Defend_G","Defend_G","Strike_G","Strike_G","Strike_G","Strike_G","Strike_G","Survivor","Neutralize","Backstab","Quick Slash","Deadly Poison","Bouncing Flask","Infinite Blades+1","Dagger Spray","Blade Dance","Sucker Punch","Infinite Blades+1","Escape Plan","Noxious Fumes","Glass Knife","Dagger Spray","Flying Knee+1","Concentrate","Dodge and Roll+1"],"max_hp_per_floor":[70,70,70,70,70,70,70,70,70,70,70,70,70,70,70,70,70,70,70,70,70,70,70,70],"relics":["Ring of the Snake","Lantern","Centennial Puzzle","The Courier","Bottled Lightning","Omamori","Black Star","Mercury Hourglass"],"card_choices":[{"not_picked":["Bane","Calculated Gamble"],"picked":"Backstab","floor":1},{"not_picked":["Sucker Punch","PiercingWail"],"picked":"Quick Slash","floor":2},{"not_picked":["PiercingWail","Setup"],"picked":"Deadly Poison","floor":3},{"not_picked":["Reflex","Underhanded Strike"],"picked":"Bouncing Flask","floor":4},{"not_picked":["Masterful Stab","Crippling Poison"],"picked":"Dagger Spray","floor":6},{"not_picked":["Deflect","Acrobatics"],"picked":"Blade Dance","floor":8},{"not_picked":["Caltrops","Calculated Gamble"],"picked":"Infinite Blades","floor":11},{"not_picked":["Acrobatics","Sucker Punch"],"picked":"Escape Plan","floor":12},{"not_picked":["Terror","Bane"],"picked":"Noxious Fumes","floor":14},{"not_picked":["Night Terror","Tactician"],"picked":"Glass Knife","floor":16},{"not_picked":["Dodge and Roll","Cloak And Dagger"],"picked":"Dagger Spray","floor":18},{"not_picked":["Cloak And Dagger","Quick Slash"],"picked":"Flying Knee","floor":19},{"not_picked":["Dodge and Roll","Deflect"],"picked":"Concentrate","floor":20},{"not_picked":["Dagger Throw","Sucker Punch"],"picked":"Dodge and Roll","floor":22}],"player_experience":89431,"potions_floor_usage":[6,6,11,16,18,20,24,24],"damage_taken":[{"damage":0,"enemies":"Small Slimes","floor":1,"turns":4},{"damage":1,"enemies":"Cultist","floor":2,"turns":4},{"damage":0,"enemies":"Jaw Worm","floor":3,"turns":2},{"damage":7,"enemies":"Gremlin Gang","floor":4,"turns":5},{"damage":16,"enemies":"Lagavulin","floor":6,"turns":5},{"damage":4,"enemies":"Gremlin Nob","floor":8,"turns":3},{"damage":8,"enemies":"3 Sentries","floor":11,"turns":3},{"damage":3,"enemies":"Looter","floor":12,"turns":2},{"damage":8,"enemies":"Exordium Thugs","floor":14,"turns":3},{"damage":21,"enemies":"Hexaghost","floor":16,"turns":7},{"damage":18,"enemies":"3 Byrds","floor":18,"turns":3},{"damage":0,"enemies":"Chosen","floor":19,"turns":3},{"damage":39,"enemies":"Snake Plant","floor":20,"turns":4},{"damage":5,"enemies":"Cultist and Chosen","floor":22,"turns":4},{"damage":30,"enemies":"Gremlin Leader","floor":24,"turns":4}],"event_choices":[{"event_name":"Transmorgrifier","player_choice":"Transform","floor":10,"damage_taken":0}],"boss_relics":[{"not_picked":["Tiny House","White Beast Statue"],"picked":"Black Star"}],"potions_floor_spawned":[1,2,4,12,14,16,19,20],"seed_played":"-6335683709139700879","killed_by":"Gremlin Leader","ascension_level":2,"is_trial":false}