{"gold_per_floor":[111,125,125,125,143,143,170,188,213,242,258,258,89,138,138,138],"floor_reached":16,"playtime":1682,"items_purged":["Strike_G"],"score":220,"play_id":"070c401d-1d45-43c8-ac89-ef3b8b065344","local_time":"20190330000046","is_ascension_mode":true,"campfire_choices":[{"data":"Poisoned Stab","floor":6,"key":"SMITH"},{"floor":12,"key":"REST"},{"data":"Dagger Spray","floor":15,"key":"SMITH"}],"neow_cost":"NONE","seed_source_timestamp":56245574646529,"circlet_count":0,"master_deck":["AscendersBane","Defend_G","Defend_G","Defend_G","Defend_G","Strike_G","Strike_G","Strike_G","Survivor","Neutralize","Poisoned Stab+1","PiercingWail","Well Laid Plans","Backstab","Poisoned Stab","Deadly Poison","Dagger Spray+1","Caltrops"],"relics":["Ring of the Snake","Bag of Preparation","Art of War","Ancient Tea Set","Bag of Marbles"],"potions_floor_usage":[1,7,11,11,16],"damage_taken":[{"damage":4,"enemies":"Cultist","floor":1,"turns":5},{"damage":0,"enemies":"Small Slimes","floor":2,"turns":5},{"damage":0,"enemies":"2 Louse","floor":5,"turns":3},{"damage":24,"enemies":"Gremlin Nob","floor":7,"turns":4},{"damage":0,"enemies":"Looter","floor":8,"turns":3},{"damage":22,"enemies":"Lagavulin","floor":10,"turns":7},{"damage":0,"enemies":"Large Slime","floor":11,"turns":5},{"damage":27,"enemies":"Slime Boss","floor":16,"turns":8}],"seed_played":"6229078364205354300","potions_obtained":[{"floor":0,"key":"Strength Potion"},{"floor":0,"key":"Explosive Potion"},{"floor":1,"key":"Ancient Potion"},{"floor":2,"key":"EssenceOfSteel"},{"floor":5,"key":"GhostInAJar"},{"floor":10,"key":"Fire Potion"}],"is_trial":false,"path_per_floor":["M","M","?","?","M","R","E","M","T","E","M","R","$","T","R","B"],"character_chosen":"THE_SILENT","items_purchased":["FearPotion","Caltrops"],"campfire_rested":1,"item_purchase_floors":[13,13],"current_hp_per_floor":[55,55,48,48,48,48,24,24,24,2,2,21,21,21,21,0],"gold":138,"neow_bonus":"THREE_SMALL_POTIONS","is_prod":false,"is_daily":false,"chose_seed":false,"campfire_upgraded":2,"win_rate":0,"timestamp":1553900446,"path_taken":["M","?","?","?","M","R","E","?","T","E","M","R","$","?","R","BOSS"],"build_version":"2019-01-23","purchased_purges":1,"victory":false,"max_hp_per_floor":[66,66,66,66,66,66,66,66,66,66,66,66,66,66,66,66],"card_choices":[{"not_picked":["Dagger Spray","Footwork"],"picked":"Poisoned Stab","floor":1},{"not_picked":["Backflip","Prepared"],"picked":"PiercingWail","floor":2},{"not_picked":["Poisoned Stab","Venomology"],"picked":"Well Laid Plans","floor":5},{"not_picked":["PiercingWail","Deadly Poison"],"picked":"Backstab","floor":7},{"not_picked":["Sucker Punch","Cloak And Dagger"],"picked":"Poisoned Stab","floor":8},{"not_picked":["Unload","Acrobatics"],"picked":"Deadly Poison","floor":10},{"not_picked":["PiercingWail","Deflect"],"picked":"Dagger Spray","floor":11}],"player_experience":1506371,"relics_obtained":[{"floor":7,"key":"Bag of Preparation"},{"floor":9,"key":"Art of War"},{"floor":10,"key":"Ancient Tea Set"},{"floor":14,"key":"Bag of Marbles"}],"event_choices":[{"cards_removed":["Strike_G"],"damage_healed":0,"gold_gain":0,"player_choice":"Card Removal","damage_taken":7,"max_hp_gain":0,"max_hp_loss":0,"event_name":"Golden Wing","floor":3,"gold_loss":0},{"cards_removed":["Defend_G"],"damage_healed":0,"gold_gain":0,"player_choice":"Purged","damage_taken":0,"max_hp_gain":0,"max_hp_loss":0,"event_name":"Purifier","floor":4,"gold_loss":0}],"is_beta":false,"boss_relics":[],"items_purged_floors":[13],"is_endless":false,"potions_floor_spawned":[1,2,5,10],"killed_by":"Slime Boss","ascension_level":20}