{"gold_per_floor":[113,130,280,105,105,138,155,155,155,183,183,199,213,138,138,215,215,235,160,178,178],"floor_reached":21,"playtime":578,"items_purged":["Doubt"],"score":428,"play_id":"a0b7854c-8975-4854-9522-3535c9347235","local_time":"20190403174950","is_ascension_mode":true,"campfire_choices":[{"data":"Inflame","floor":8,"key":"SMITH"},{"data":"Bash","floor":11,"key":"SMITH"},{"data":"Spot Weakness","floor":15,"key":"SMITH"}],"neow_cost":"NONE","seed_source_timestamp":28964731174443,"circlet_count":0,"master_deck":["AscendersBane","Strike_R","Strike_R","Defend_R","Defend_R","Defend_R","Defend_R","Bash+1","Cleave","Infernal Blade","Inflame+1","Battle Trance","Shrug It Off","Spot Weakness+1","Infernal Blade","Spot Weakness","Corruption","Limit Break","Feel No Pain","Armaments","Heavy Blade"],"relics":["Burning Blood","NeowsBlessing","Kunai","Gremlin Horn","Bag of Preparation","Sozu"],"potions_floor_usage":[],"damage_taken":[{"damage":0,"enemies":"2 Louse","floor":1,"turns":1},{"damage":0,"enemies":"Small Slimes","floor":2,"turns":1},{"damage":0,"enemies":"3 Sentries","floor":6,"turns":1},{"damage":0,"enemies":"Cultist","floor":7,"turns":3},{"damage":22,"enemies":"Lagavulin","floor":10,"turns":7},{"damage":14,"enemies":"Looter","floor":12,"turns":3},{"damage":0,"enemies":"3 Louse","floor":13,"turns":2},{"damage":24,"enemies":"Slime Boss","floor":16,"turns":8},{"damage":23,"enemies":"Shell Parasite","floor":18,"turns":4},{"damage":24,"enemies":"3 Byrds","floor":20,"turns":4},{"damage":36,"enemies":"Snake Plant","floor":21,"turns":3}],"seed_played":"8288439941037625539","potions_obtained":[{"floor":2,"key":"SteroidPotion"}],"is_trial":false,"path_per_floor":["M","M","?","$","?","E","M","R","T","E","R","M","M","?","R","B",null,"M","?","M","M"],"character_chosen":"IRONCLAD","items_purchased":["Inflame","PowerPotion"],"campfire_rested":0,"item_purchase_floors":[4,4],"current_hp_per_floor":[74,75,75,75,75,75,75,75,75,59,59,51,57,57,57,39,66,49,49,31,0],"gold":178,"neow_bonus":"THREE_ENEMY_KILL","is_prod":false,"is_daily":false,"chose_seed":false,"campfire_upgraded":3,"win_rate":0,"timestamp":1554306590,"path_taken":["M","M","?","$","?","E","M","R","T","E","R","M","?","?","R","BOSS","M","?","M","M"],"build_version":"2019-01-23","purchased_purges":1,"victory":false,"max_hp_per_floor":[75,75,75,75,75,75,75,75,75,75,75,75,75,75,75,75,75,75,75,75,75],"card_choices":[{"not_picked":["Clash","Wild Strike"],"picked":"Cleave","floor":1},{"not_picked":["Rupture","Cleave"],"picked":"Infernal Blade","floor":2},{"not_picked":["Feel No Pain","Brutality"],"picked":"Shrug It Off","floor":6},{"not_picked":["Searing Blow","Feel No Pain"],"picked":"Spot Weakness","floor":7},{"not_picked":["Bloodletting","Warcry"],"picked":"Infernal Blade","floor":10},{"not_picked":["Body Slam","Clash"],"picked":"Spot Weakness","floor":12},{"not_picked":["Inflame","Fire Breathing"],"picked":"Corruption","floor":13},{"not_picked":["Impervious","Exhume"],"picked":"Limit Break","floor":16},{"not_picked":["Armaments","Iron Wave","Flex"],"picked":"SKIP","floor":18},{"not_picked":["Rage","Intimidate"],"picked":"Heavy Blade","floor":20}],"player_experience":1535286,"relics_obtained":[{"floor":6,"key":"Kunai"},{"floor":9,"key":"Gremlin Horn"},{"floor":10,"key":"Bag of Preparation"}],"event_choices":[{"damage_healed":0,"gold_gain":150,"player_choice":"AGREE","damage_taken":0,"max_hp_gain":0,"max_hp_loss":0,"event_name":"Liars Game","floor":3,"gold_loss":0,"cards_obtained":["Doubt"]},{"damage_healed":0,"gold_gain":0,"player_choice":"1 cards matched","damage_taken":0,"max_hp_gain":0,"max_hp_loss":0,"event_name":"Match and Keep!","floor":5,"gold_loss":0,"cards_obtained":["Battle Trance"]},{"cards_removed":["Strike_R"],"damage_healed":0,"gold_gain":0,"player_choice":"Card Removal","damage_taken":0,"max_hp_gain":0,"max_hp_loss":0,"event_name":"The Cleric","floor":14,"gold_loss":75},{"damage_healed":0,"gold_gain":0,"cards_transformed":["Strike_R","Strike_R"],"player_choice":"Transformed Cards","damage_taken":0,"max_hp_gain":0,"max_hp_loss":0,"event_name":"Designer","floor":19,"gold_loss":75,"cards_obtained":["Feel No Pain","Armaments"]}],"is_beta":false,"boss_relics":[{"not_picked":["Busted Crown","Mark of Pain"],"picked":"Sozu"}],"items_purged_floors":[4],"is_endless":false,"potions_floor_spawned":[2,6,7,13],"killed_by":"Snake Plant","ascension_level":20}