{"gold_per_floor":[114,128,143,68,68,95,95,128,128,128,93,93,93,126,126,126],"floor_reached":16,"playtime":385,"items_purged":["Writhe"],"score":232,"play_id":"21eaed85-c3aa-4f15-83aa-4d0bdbd51234","local_time":"20190313223343","is_ascension_mode":true,"campfire_choices":[{"floor":7,"key":"REST"},{"floor":10,"key":"REST"},{"data":"Zap","floor":15,"key":"SMITH"}],"neow_cost":"CURSE","seed_source_timestamp":46895125731013,"circlet_count":0,"master_deck":["AscendersBane","Strike_B","Strike_B","Strike_B","Strike_B","Defend_B","Defend_B","Defend_B","Defend_B","Zap+1","Dualcast","Hyperbeam","Loop","Ball Lightning","Glacier","Ball Lightning","Seek","Gash","Biased Cognition+1"],"relics":["Cracked Core","The Courier","Dream Catcher","Frozen Egg 2","hubris:Reverence","hubris:MobiusCoin","hubris:DisguiseKit"],"potions_floor_usage":[],"damage_taken":[{"damage":1,"enemies":"Cultist","floor":1,"turns":3},{"damage":1,"enemies":"2 Louse","floor":2,"turns":2},{"damage":12,"enemies":"Jaw Worm","floor":3,"turns":2},{"damage":36,"enemies":"Gremlin Nob","floor":6,"turns":5},{"damage":23,"enemies":"Lagavulin","floor":8,"turns":9},{"damage":6,"enemies":"3 Sentries","floor":14,"turns":4},{"damage":49,"enemies":"Hexaghost","floor":16,"turns":9}],"seed_played":"8061244841890832382","potions_obtained":[{"floor":6,"key":"FearPotion"},{"floor":14,"key":"FearPotion"}],"is_trial":false,"path_per_floor":["M","M","M","$","?","E","R","E","T","R","?","T","?","E","R","B"],"character_chosen":"DEFECT","items_purchased":[],"campfire_rested":2,"item_purchase_floors":[],"current_hp_per_floor":[63,62,50,50,50,14,35,12,12,33,50,50,50,44,44,0],"gold":126,"neow_bonus":"THREE_RARE_CARDS","is_prod":false,"is_daily":false,"chose_seed":false,"campfire_upgraded":1,"win_rate":0,"timestamp":1552512823,"path_taken":["M","M","M","$","?","E","R","E","T","R","?","?","?","E","R","BOSS"],"build_version":"2019-01-23","purchased_purges":1,"victory":false,"max_hp_per_floor":[71,71,71,71,71,71,71,71,71,71,71,71,71,71,71,71],"card_choices":[{"not_picked":["Seek","Fission"],"picked":"Hyperbeam","floor":0},{"not_picked":["Static Discharge","Compile Driver"],"picked":"Loop","floor":1},{"not_picked":["Static Discharge","Rebound"],"picked":"Ball Lightning","floor":2},{"not_picked":["Darkness","Reprogram"],"picked":"Glacier","floor":3},{"not_picked":["Streamline","Steam"],"picked":"Ball Lightning","floor":6},{"not_picked":["Rebound","Steam"],"picked":"Seek","floor":8},{"not_picked":["Force Field","Steam Power"],"picked":"Gash","floor":10},{"not_picked":["Fission","Recycle"],"picked":"Biased Cognition+1","floor":14}],"player_experience":1411064,"relics_obtained":[{"floor":6,"key":"The Courier"},{"floor":8,"key":"Dream Catcher"},{"floor":9,"key":"Frozen Egg 2"},{"floor":12,"key":"hubris:Reverence"},{"floor":13,"key":"hubris:MobiusCoin"},{"floor":14,"key":"hubris:DisguiseKit"}],"event_choices":[{"damage_healed":0,"gold_gain":0,"player_choice":"Ignored","damage_taken":0,"max_hp_gain":0,"max_hp_loss":0,"event_name":"Liars Game","floor":5,"gold_loss":0},{"damage_healed":17,"gold_gain":0,"player_choice":"Healed","damage_taken":0,"max_hp_gain":0,"max_hp_loss":0,"event_name":"The Cleric","floor":11,"gold_loss":35}],"is_beta":false,"boss_relics":[],"items_purged_floors":[4],"is_endless":false,"potions_floor_spawned":[6,14],"killed_by":"Hexaghost","ascension_level":20}