{"gold_per_floor":[13,30,30,48,63,63,88,88,112,112,112,112,132,161,161,235,235,251,251,251],"floor_reached":20,"playtime":7936,"items_purged":[],"score":522,"play_id":"7a9f17c2-5da4-4991-b20e-d2d1ed4a54c3","local_time":"20181108154333","is_ascension_mode":true,"campfire_choices":[{"data":"Blind","floor":6,"key":"SMITH"},{"data":"Darkness","floor":12,"key":"SMITH"},{"floor":15,"key":"REST"}],"neow_cost":"NO_GOLD","seed_source_timestamp":0,"circlet_count":0,"master_deck":["AscendersBane","Strike_B","Strike_B","Strike_B","Defend_B","Defend_B","Defend_B","Defend_B","Zap","Dualcast","Blind+1","Panacea","Auto Shields","Sweeping Beam","Ball Lightning","Gash","Darkness+1","Gash","Steam","Echo Form+1","Self Repair+1","Writhe"],"special_seed":0,"relics":["Cracked Core","GremlinMask","Blood Vial","Potion Belt","Frozen Egg 2","Juzu Bracelet","Fusion Hammer","Oddly Smooth Stone"],"potions_floor_usage":[7,14,16],"damage_taken":[{"damage":0,"enemies":"2 Louse","floor":1,"turns":2},{"damage":0,"enemies":"Cultist","floor":2,"turns":4},{"damage":7,"enemies":"Jaw Worm","floor":4,"turns":5},{"damage":5,"enemies":"Looter","floor":5,"turns":4},{"damage":20,"enemies":"3 Sentries","floor":7,"turns":6},{"damage":14,"enemies":"Red Slaver","floor":13,"turns":4},{"damage":15,"enemies":"Gremlin Nob","floor":14,"turns":4},{"damage":19,"enemies":"Hexaghost","floor":16,"turns":10},{"damage":39,"enemies":"Spheric Guardian","floor":18,"turns":7},{"damage":31,"enemies":"3 Byrds","floor":20,"turns":3}],"seed_played":"-7655452653530467387","potions_obtained":[{"floor":1,"key":"Block Potion"},{"floor":5,"key":"Poison Potion"},{"floor":7,"key":"SpeedPotion"}],"is_trial":false,"path_per_floor":["M","M","?","M","M","R","E","?","T","?","T","R","M","E","R","B",null,"M","?","M"],"character_chosen":"DEFECT","items_purchased":[],"campfire_rested":1,"item_purchase_floors":[],"current_hp_per_floor":[64,64,64,57,52,52,32,37,37,30,30,30,18,5,27,10,60,23,23,0],"gold":251,"neow_bonus":"RANDOM_COLORLESS_2","is_prod":false,"is_daily":false,"chose_seed":false,"campfire_upgraded":2,"win_rate":0,"timestamp":1541688213,"path_taken":["M","M","?","?","M","R","E","?","T","?","?","R","M","E","R","BOSS","M","?","M"],"build_version":"2018-11-07","purchased_purges":0,"victory":false,"max_hp_per_floor":[71,71,71,71,71,71,71,76,76,76,76,76,76,76,76,76,76,76,76,76],"card_choices":[{"not_picked":["Steam","Cold Snap"],"picked":"Auto Shields","floor":1},{"not_picked":["Compile Driver","Leap"],"picked":"Sweeping Beam","floor":2},{"not_picked":["Barrage","Chaos"],"picked":"Ball Lightning","floor":4},{"not_picked":["Beam Cell","Barrage"],"picked":"Gash","floor":5},{"not_picked":["Redo","Reinforced Body"],"picked":"Darkness","floor":7},{"not_picked":["Doom and Gloom","Recycle"],"picked":"Gash","floor":13},{"not_picked":["Leap","Rainbow"],"picked":"Steam","floor":14},{"not_picked":["Reboot","Electrodynamics+1"],"picked":"Echo Form+1","floor":16},{"not_picked":["FTL","Coolheaded"],"picked":"Self Repair+1","floor":18}],"player_experience":770249,"relics_obtained":[{"floor":7,"key":"Blood Vial"},{"floor":9,"key":"Potion Belt"},{"floor":11,"key":"Frozen Egg 2"},{"floor":14,"key":"Juzu Bracelet"}],"event_choices":[{"damage_healed":0,"gold_gain":0,"player_choice":"Trade","damage_taken":0,"relics_obtained":["GremlinMask"],"max_hp_gain":0,"max_hp_loss":0,"event_name":"FaceTrader","floor":3,"gold_loss":0},{"damage_healed":0,"gold_gain":0,"player_choice":"Donut","damage_taken":0,"max_hp_gain":5,"max_hp_loss":0,"event_name":"Big Fish","floor":8,"gold_loss":0},{"cards_removed":["Strike_B"],"damage_healed":0,"gold_gain":0,"player_choice":"Card Removal","damage_taken":7,"max_hp_gain":0,"max_hp_loss":0,"event_name":"Golden Wing","floor":10,"gold_loss":0},{"damage_healed":0,"gold_gain":0,"player_choice":"Opened","damage_taken":0,"relics_obtained":["Oddly Smooth Stone"],"max_hp_gain":0,"max_hp_loss":0,"event_name":"The Mausoleum","floor":19,"gold_loss":0,"cards_obtained":["Writhe"]}],"is_beta":true,"boss_relics":[{"not_picked":["FrozenCore","Snecko Eye"],"picked":"Fusion Hammer"}],"items_purged_floors":[],"is_endless":false,"potions_floor_spawned":[1,5,7],"killed_by":"3 Byrds","ascension_level":17}