{"gold_per_floor":[219,239,514,302,312,339,339,355,355],"floor_reached":9,"playtime":244,"items_purged":["Regret"],"score":88,"play_id":"2047cb14-cfc8-4cbb-965b-b014611ceca3","local_time":"20190116232929","is_ascension_mode":false,"campfire_choices":[{"data":"Armaments","floor":7.0,"key":"SMITH"}],"neow_cost":"NONE","seed_source_timestamp":0,"circlet_count":0,"master_deck":["Strike_R","Strike_R","Strike_R","Strike_R","Strike_R","Defend_R","Defend_R","Defend_R","Defend_R","Bash","Rage","Hemokinesis","Flame Barrier","Armaments+1","Entrench","Iron Wave","Feel No Pain"],"special_seed":0,"relics":["Burning Blood","Happy Flower"],"potions_floor_usage":[],"damage_taken":[{"damage":10.0,"enemies":"Small Slimes","floor":1.0,"turns":4.0},{"damage":1.0,"enemies":"Cultist","floor":2.0,"turns":3.0},{"damage":3.0,"enemies":"Jaw Worm","floor":5.0,"turns":5.0},{"damage":3.0,"enemies":"Gremlin Nob","floor":6.0,"turns":2.0},{"damage":3.0,"enemies":"3 Louse","floor":8.0,"turns":3.0}],"seed_played":"5146171886321566637","potions_obtained":[{"floor":1.0,"key":"Block Potion"},{"floor":5.0,"key":"FearPotion"},{"floor":6.0,"key":"GamblersBrew"}],"is_trial":false,"path_per_floor":["M","M","?","$","M","E","R","M","T"],"character_chosen":"IRONCLAD","items_purchased":["Flame Barrier","Armaments","AttackPotion"],"campfire_rested":0,"item_purchase_floors":[4,4,4],"current_hp_per_floor":[76,80,80,80,80,80,80,80,80],"gold":355,"neow_bonus":"HUNDRED_GOLD","is_prod":false,"is_daily":false,"chose_seed":false,"campfire_upgraded":1,"win_rate":0,"timestamp":1547677769,"path_taken":["M","M","?","$","M","E","R","?","T"],"build_version":"2019-01-10","purchased_purges":1,"victory":false,"max_hp_per_floor":[80,80,80,80,80,80,80,80,80],"card_choices":[{"not_picked":["Burning Pact","Seeing Red"],"picked":"Rage","floor":1.0},{"not_picked":["Pommel Strike","Armaments"],"picked":"Hemokinesis","floor":2.0},{"not_picked":["Dual Wield","Perfected Strike"],"picked":"Entrench","floor":5.0},{"not_picked":["Rupture","Perfected Strike"],"picked":"Iron Wave","floor":6.0},{"not_picked":["Sword Boomerang","Anger"],"picked":"Feel No Pain","floor":8.0}],"player_experience":1126673,"relics_obtained":[{"floor":6.0,"key":"Happy Flower"}],"event_choices":[{"damage_healed":0.0,"max_hp_gain":0.0,"max_hp_loss":0.0,"gold_gain":275.0,"event_name":"Golden Shrine","player_choice":"Desecrate","floor":3.0,"gold_loss":0.0,"damage_taken":0.0,"cards_obtained":["Regret"]}],"is_beta":false,"boss_relics":[],"items_purged_floors":[4],"is_endless":false,"potions_floor_spawned":[1,5,6],"ascension_level":0}