{"gold_per_floor":[110,121,196,196,211,269,269,302,328,361,361,396,396,413,413,518,518,536,553,565,565,268,268,268],"floor_reached":24,"playtime":1016,"items_purged":[],"score":358,"play_id":"369ac452-e7ba-4349-850d-aaf10e1112bd","local_time":"20180928131129","is_ascension_mode":true,"campfire_choices":[{"data":"Heavy Blade","floor":7,"key":"SMITH"},{"floor":15,"key":"REST"},{"floor":23,"key":"REST"}],"neow_cost":"TEN_PERCENT_HP_LOSS","seed_source_timestamp":16306585415362,"circlet_count":0,"master_deck":["Strike_R","Strike_R","Strike_R","Strike_R","Strike_R","Defend_R","Defend_R","Defend_R","Defend_R","Bash","AscendersBane","Demon Form+1","Battle Trance","Heavy Blade+1","Ghostly Armor","Twin Strike","Cleave","Thunderclap","Intimidate","Iron Wave","Impervious","Demon Form+1","Discovery"],"relics":["Burning Blood","Tiny Chest","PreservedInsect","Oddly Smooth Stone","Ginger","Frozen Egg 2","Mark of Pain","HandDrill"],"potions_floor_usage":[6,12,12,21,21],"damage_taken":[{"damage":0,"enemies":"Small Slimes","floor":1,"turns":4},{"damage":14,"enemies":"2 Louse","floor":2,"turns":4},{"damage":6,"enemies":"Cultist","floor":5,"turns":3},{"damage":26,"enemies":"Gremlin Nob","floor":6,"turns":4},{"damage":20,"enemies":"3 Sentries","floor":8,"turns":5},{"damage":14,"enemies":"Lagavulin","floor":10,"turns":5},{"damage":14,"enemies":"3 Sentries","floor":12,"turns":4},{"damage":15,"enemies":"Blue Slaver","floor":14,"turns":4},{"damage":26,"enemies":"Hexaghost","floor":16,"turns":6},{"damage":6,"enemies":"Chosen","floor":18,"turns":4},{"damage":6,"enemies":"Shell Parasite","floor":19,"turns":5},{"damage":36,"enemies":"Sentry and Sphere","floor":20,"turns":5},{"damage":29,"enemies":"Colosseum Slavers","floor":21,"turns":3},{"damage":41,"enemies":"Book of Stabbing","floor":24,"turns":3}],"seed_played":"1411405672763236969","potions_obtained":[{"floor":1,"key":"Regen Potion"},{"floor":5,"key":"Energy Potion"},{"floor":6,"key":"BloodPotion"},{"floor":14,"key":"Strength Potion"},{"floor":19,"key":"SteroidPotion"}],"is_trial":false,"path_per_floor":["M","M","?","?","M","E","R","E","T","E","?","E","?","M","R","B",null,"M","M","M","?","$","R"],"character_chosen":"IRONCLAD","items_purchased":["HandDrill","Discovery"],"campfire_rested":2,"item_purchase_floors":[22,22],"current_hp_per_floor":[72,64,53,53,53,42,42,28,28,20,20,19,24,15,38,18,62,62,62,32,9,9,32,0],"gold":268,"neow_bonus":"THREE_RARE_CARDS","is_prod":false,"is_daily":false,"chose_seed":false,"campfire_upgraded":1,"win_rate":0,"timestamp":1538133089,"path_taken":["M","M","?","?","M","E","R","E","T","E","?","E","?","M","R","BOSS","M","?","M","?","?","R","E"],"build_version":"2018-09-27","purchased_purges":0,"victory":false,"max_hp_per_floor":[72,72,72,72,72,72,72,72,72,72,72,72,77,77,77,77,77,77,77,77,77,77,77,77],"card_choices":[{"not_picked":["Limit Break","Exhume"],"picked":"Demon Form","floor":0},{"not_picked":["Reckless Charge","Warcry"],"picked":"Battle Trance","floor":1},{"not_picked":["Havoc","Anger"],"picked":"Heavy Blade","floor":2},{"not_picked":["Dual Wield","Entrench"],"picked":"Ghostly Armor","floor":5},{"not_picked":["Fire Breathing","Perfected Strike"],"picked":"Twin Strike","floor":6},{"not_picked":["Immolate","Evolve"],"picked":"Cleave","floor":8},{"not_picked":["Headbutt","Iron Wave"],"picked":"Thunderclap","floor":10},{"not_picked":["Body Slam","Corruption"],"picked":"Intimidate","floor":12},{"not_picked":["Cleave","Entrench"],"picked":"Iron Wave","floor":14},{"not_picked":["Demon Form+1","Fiend Fire"],"picked":"Impervious","floor":16},{"not_picked":["Thunderclap","Iron Wave","Searing Blow"],"picked":"SKIP","floor":18},{"not_picked":["Wild Strike","Headbutt","True Grit"],"picked":"SKIP","floor":19},{"not_picked":["Iron Wave","Body Slam"],"picked":"Demon Form+1","floor":20}],"player_experience":539406,"relics_obtained":[{"floor":6,"key":"Tiny Chest"},{"floor":8,"key":"PreservedInsect"},{"floor":9,"key":"Oddly Smooth Stone"},{"floor":10,"key":"Ginger"},{"floor":12,"key":"Frozen Egg 2"}],"event_choices":[{"event_name":"World of Goop","player_choice":"Gather Gold","floor":3,"damage_taken":0},{"event_name":"Living Wall","player_choice":"Grow","floor":4,"damage_taken":0},{"event_name":"Scrap Ooze","player_choice":"unsuccessful","floor":11,"damage_taken":0},{"event_name":"Big Fish","player_choice":"Donut","floor":13,"damage_taken":0},{"event_name":"Colosseum","player_choice":"Fight","floor":21,"damage_taken":0},{"event_name":"Colosseum","player_choice":"Fled From Nobs","floor":21,"damage_taken":0}],"is_beta":true,"boss_relics":[{"not_picked":["Busted Crown","Runic Cube"],"picked":"Mark of Pain"}],"items_purged_floors":[],"is_endless":false,"potions_floor_spawned":[1,5,6,14,19,21],"killed_by":"Book of Stabbing","ascension_level":12}