{"gold_per_floor":[111,30,30,46,46,81,81,108,108,54,81,94,94,107,107,179,179,189,25,38,38,38],"floor_reached":22,"playtime":824,"items_purged":[],"score":404,"play_id":"fc42a3f6-244e-419d-ad3e-37a742fcd58a","local_time":"20190222113847","is_ascension_mode":true,"campfire_choices":[{"data":"Rainbow","floor":7,"key":"SMITH"},{"data":"Consume","floor":13,"key":"SMITH"},{"data":"Static Discharge","floor":15,"key":"SMITH"}],"neow_cost":"NONE","seed_source_timestamp":9546748553575,"circlet_count":0,"master_deck":["AscendersBane","Strike_B","Strike_B+1","Strike_B","Strike_B+1","Defend_B+1","Defend_B","Defend_B","Defend_B","Zap+1","Dualcast","Rainbow+1","BootSequence+1","Static Discharge+1","Chill","Steam","Compile Driver","Self Repair","Consume+1","Glacier","Echo Form","Cold Snap","Creative AI","White Noise","Glacier"],"relics":["Cracked Core","Bird Faced Urn","Whetstone","Cables","War Paint","Inserter"],"potions_floor_usage":[],"damage_taken":[{"damage":1,"enemies":"2 Louse","floor":1,"turns":2},{"damage":2,"enemies":"Small Slimes","floor":4,"turns":4},{"damage":28,"enemies":"Lagavulin","floor":6,"turns":7},{"damage":23,"enemies":"3 Sentries","floor":8,"turns":8},{"damage":4,"enemies":"Lagavulin","floor":11,"turns":7},{"damage":0,"enemies":"Jaw Worm","floor":12,"turns":3},{"damage":0,"enemies":"Blue Slaver","floor":14,"turns":2},{"damage":36,"enemies":"The Guardian","floor":16,"turns":10},{"damage":0,"enemies":"Shell Parasite","floor":18,"turns":7},{"damage":11,"enemies":"2 Thieves","floor":20,"turns":4},{"damage":69,"enemies":"Masked Bandits","floor":22,"turns":3}],"seed_played":"-4719315199050188175","potions_obtained":[{"floor":4,"key":"FairyPotion"},{"floor":8,"key":"LiquidBronze"},{"floor":16,"key":"Ancient Potion"},{"floor":20,"key":"AttackPotion"}],"is_trial":false,"path_per_floor":["M","$","?","M","?","E","R","E","T","?","E","M","R","M","R","B",null,"M","$","M","?","?"],"character_chosen":"DEFECT","items_purchased":["Static Discharge","Creative AI"],"campfire_rested":0,"item_purchase_floors":[2,19],"current_hp_per_floor":[63,63,63,61,61,33,33,12,12,12,10,19,19,19,19,16,57,68,68,57,57,0],"gold":38,"neow_bonus":"ONE_RANDOM_RARE_CARD","is_prod":false,"is_daily":false,"chose_seed":false,"campfire_upgraded":3,"win_rate":0,"timestamp":1550831927,"path_taken":["M","$","?","M","?","E","R","E","T","?","E","M","R","M","R","BOSS","M","$","M","?","?"],"build_version":"2019-01-23","purchased_purges":0,"victory":false,"max_hp_per_floor":[71,71,71,71,71,71,71,71,71,71,71,71,71,71,71,71,71,71,71,71,71,71],"card_choices":[{"not_picked":["Redo","Rebound"],"picked":"BootSequence","floor":1},{"not_picked":["Redo","Rebound"],"picked":"Chill","floor":4},{"not_picked":["Scrape","Hologram"],"picked":"Steam","floor":6},{"not_picked":["Heatsinks","Beam Cell"],"picked":"Compile Driver","floor":8},{"not_picked":["Sweeping Beam","Meteor Strike"],"picked":"Self Repair","floor":11},{"not_picked":["Self Repair","Go for the Eyes"],"picked":"Consume","floor":12},{"not_picked":["Barrage","Redo"],"picked":"Glacier","floor":14},{"not_picked":["Rainbow","All For One"],"picked":"Echo Form","floor":16},{"not_picked":["Gash","Rebound"],"picked":"Cold Snap","floor":18},{"not_picked":["Leap+1","Conserve Battery"],"picked":"White Noise","floor":20}],"player_experience":1329206,"relics_obtained":[{"floor":6,"key":"Bird Faced Urn"},{"floor":8,"key":"Whetstone"},{"floor":9,"key":"Cables"},{"floor":11,"key":"War Paint"}],"event_choices":[{"damage_healed":0,"gold_gain":0,"player_choice":"Grow","damage_taken":0,"max_hp_gain":0,"max_hp_loss":0,"event_name":"Living Wall","floor":3,"gold_loss":0,"cards_upgraded":["Zap"]},{"damage_healed":0,"gold_gain":0,"player_choice":"Ignored","damage_taken":0,"max_hp_gain":0,"max_hp_loss":0,"event_name":"Liars Game","floor":5,"gold_loss":0},{"damage_healed":0,"gold_gain":0,"player_choice":"Left Gold","damage_taken":0,"max_hp_gain":0,"max_hp_loss":0,"event_name":"World of Goop","floor":10,"gold_loss":54},{"damage_healed":0,"gold_gain":0,"player_choice":"Read","damage_taken":0,"max_hp_gain":0,"max_hp_loss":0,"event_name":"The Library","floor":21,"gold_loss":0,"cards_obtained":["Glacier"]},{"damage_healed":0,"gold_gain":0,"player_choice":"Fought Bandits","damage_taken":0,"max_hp_gain":0,"max_hp_loss":0,"event_name":"Masked Bandits","floor":22,"gold_loss":0}],"is_beta":false,"boss_relics":[{"not_picked":["FrozenCore","Black Star"],"picked":"Inserter"}],"items_purged_floors":[],"is_endless":false,"potions_floor_spawned":[4,8,12,14,16,20],"killed_by":"Masked Bandits","ascension_level":20}