{"path_per_floor":["M","?","M","M","M","R","?","T","T","R","?","M","R","E","R","B",null,"M","M","?","M","M","R","M","?","T","M","E","$","R","M","R"],"character_chosen":"IRONCLAD","items_purchased":["Flame Barrier","Secret Weapon","Finesse"],"gold_per_floor":[116,66,78,97,113,113,173,173,173,173,173,183,183,211,211,309,309,324,341,440,451,469,469,488,538,563,582,642,286,286,304,304,304],"floor_reached":33,"campfire_rested":1,"playtime":3333,"item_purchase_floors":[29,29,29],"current_hp_per_floor":[80,80,80,80,80,80,49,49,49,49,54,51,51,57,57,27,85,89,70,70,66,28,28,35,35,35,45,45,45,45,33,59,0],"items_purged":[],"gold":304,"score":269,"play_id":"e9219e0c-d51f-4eac-bb69-7355088b97c8","local_time":"20180620223220","is_prod":false,"is_daily":false,"chose_seed":false,"is_ascension_mode":false,"campfire_upgraded":6,"win_rate":0,"timestamp":1529526740,"campfire_choices":[{"data":"Uppercut","floor":6.0,"key":"SMITH"},{"data":"Iron Wave","floor":10,"key":"SMITH"},{"data":"Perfected Strike","floor":13,"key":"SMITH"},{"data":"Shrug It Off","floor":15,"key":"SMITH"},{"data":"Flex","floor":23,"key":"SMITH"},{"data":"Limit Break","floor":30,"key":"SMITH"},{"floor":32,"key":"REST"}],"path_taken":["M","?","M","M","M","R","?","?","T","R","?","?","R","E","R","BOSS","M","M","?","M","M","R","M","?","T","M","E","$","R","M","R","BOSS"],"build_version":"2018-06-19v2","seed_source_timestamp":0,"purchased_purges":0,"circlet_count":0,"victory":false,"master_deck":["Strike_R","Strike_R","Strike_R","Strike_R","Defend_R","Defend_R","Defend_R","Defend_R","Bash","Uppercut+1","Thunderclap","Iron Wave+1","Warcry","Shrug It Off+1","Perfected Strike+1","Dropkick+1","Feed+1","Whirlwind+1","Flex+1","Clothesline+1","Clash+1","Spot Weakness+1","Limit Break+1","Bludgeon+1","Flame Barrier","Secret Weapon","Finesse","Perfected Strike+1"],"max_hp_per_floor":[80,80,80,80,80,80,80,80,80,80,85,85,85,85,85,85,85,89,89,89,89,89,89,89,89,89,89,89,89,89,89,89,89],"special_seed":0,"relics":["Black Blood","Sundial","Meat on the Bone","Dodecahedron","Molten Egg 2","Lantern","Tiny Chest"],"card_choices":[{"not_picked":["Headbutt","Twin Strike"],"picked":"Uppercut","floor":1.0},{"not_picked":["Hemokinesis","Headbutt"],"picked":"Thunderclap","floor":3.0},{"not_picked":["Sentinel","Sword Boomerang"],"picked":"Iron Wave","floor":4.0},{"not_picked":["Dual Wield","Iron Wave"],"picked":"Warcry","floor":5.0},{"not_picked":["Iron Wave","Corruption"],"picked":"Shrug It Off","floor":7.0},{"not_picked":["Fire Breathing","Headbutt"],"picked":"Perfected Strike","floor":12},{"not_picked":["Headbutt","Warcry"],"picked":"Dropkick","floor":14},{"not_picked":["Dark Embrace","Exhume"],"picked":"Feed+1","floor":16},{"not_picked":["Cleave+1","Body Slam+1"],"picked":"Whirlwind+1","floor":18},{"not_picked":["Heavy Blade+1","Fire Breathing"],"picked":"Flex","floor":19},{"not_picked":["Twin Strike+1","Sentinel"],"picked":"Clothesline+1","floor":21},{"not_picked":["Iron Wave+1","Blood for Blood+1"],"picked":"Clash+1","floor":22},{"not_picked":["Uppercut+1","Sever Soul+1"],"picked":"Spot Weakness+1","floor":24},{"not_picked":["Hemokinesis+1","Anger+1"],"picked":"Limit Break","floor":27},{"not_picked":["Warcry","Twin Strike+1"],"picked":"Bludgeon+1","floor":28},{"not_picked":["Headbutt+1","Twin Strike+1"],"picked":"Perfected Strike+1","floor":31}],"player_experience":359039,"potions_floor_usage":[22,31,33,33],"damage_taken":[{"damage":0.0,"enemies":"Small Slimes","floor":1.0,"turns":3.0},{"damage":0.0,"enemies":"Cultist","floor":3.0,"turns":3.0},{"damage":1.0,"enemies":"2 Louse","floor":4.0,"turns":3.0},{"damage":4.0,"enemies":"Exordium Wildlife","floor":5.0,"turns":5.0},{"damage":37.0,"enemies":"3 Sentries","floor":7.0,"turns":11.0},{"damage":9,"enemies":"Blue Slaver","floor":12,"turns":3},{"damage":12,"enemies":"3 Sentries","floor":14,"turns":7},{"damage":48,"enemies":"The Guardian","floor":16,"turns":9},{"damage":0,"enemies":"Chosen","floor":18,"turns":3},{"damage":29,"enemies":"Shell Parasite","floor":19,"turns":6},{"damage":14,"enemies":"Chosen and Byrds","floor":21,"turns":5},{"damage":60,"enemies":"Sentry and Sphere","floor":22,"turns":6},{"damage":15,"enemies":"Snake Plant","floor":24,"turns":3},{"damage":12,"enemies":"Centurion and Healer","floor":27,"turns":3},{"damage":22,"enemies":"Gremlin Leader","floor":28,"turns":5},{"damage":34,"enemies":"Slaver and Parasite","floor":31,"turns":5},{"damage":85,"enemies":"Champ","floor":33,"turns":8}],"relics_obtained":[{"floor":8.0,"key":"Meat on the Bone"},{"floor":9.0,"key":"Dodecahedron"},{"floor":14,"key":"Molten Egg 2"},{"floor":26,"key":"Lantern"},{"floor":28,"key":"Tiny Chest"}],"event_choices":[{"event_name":"The Cleric","player_choice":"Card Removal","floor":2.0,"damage_taken":0.0},{"event_name":"Dead Adventurer","player_choice":"Searched \u00273\u0027 times","floor":7.0,"damage_taken":0.0},{"event_name":"Big Fish","player_choice":"Donut","floor":11,"damage_taken":0},{"event_name":"Nest","player_choice":"Stole From Cult","floor":20,"damage_taken":0},{"event_name":"The Joust","player_choice":"Bet on Murderer","floor":25,"damage_taken":0}],"boss_relics":[{"not_picked":["Runic Cube","Orrery"],"picked":"Black Blood"}],"items_purged_floors":[],"is_endless":false,"potions_floor_spawned":[4,7,12,14,18,21,24,27,28],"seed_played":"-9059873073457128307","killed_by":"Champ","ascension_level":0,"potions_obtained":[{"floor":7.0,"key":"BloodPotion"},{"floor":12,"key":"BloodPotion"},{"floor":24,"key":"Swift Potion"},{"floor":27,"key":"SteroidPotion"}],"is_trial":false}