{"gold_per_floor":[110,125,85,36,36,36,67,67,94,106,135,147,185,216,228,240],"floor_reached":16,"playtime":708,"items_purged":[],"score":184,"play_id":"3d85d4b0-6bcd-4a92-9edf-a743224f2d88","local_time":"20181003233621","is_ascension_mode":true,"campfire_choices":[{"data":"White Noise","floor":6,"key":"SMITH"},{"data":"Dualcast","floor":8,"key":"SMITH"},{"data":"Compile Driver","floor":10,"key":"SMITH"},{"data":"Streamline","floor":12,"key":"SMITH"},{"floor":15,"key":"REST"}],"neow_cost":"NONE","seed_source_timestamp":6697587128651,"circlet_count":0,"master_deck":["Strike_B","Strike_B","Strike_B","Strike_B","Defend_B","Defend_B","Defend_B","Defend_B","Zap+1","Dualcast+1","AscendersBane","White Noise+1","Compile Driver+1","Gash","Streamline+1","Chill"],"relics":["Cracked Core","Sundial","MawBank","Pen Nib"],"potions_floor_usage":[7,14],"damage_taken":[{"damage":2,"enemies":"Jaw Worm","floor":1,"turns":3},{"damage":1,"enemies":"Cultist","floor":2,"turns":3},{"damage":48,"enemies":"Gremlin Nob","floor":7,"turns":5},{"damage":1,"enemies":"2 Louse","floor":11,"turns":2},{"damage":20,"enemies":"3 Sentries","floor":13,"turns":7},{"damage":0,"enemies":"Looter","floor":14,"turns":1},{"damage":34,"enemies":"Slime Boss","floor":16,"turns":5}],"seed_played":"5429942650415375642","potions_obtained":[{"floor":1,"key":"LiquidBronze"},{"floor":3,"key":"Regen Potion"},{"floor":7,"key":"SteroidPotion"},{"floor":14,"key":"LiquidBronze"}],"is_trial":false,"path_per_floor":["M","M","?","?","?","R","E","R","T","R","M","R","E","M","R"],"character_chosen":"DEFECT","items_purchased":[],"campfire_rested":1,"item_purchase_floors":[],"current_hp_per_floor":[62,61,61,61,61,61,25,25,25,25,24,24,4,4,25,0],"gold":240,"neow_bonus":"UPGRADE_CARD","is_prod":false,"is_daily":false,"chose_seed":false,"campfire_upgraded":4,"win_rate":0,"timestamp":1538602581,"path_taken":["M","M","?","?","?","R","E","R","T","R","?","R","E","M","R","BOSS"],"build_version":"2018-10-02","purchased_purges":0,"victory":false,"max_hp_per_floor":[71,71,71,71,71,71,71,71,71,71,71,71,71,71,71,71],"card_choices":[{"not_picked":["Compile Driver","Conserve Battery"],"picked":"White Noise","floor":1},{"not_picked":["Turbo","Force Field"],"picked":"Compile Driver","floor":2},{"not_picked":["Compile Driver","Conserve Battery"],"picked":"Gash","floor":7},{"not_picked":["Redo","Multi-Cast"],"picked":"Streamline","floor":11},{"not_picked":["Compile Driver","White Noise"],"picked":"Chill","floor":13},{"not_picked":["Chaos","Heatsinks","Rebound"],"picked":"SKIP","floor":14}],"player_experience":588927,"relics_obtained":[{"floor":7,"key":"Sundial"},{"floor":9,"key":"MawBank"},{"floor":13,"key":"Pen Nib"}],"event_choices":[{"event_name":"The Woman in Blue","player_choice":"Bought 3 Potions","floor":3,"damage_taken":0},{"event_name":"World of Goop","player_choice":"Left","floor":4,"damage_taken":0},{"event_name":"Liars Game","player_choice":"disagreed","floor":5,"damage_taken":0}],"is_beta":true,"boss_relics":[],"items_purged_floors":[],"is_endless":false,"potions_floor_spawned":[1,7,14],"killed_by":"Slime Boss","ascension_level":14}