{"path_per_floor":["M","$","M","M","$","R","E","R","T","E","?","?","M","?","R","B",null,"M","$","?","?","$","R","M","E","T","R","M","R","?","M","R"],"character_chosen":"THE_SILENT","items_purchased":["Apotheosis"],"gold_per_floor":[118,58,74,86,6,6,36,36,36,68,129,129,146,146,146,244,244,254,13,13,0,0,0,19,51,129,129,144,144,144,154,154,154],"floor_reached":33,"campfire_rested":3,"playtime":1670,"item_purchase_floors":[19],"current_hp_per_floor":[46,46,44,42,42,42,31,31,31,9,8,8,8,8,29,29,60,58,58,42,42,42,42,42,3,3,23,13,13,13,13,33,0],"items_purged":["Writhe","Writhe","Parasite"],"gold":154,"score":449,"play_id":"9e574b64-fac8-4682-b311-a75c501a4754","local_time":"20180610152025","is_prod":false,"is_daily":false,"chose_seed":false,"is_ascension_mode":true,"campfire_upgraded":0,"win_rate":0,"timestamp":1528636825,"campfire_choices":[{"floor":6,"key":"DIG"},{"floor":8,"key":"DIG"},{"floor":15,"key":"REST"},{"floor":23,"key":"DIG"},{"floor":27,"key":"REST"},{"floor":29,"key":"DIG"},{"floor":32,"key":"REST"}],"path_taken":["M","$","M","M","$","R","E","R","T","E","?","?","?","?","R","BOSS","M","$","?","?","?","R","M","E","T","R","M","R","?","M","R","BOSS"],"build_version":"2018-06-08","seed_source_timestamp":15889579621126,"purchased_purges":3,"victory":false,"master_deck":["Defend_G","Defend_G","Defend_G","Defend_G","Defend_G+1","Strike_G","Strike_G","Strike_G","Strike_G","Strike_G","Survivor","Neutralize","Dash","Malaise+1","Footwork+1","Heel Hook","Blur","Deadly Poison","Terror","Crippling Poison","After Image","Quick Slash+1","Apotheosis","Leg Sweep+1","Calculated Gamble+1","Cloak And Dagger+1","Catalyst+1","Writhe","Deadly Poison+1","Dodge and Roll+1"],"max_hp_per_floor":[70,70,70,70,70,70,70,70,70,70,70,70,70,70,70,70,70,70,67,67,67,67,67,67,67,67,67,67,67,67,67,67,67],"relics":["Calling Bell","Dream Catcher","The Courier","Shovel","Bottled Lightning","Ornamental Fan","Gambling Chip","Oddly Smooth Stone","War Paint","Bottled Flame","Sozu","Enchiridion","Toxic Egg 2","Tingsha","Blue Candle","Happy Flower","Thread and Needle"],"card_choices":[{"not_picked":["All Out Attack","Dagger Spray"],"picked":"Dash","floor":1},{"not_picked":["Distraction","Sucker Punch"],"picked":"Malaise","floor":3},{"not_picked":["Skewer","Acrobatics"],"picked":"Footwork","floor":4},{"not_picked":["Acrobatics","Predator"],"picked":"Heel Hook","floor":7},{"not_picked":["Masterful Stab","Deflect"],"picked":"Blur","floor":10},{"not_picked":["Underhanded Strike","Eviscerate"],"picked":"Deadly Poison","floor":11},{"not_picked":["Backflip","Well Laid Plans"],"picked":"Terror","floor":13},{"not_picked":["Bane","Dagger Throw"],"picked":"Crippling Poison","floor":15},{"not_picked":["Glass Knife","Unload"],"picked":"After Image","floor":16},{"not_picked":["Setup","Deflect"],"picked":"Quick Slash+1","floor":18},{"not_picked":["Deflect+1","Outmaneuver+1"],"picked":"Leg Sweep+1","floor":24},{"not_picked":["Deflect+1","Endless Agony"],"picked":"Calculated Gamble+1","floor":25},{"not_picked":["Dagger Throw","Eviscerate+1"],"picked":"Cloak And Dagger+1","floor":27},{"not_picked":["Quick Slash","Outmaneuver+1"],"picked":"Catalyst+1","floor":28},{"not_picked":["Heel Hook","Acrobatics+1"],"picked":"Deadly Poison+1","floor":31},{"not_picked":["Underhanded Strike","Well Laid Plans"],"picked":"Dodge and Roll+1","floor":32}],"player_experience":304878,"potions_floor_usage":[4,7,25,25],"damage_taken":[{"damage":17,"enemies":"Cultist","floor":1,"turns":6},{"damage":2,"enemies":"2 Louse","floor":3,"turns":3},{"damage":2,"enemies":"Small Slimes","floor":4,"turns":5},{"damage":26,"enemies":"3 Sentries","floor":7,"turns":15},{"damage":22,"enemies":"Lagavulin","floor":10,"turns":14},{"damage":1,"enemies":"3 Sentries","floor":11,"turns":14},{"damage":0,"enemies":"2 Fungi Beasts","floor":13,"turns":4},{"damage":0,"enemies":"Hexaghost","floor":16,"turns":13},{"damage":2,"enemies":"Shell Parasite","floor":18,"turns":8},{"damage":0,"enemies":"Spheric Guardian","floor":24,"turns":6},{"damage":39,"enemies":"Gremlin Leader","floor":25,"turns":9},{"damage":10,"enemies":"3 Cultists","floor":28,"turns":8},{"damage":0,"enemies":"Snake Plant","floor":31,"turns":5},{"damage":34,"enemies":"Automaton","floor":33,"turns":10}],"relics_obtained":[{"floor":0,"key":"Dream Catcher"},{"floor":0,"key":"The Courier"},{"floor":0,"key":"Shovel"},{"floor":6,"key":"Bottled Lightning"},{"floor":7,"key":"Ornamental Fan"},{"floor":8,"key":"Gambling Chip"},{"floor":9,"key":"Oddly Smooth Stone"},{"floor":10,"key":"War Paint"},{"floor":11,"key":"Bottled Flame"},{"floor":20,"key":"Enchiridion"},{"floor":23,"key":"Toxic Egg 2"},{"floor":25,"key":"Tingsha"},{"floor":26,"key":"Blue Candle"},{"floor":29,"key":"Happy Flower"}],"event_choices":[{"event_name":"Dead Adventurer","player_choice":"Searched \u00271\u0027 times","floor":11,"damage_taken":0},{"event_name":"Living Wall","player_choice":"Grow","floor":12,"damage_taken":0},{"event_name":"Shining Light","player_choice":"Ignored","floor":14,"damage_taken":0},{"event_name":"Cursed Tome","player_choice":"Obtained Book","floor":20,"damage_taken":0},{"event_name":"Masked Bandits","player_choice":"Paid Bandits 13 gold","floor":21,"damage_taken":0},{"event_name":"The Mausoleum","player_choice":"Yes","floor":30,"damage_taken":0}],"boss_relics":[{"not_picked":["Busted Crown","Cursed Key"],"picked":"Sozu"}],"items_purged_floors":[2,5,19],"potions_floor_spawned":[1,4,11,11,18,28],"seed_played":"1303919703671871013","killed_by":"Automaton","ascension_level":8,"potions_obtained":[{"floor":1,"key":"LiquidBronze"},{"floor":4,"key":"Regen Potion"},{"floor":11,"key":"Block Potion"},{"floor":11,"key":"SpeedPotion"}],"is_trial":false}