{"gold_per_floor":[112,112,132,248,258,292,292,310,335,360,201,268,278,311,311,388,388,405,51,51,64,76,76,102,102,102,121,121,136,136],"floor_reached":30,"playtime":1052,"items_purged":["Strike_R","Strike_R"],"score":544,"play_id":"84a411b1-e14a-44a1-a0f3-16a1c5237c07","local_time":"20190201015943","is_ascension_mode":true,"campfire_choices":[{"data":"Armaments","floor":7,"key":"SMITH"},{"data":"Demon Form","floor":15,"key":"SMITH"},{"data":"Corruption","floor":23,"key":"SMITH"},{"data":"Limit Break","floor":25,"key":"SMITH"},{"data":"Shockwave","floor":28,"key":"SMITH"}],"neow_cost":"PERCENT_DAMAGE","seed_source_timestamp":34825740079328,"circlet_count":0,"master_deck":["AscendersBane","Fiend Fire+1","Strike_R","Strike_R","Defend_R","Defend_R","Defend_R","Defend_R","Bash","Immolate","Metallicize","Shockwave+1","Pommel Strike","Juggernaut","Armaments+1","Evolve","Shrug It Off","Demon Form+1","Limit Break+1","Combust","Corruption+1","Decay","Heavy Blade","Feed"],"relics":["Burning Blood","Bird Faced Urn","hubris:ToyBattleship","Strawberry","Potion Belt","hubris:RunicObelisk","Brimstone","Omamori","Mercury Hourglass"],"potions_floor_usage":[18,24],"damage_taken":[{"damage":0,"enemies":"Small Slimes","floor":1,"turns":3},{"damage":3,"enemies":"infinitespire:Voidling","floor":3,"turns":2},{"damage":3,"enemies":"2 Louse","floor":4,"turns":2},{"damage":7,"enemies":"Exordium Wildlife","floor":5,"turns":3},{"damage":19,"enemies":"Lagavulin","floor":6,"turns":6},{"damage":1,"enemies":"Looter","floor":8,"turns":2},{"damage":29,"enemies":"Gremlin Nob","floor":10,"turns":4},{"damage":10,"enemies":"Exordium Thugs","floor":13,"turns":5},{"damage":12,"enemies":"Lagavulin","floor":14,"turns":9},{"damage":22,"enemies":"Slime Boss","floor":16,"turns":6},{"damage":27,"enemies":"3 Byrds","floor":18,"turns":6},{"damage":18,"enemies":"Spheric Guardian","floor":21,"turns":4},{"damage":13,"enemies":"Centurion and Healer","floor":22,"turns":3},{"damage":31,"enemies":"Gremlin Leader","floor":24,"turns":3},{"damage":3,"enemies":"Chosen and Byrds","floor":27,"turns":3},{"damage":11,"enemies":"3 Cultists","floor":29,"turns":4},{"damage":39,"enemies":"Nightmare","floor":30,"turns":5}],"seed_played":"-226311672677325184","potions_obtained":[{"floor":3,"key":"Explosive Potion"},{"floor":6,"key":"SpeedPotion"},{"floor":8,"key":"FearPotion"},{"floor":16,"key":"SkillPotion"},{"floor":21,"key":"FearPotion"},{"floor":24,"key":"Fruit Juice"}],"is_trial":false,"path_per_floor":["M","?","M","M","M","E","R","M","T","E","$","?","M","E","R","B",null,"M","$","?","M","M","R","E","R","T","M","R","M","NM"],"character_chosen":"IRONCLAD","items_purchased":["AttackPotion","Shrug It Off","Corruption","Brimstone"],"campfire_rested":0,"item_purchase_floors":[11,11,19,19],"current_hp_per_floor":[56,56,59,62,61,48,48,53,53,37,37,37,37,39,39,27,68,55,55,55,53,48,48,27,27,27,34,34,33,0],"gold":136,"neow_bonus":"THREE_RARE_CARDS","is_prod":false,"is_daily":false,"chose_seed":false,"campfire_upgraded":5,"win_rate":0,"timestamp":1548982783,"path_taken":["M","?","M","M","?","E","R","?","T","E","$","?","M","E","R","BOSS","M","$","?","M","M","R","E","R","T","M","R","M","NM"],"build_version":"2019-01-23","purchased_purges":2,"victory":false,"max_hp_per_floor":[75,75,75,75,75,75,75,75,75,82,82,82,82,82,82,82,82,82,82,82,82,82,82,82,82,82,82,82,82,82],"card_choices":[{"not_picked":["Bludgeon","Impervious"],"picked":"Immolate","floor":0},{"not_picked":["Heavy Blade","Sword Boomerang"],"picked":"Metallicize","floor":1},{"not_picked":["Headbutt","Second Wind"],"picked":"Shockwave","floor":3},{"not_picked":["Warcry","Wild Strike"],"picked":"Pommel Strike","floor":4},{"not_picked":["hubris:ReadiedAction","Pummel"],"picked":"Juggernaut","floor":5},{"not_picked":["Perfected Strike","Anger"],"picked":"Armaments","floor":6},{"not_picked":["Clothesline","Havoc","Headbutt"],"picked":"SKIP","floor":8},{"not_picked":["Heavy Blade","Warcry"],"picked":"Evolve","floor":10},{"not_picked":["Searing Blow","True Grit"],"picked":"Demon Form","floor":13},{"not_picked":["Wild Strike","Perfected Strike","hubris:SharpeningStone"],"picked":"SKIP","floor":14},{"not_picked":["Barricade","Impervious"],"picked":"Limit Break","floor":16},{"not_picked":["Hemokinesis","Dual Wield"],"picked":"Combust","floor":18},{"not_picked":["Wild Strike","Havoc","Dropkick"],"picked":"SKIP","floor":21},{"not_picked":["Searing Blow","Anger"],"picked":"Heavy Blade","floor":22},{"not_picked":["Havoc","Rupture","True Grit"],"picked":"SKIP","floor":24},{"not_picked":["Seeing Red","hubris:ReadiedAction","Clothesline"],"picked":"SKIP","floor":27},{"not_picked":["Hemokinesis","Headbutt"],"picked":"Feed","floor":29}],"player_experience":1214678,"relics_obtained":[{"floor":6,"key":"Bird Faced Urn"},{"floor":9,"key":"hubris:ToyBattleship"},{"floor":10,"key":"Strawberry"},{"floor":14,"key":"Potion Belt"},{"floor":24,"key":"Omamori"},{"floor":26,"key":"Mercury Hourglass"}],"event_choices":[{"cards_removed":["Strike_R"],"damage_healed":0,"gold_gain":0,"player_choice":"Offered Basic","damage_taken":0,"max_hp_gain":0,"max_hp_loss":0,"event_name":"Bonfire Elementals","floor":2,"gold_loss":0},{"damage_healed":0,"gold_gain":67,"player_choice":"Gained Gold","damage_taken":0,"max_hp_gain":0,"max_hp_loss":0,"event_name":"Golden Wing","floor":12,"gold_loss":0},{"damage_healed":0,"gold_gain":0,"player_choice":"Smashed Altar","damage_taken":0,"max_hp_gain":0,"max_hp_loss":0,"event_name":"Forgotten Altar","floor":20,"gold_loss":0,"cards_obtained":["Decay"]}],"is_beta":false,"boss_relics":[{"not_picked":["hubris:GrandSneckoEye","Orrery"],"picked":"hubris:RunicObelisk"}],"items_purged_floors":[11,19],"is_endless":false,"potions_floor_spawned":[3,6,8,10,16,21,24],"killed_by":"Nightmare","ascension_level":20}