{"gold_per_floor":[209,76,76,89,106,141,141,175,175,175,186,220,220,240,240,312,312,331,331,262,293,230,260,272,315,327,364,376,408,420,446,458,549,561,591,617,629,653,678,719,731,771,783,795,807,832,863,906,918,930,942],"floor_reached":51,"playtime":2057,"items_purged":[],"score":1519,"play_id":"4adb7344-eb96-46bc-93c3-5ca036879ccf","local_time":"20190408232245","is_ascension_mode":true,"campfire_choices":[{"data":"Armaments","floor":7.0,"key":"SMITH"},{"floor":10.0,"key":"REST"},{"data":"Inflame","floor":13.0,"key":"SMITH"},{"data":"Inflame","floor":15.0,"key":"SMITH"},{"data":"Bash","floor":24.0,"key":"SMITH"},{"data":"Immolate","floor":28.0,"key":"SMITH"},{"data":"Rage","floor":30,"key":"SMITH"},{"data":"Demon Form","floor":32,"key":"SMITH"},{"floor":41,"key":"RECALL"}],"neow_cost":"NONE","seed_source_timestamp":49737252941872,"circlet_count":0,"master_deck":["AscendersBane","Strike_R","Strike_R","Defend_R","Defend_R","Defend_R","Defend_R","Bash+1","Sword Boomerang+1","Shrug It Off","Twin Strike+1","Armaments+1","Dropkick","Inflame+1","Rage+1","Infernal Blade","Inflame+1","Immolate+1","Anger","Reaper","Shrug It Off","Demon Form+1","Offering","Disarm","Heavy Blade","Battle Trance"],"special_seed":0,"relics":["Burning Blood","Omamori","Gambling Chip","Matryoshka","Coffee Dripper","MawBank","Centennial Puzzle","Magic Flower","Pantograph","Whetstone","Singing Bowl","Fusion Hammer","Sundial","Smiling Mask","Bag of Marbles","Paper Frog","Kunai"],"potions_floor_usage":[29,40,42,42,51],"damage_taken":[{"damage":9.0,"enemies":"Jaw Worm","floor":1.0,"turns":5.0},{"damage":1.0,"enemies":"Cultist","floor":4.0,"turns":4.0},{"damage":4.0,"enemies":"2 Louse","floor":5.0,"turns":2.0},{"damage":38.0,"enemies":"Lagavulin","floor":6.0,"turns":8.0},{"damage":31.0,"enemies":"Gremlin Nob","floor":8.0,"turns":4.0},{"damage":0.0,"enemies":"Looter","floor":11.0,"turns":3.0},{"damage":16.0,"enemies":"Lagavulin","floor":12.0,"turns":7.0},{"damage":4.0,"enemies":"Large Slime","floor":14.0,"turns":4.0},{"damage":20.0,"enemies":"Hexaghost","floor":16.0,"turns":9.0},{"damage":22.0,"enemies":"3 Byrds","floor":18.0,"turns":4.0},{"damage":13.0,"enemies":"Shell Parasite","floor":21.0,"turns":4.0},{"damage":5.0,"enemies":"Snecko","floor":23.0,"turns":4.0},{"damage":37.0,"enemies":"Slavers","floor":25.0,"turns":3.0},{"damage":31.0,"enemies":"Gremlin Leader","floor":27.0,"turns":5.0},{"damage":32,"enemies":"Shelled Parasite and Fungi","floor":29,"turns":6},{"damage":3,"enemies":"Centurion and Healer","floor":31,"turns":4},{"damage":92,"enemies":"Automaton","floor":33,"turns":9},{"damage":7,"enemies":"Orb Walker","floor":35,"turns":3},{"damage":17,"enemies":"3 Darklings","floor":36,"turns":5},{"damage":28,"enemies":"4 Shapes","floor":38,"turns":5},{"damage":30,"enemies":"Writhing Mass","floor":39,"turns":5},{"damage":107,"enemies":"Nemesis","floor":40,"turns":9},{"damage":53,"enemies":"Reptomancer","floor":42,"turns":5},{"damage":20,"enemies":"Transient","floor":46,"turns":6},{"damage":36,"enemies":"Sphere and 2 Shapes","floor":47,"turns":6},{"damage":40,"enemies":"Nemesis","floor":48,"turns":5},{"damage":87,"enemies":"Donu and Deca","floor":50,"turns":7},{"damage":71,"enemies":"Time Eater","floor":51,"turns":4}],"seed_played":"-6582831005961094262","potions_obtained":[{"floor":4.0,"key":"EssenceOfSteel"},{"floor":8.0,"key":"EssenceOfSteel"},{"floor":14.0,"key":"EntropicBrew"},{"floor":18.0,"key":"SteroidPotion"},{"floor":25.0,"key":"SteroidPotion"},{"floor":36,"key":"SkillPotion"},{"floor":39,"key":"Poison Potion"},{"floor":40,"key":"SkillPotion"},{"floor":42,"key":"Energy Potion"},{"floor":47,"key":"Regen Potion"}],"is_trial":false,"path_per_floor":["M","$","?","M","M","E","R","E","T","R","M","E","R","M","R","B",null,"M","?","?","M","?","M","R","E","T","E","R","M","R","M","R","B",null,"M","M","$","M","M","E","R","E","T","R","?","M","M","E","R","B","B"],"character_chosen":"IRONCLAD","items_purchased":["Shrug It Off","Twin Strike","Armaments"],"campfire_rested":1,"item_purchase_floors":[2,2,2],"current_hp_per_floor":[65,65,65,70,72,40,40,15,15,37,43,33,33,35,35,21,62,60,60,60,68,68,69,69,38,38,18,18,12,12,33,33,23,65,69,83,83,81,85,22,22,48,48,48,48,79,89,89,89,13,0],"gold":942,"neow_bonus":"HUNDRED_GOLD","is_prod":false,"is_daily":false,"chose_seed":false,"campfire_upgraded":7,"win_rate":0,"timestamp":1554758565,"path_taken":["M","$","?","M","M","E","R","E","T","R","?","E","R","M","R","BOSS","M","?","?","?","?","M","R","E","T","E","R","M","R","M","R","BOSS","M","M","$","M","M","E","R","E","T","R","?","M","M","E","R","BOSS","BOSS"],"build_version":"2019-01-23","purchased_purges":0,"victory":false,"max_hp_per_floor":[75,75,75,75,75,75,75,75,75,75,75,75,75,75,75,75,75,75,75,75,75,75,75,75,75,75,77,77,79,79,79,79,79,79,81,83,83,85,85,87,87,89,89,89,89,89,89,91,91,91,91],"card_choices":[{"not_picked":["Fire Breathing","Thunderclap"],"picked":"Sword Boomerang","floor":1.0},{"not_picked":["Headbutt","Havoc"],"picked":"Inflame","floor":4.0},{"not_picked":["Dropkick","Searing Blow","Cleave"],"picked":"SKIP","floor":5.0},{"not_picked":["Flex","True Grit"],"picked":"Rage","floor":6.0},{"not_picked":["Perfected Strike","Pummel"],"picked":"Infernal Blade","floor":8.0},{"not_picked":["Perfected Strike","Anger"],"picked":"Inflame","floor":11.0},{"not_picked":["Iron Wave","Twin Strike"],"picked":"Immolate","floor":12.0},{"not_picked":["Wild Strike","Headbutt"],"picked":"Anger","floor":14.0},{"not_picked":["Brutality","Demon Form"],"picked":"Reaper","floor":16.0},{"not_picked":["Perfected Strike","Blood for Blood","Wild Strike"],"picked":"SKIP","floor":18.0},{"not_picked":["Twin Strike","Warcry","Cleave"],"picked":"SKIP","floor":21.0},{"not_picked":["Armaments","Uppercut"],"picked":"Shrug It Off","floor":23.0},{"not_picked":["True Grit","Combust","Hemokinesis+1"],"picked":"SKIP","floor":25.0},{"not_picked":["Flex+1","Pommel Strike","Sword Boomerang"],"picked":"Singing Bowl","floor":27.0},{"not_picked":["Armaments","True Grit","Seeing Red"],"picked":"Singing Bowl","floor":29},{"not_picked":["Burning Pact","Entrench"],"picked":"Demon Form","floor":31},{"not_picked":["Exhume","Barricade"],"picked":"Offering","floor":33},{"not_picked":["Dropkick+1","Thunderclap+1","True Grit"],"picked":"Singing Bowl","floor":35},{"not_picked":["Sword Boomerang+1","Pommel Strike","Second Wind"],"picked":"Singing Bowl","floor":36},{"not_picked":["Armaments","Iron Wave+1","Flex"],"picked":"Singing Bowl","floor":38},{"not_picked":["Twin Strike+1","Infernal Blade+1"],"picked":"Disarm","floor":39},{"not_picked":["Intimidate+1","Wild Strike","Barricade"],"picked":"Singing Bowl","floor":40},{"not_picked":["Rampage","Shrug It Off","Ghostly Armor"],"picked":"Singing Bowl","floor":42},{"not_picked":["Dual Wield","Flex"],"picked":"Heavy Blade","floor":46},{"not_picked":["Body Slam","Dual Wield+1"],"picked":"Battle Trance","floor":47},{"not_picked":["Sever Soul","Hemokinesis","Bludgeon"],"picked":"Singing Bowl","floor":48}],"player_experience":1565755,"relics_obtained":[{"floor":6.0,"key":"Omamori"},{"floor":8.0,"key":"Gambling Chip"},{"floor":12.0,"key":"Matryoshka"},{"floor":25.0,"key":"Magic Flower"},{"floor":26.0,"key":"Pantograph"},{"floor":26.0,"key":"Whetstone"},{"floor":27.0,"key":"Singing Bowl"},{"floor":40,"key":"Sundial"},{"floor":42,"key":"Smiling Mask"},{"floor":43,"key":"Bag of Marbles"},{"floor":43,"key":"Paper Frog"},{"floor":48,"key":"Kunai"}],"event_choices":[{"damage_healed":0.0,"max_hp_gain":0.0,"max_hp_loss":0.0,"gold_gain":0.0,"cards_transformed":["Strike_R"],"event_name":"Transmorgrifier","player_choice":"Transformed","floor":3.0,"gold_loss":0.0,"damage_taken":0.0,"cards_obtained":["Dropkick"]},{"damage_healed":0.0,"max_hp_gain":0.0,"max_hp_loss":0.0,"gold_gain":0.0,"event_name":"The Mausoleum","player_choice":"Opened","floor":19.0,"gold_loss":0.0,"damage_taken":0.0,"relics_obtained":["MawBank"],"cards_obtained":["Writhe"]},{"damage_healed":0.0,"max_hp_gain":0.0,"max_hp_loss":0.0,"gold_gain":0.0,"event_name":"WeMeetAgain","player_choice":"Paid Gold","floor":20.0,"gold_loss":81.0,"damage_taken":0.0,"relics_obtained":["Centennial Puzzle"]},{"cards_removed":["Strike_R"],"damage_healed":0.0,"max_hp_gain":0.0,"max_hp_loss":0.0,"gold_gain":0.0,"event_name":"Beggar","player_choice":"Gave Gold","floor":22.0,"gold_loss":75.0,"damage_taken":0.0},{"cards_removed":["Strike_R"],"damage_healed":0,"gold_gain":0,"player_choice":"Removed Attack","damage_taken":0,"max_hp_gain":0,"max_hp_loss":0,"event_name":"Falling","floor":45,"gold_loss":0}],"is_beta":false,"boss_relics":[{"not_picked":["Sozu","Tiny House"],"picked":"Coffee Dripper"},{"not_picked":["Black Blood","White Beast Statue"],"picked":"Fusion Hammer"}],"items_purged_floors":[],"is_endless":false,"potions_floor_spawned":[4,8,14,18,21,25,36,39,40,42,47],"killed_by":"Time Eater","ascension_level":20}