{"path_per_floor":["M","?","M","?","$","R","M","$","T","E","?","M","R","E","R","B",null,"M","$","M","M","M","R","E","M","T","?"],"character_chosen":"DEFECT","items_purchased":["Self Repair","Sunder"],"gold_per_floor":[117,117,131,131,62,62,77,2,2,35,35,53,53,82,82,177,177,177,106,106,106,106,106,106,106,106,56,56],"floor_reached":28,"campfire_rested":1,"playtime":1217,"item_purchase_floors":[5,19],"current_hp_per_floor":[75,75,74,74,74,74,75,75,75,73,78,74,74,64,64,78,87,61,61,61,62,38,64,27,10,10,10,0],"items_purged":["Decay"],"gold":56,"score":273,"play_id":"61c44045-ad14-4698-b6e2-dfaf68133d43","local_time":"20180523170131","is_prod":false,"is_daily":false,"chose_seed":false,"is_ascension_mode":true,"campfire_upgraded":3,"win_rate":0.04761905,"timestamp":1527087691,"campfire_choices":[{"data":"Zap","floor":6,"key":"SMITH"},{"data":"Dualcast","floor":13,"key":"SMITH"},{"data":"Darkness","floor":15,"key":"SMITH"},{"floor":23,"key":"REST"}],"path_taken":["M","?","M","?","$","R","M","$","T","E","?","?","R","E","R","BOSS","M","$","M","?","M","R","E","M","T","?","M"],"build_version":"2018-05-22","seed_source_timestamp":32019436118947,"purchased_purges":1,"victory":false,"master_deck":["Strike_B","Strike_B","Strike_B","Strike_B","Defend_B","Defend_B","Defend_B","Defend_B","Zap+1","Dualcast+1","Leap","Darkness+1","FTL","Self Repair","Compile Driver","Seek","Auto Shields","Storm","Thunder Strike","Leap","Sunder","Go for the Eyes","Consume","Auto Shields+1","Double Energy","Machine Learning"],"max_hp_per_floor":[75,75,75,75,75,75,75,75,75,82,87,87,87,87,87,87,87,87,87,87,87,87,87,87,87,87,87,87],"relics":["Cracked Core","Symbiotic Virus","Strawberry","Pantograph","Ectoplasm","Emotion Chip","Bag of Marbles"],"card_choices":[{"not_picked":["Axe Kick","Steam"],"picked":"Leap","floor":0},{"not_picked":["Skim","Compile Driver"],"picked":"Darkness","floor":1},{"not_picked":["Reprogram","Turbo"],"picked":"FTL","floor":3},{"not_picked":["Hologram","Cold Snap"],"picked":"Compile Driver","floor":7},{"not_picked":["Rebound","Compile Driver"],"picked":"Seek","floor":10},{"not_picked":["Reinforced Body","Lockon"],"picked":"Auto Shields","floor":12},{"not_picked":["Steam","Turbo"],"picked":"Storm","floor":14},{"not_picked":["Reboot","Seek"],"picked":"Thunder Strike","floor":16},{"not_picked":["Turbo","Glacier"],"picked":"Leap","floor":18},{"not_picked":["Glacier","Steam"],"picked":"Go for the Eyes","floor":20},{"not_picked":["Chill","Streamline"],"picked":"Consume","floor":21},{"not_picked":["Compile Driver","Leap"],"picked":"Auto Shields+1","floor":22},{"not_picked":["Beam Cell","Steam+1"],"picked":"Double Energy","floor":24},{"not_picked":["Auto Shields","Gash"],"picked":"Machine Learning","floor":25}],"player_experience":193565,"potions_floor_usage":[14,20,21,24,25],"damage_taken":[{"damage":0,"enemies":"Cultist","floor":1,"turns":3},{"damage":1,"enemies":"Jaw Worm","floor":3,"turns":4},{"damage":5,"enemies":"2 Louse","floor":7,"turns":3},{"damage":16,"enemies":"3 Sentries","floor":10,"turns":5},{"damage":4,"enemies":"Exordium Wildlife","floor":12,"turns":2},{"damage":17,"enemies":"Lagavulin","floor":14,"turns":5},{"damage":16,"enemies":"The Guardian","floor":16,"turns":8},{"damage":33,"enemies":"3 Byrds","floor":18,"turns":5},{"damage":7,"enemies":"Shell Parasite","floor":20,"turns":5},{"damage":6,"enemies":"Snecko","floor":21,"turns":5},{"damage":31,"enemies":"Snake Plant","floor":22,"turns":4},{"damage":44,"enemies":"Gremlin Leader","floor":24,"turns":10},{"damage":24,"enemies":"Sentry and Sphere","floor":25,"turns":5},{"damage":15,"enemies":"Snecko","floor":28,"turns":4}],"relics_obtained":[{"floor":9,"key":"Symbiotic Virus"},{"floor":10,"key":"Strawberry"},{"floor":14,"key":"Pantograph"},{"floor":24,"key":"Emotion Chip"},{"floor":26,"key":"Bag of Marbles"}],"event_choices":[{"event_name":"Liars Game","player_choice":"disagreed","floor":2,"damage_taken":0},{"event_name":"Wheel of Change","player_choice":"Curse","floor":4,"damage_taken":0},{"event_name":"Big Fish","player_choice":"Donut","floor":11,"damage_taken":0},{"event_name":"The Joust","player_choice":"Bet on Owner","floor":27,"damage_taken":0}],"boss_relics":[{"not_picked":["Runic Pyramid","Lizard Tail"],"picked":"Ectoplasm"}],"items_purged_floors":[8],"potions_floor_spawned":[1,7,14,21,24,25],"seed_played":"-8919367684382640611","killed_by":"Snecko","ascension_level":2,"potions_obtained":[{"floor":1,"key":"GamblersBrew"},{"floor":7,"key":"AttackPotion"},{"floor":14,"key":"Poison Potion"},{"floor":21,"key":"FearPotion"},{"floor":24,"key":"Weak Potion"},{"floor":25,"key":"Strength Potion"}],"is_trial":false}