{"gold_per_floor":[118,63,75,90,102,132,132,157,203,222,222,253,97,123,123,123],"floor_reached":16,"playtime":789,"items_purged":["Strike_G"],"score":271,"play_id":"5b0b8e6d-3a10-4e48-92a1-58a81157cf8d","local_time":"20181122181601","is_ascension_mode":true,"campfire_choices":[{"data":"Glass Knife","floor":7.0,"key":"SMITH"},{"data":"Neutralize","floor":11.0,"key":"SMITH"},{"data":"Deadly Poison","floor":15.0,"key":"SMITH"}],"neow_cost":"TEN_PERCENT_HP_LOSS","seed_source_timestamp":0,"circlet_count":0,"master_deck":["AscendersBane","Defend_G","Defend_G","Defend_G","Defend_G","Defend_G","Strike_G","Strike_G","Strike_G","Strike_G","Survivor","Neutralize+1","Glass Knife+1","Quick Slash","Deadly Poison","Escape Plan","Die Die Die","Backstab","Deadly Poison","Backflip","Bouncing Flask","Deadly Poison+1"],"special_seed":0,"relics":["Ring of the Snake","Bag of Marbles","Pear","Potion Belt","Omamori","Shuriken"],"potions_floor_usage":[],"damage_taken":[{"damage":0.0,"enemies":"Jaw Worm","floor":1.0,"turns":3.0},{"damage":3.0,"enemies":"Small Slimes","floor":3.0,"turns":4.0},{"damage":0.0,"enemies":"2 Louse","floor":4.0,"turns":2.0},{"damage":0.0,"enemies":"2 Fungi Beasts","floor":5.0,"turns":4.0},{"damage":0.0,"enemies":"Gremlin Nob","floor":6.0,"turns":3.0},{"damage":15.0,"enemies":"3 Sentries","floor":8.0,"turns":6.0},{"damage":3.0,"enemies":"Looter","floor":10.0,"turns":3.0},{"damage":20.0,"enemies":"Lagavulin","floor":12.0,"turns":5.0},{"damage":16.0,"enemies":"Gremlin Nob","floor":14.0,"turns":3.0},{"damage":13,"enemies":"The Guardian","floor":16,"turns":4}],"seed_played":"-8869831371453069936","potions_obtained":[{"floor":1.0,"key":"FearPotion"},{"floor":4.0,"key":"SpeedPotion"},{"floor":6.0,"key":"Ancient Potion"},{"floor":14.0,"key":"Energy Potion"}],"is_trial":false,"path_per_floor":["M","?","M","M","M","E","R","E","T","M","R","E","$","E","R","B"],"character_chosen":"THE_SILENT","items_purchased":["Bouncing Flask"],"campfire_rested":0,"item_purchase_floors":[13],"current_hp_per_floor":[59,59,56,56,56,56,56,51,51,48,48,28,28,12,12,0],"gold":123,"neow_bonus":"THREE_RARE_CARDS","is_prod":false,"is_daily":false,"chose_seed":false,"campfire_upgraded":3,"win_rate":0,"timestamp":1542906961,"path_taken":["M","?","M","M","M","E","R","E","T","M","R","E","$","E","R","BOSS"],"build_version":"2018-11-15","purchased_purges":1,"victory":false,"max_hp_per_floor":[60,60,60,60,60,60,60,70,70,70,70,70,70,70,70,70],"card_choices":[{"not_picked":["Burst","Doppelganger"],"picked":"Glass Knife","floor":0.0},{"not_picked":["Catalyst","Deflect"],"picked":"Quick Slash","floor":1.0},{"not_picked":["Prepared","Acrobatics"],"picked":"Deadly Poison","floor":3.0},{"not_picked":["Tactician","Dodge and Roll"],"picked":"Escape Plan","floor":4.0},{"not_picked":["Sucker Punch","Slice"],"picked":"Die Die Die","floor":5.0},{"not_picked":["Distraction","Skewer"],"picked":"Backstab","floor":6.0},{"not_picked":["Deflect","All Out Attack","Dagger Throw"],"picked":"SKIP","floor":8.0},{"not_picked":["Underhanded Strike","Bane"],"picked":"Deadly Poison","floor":10.0},{"not_picked":["Dagger Spray","Predator"],"picked":"Backflip","floor":12.0},{"not_picked":["Accuracy","All Out Attack"],"picked":"Deadly Poison","floor":14.0}],"player_experience":864469,"relics_obtained":[{"floor":6.0,"key":"Bag of Marbles"},{"floor":8.0,"key":"Pear"},{"floor":9.0,"key":"Potion Belt"},{"floor":12.0,"key":"Omamori"},{"floor":14.0,"key":"Shuriken"}],"event_choices":[{"damage_healed":0.0,"max_hp_gain":0.0,"max_hp_loss":0.0,"gold_gain":0.0,"event_name":"World of Goop","player_choice":"Left Gold","floor":2.0,"gold_loss":55.0,"damage_taken":0.0}],"is_beta":true,"boss_relics":[],"items_purged_floors":[13],"is_endless":false,"potions_floor_spawned":[1,4,6,14],"killed_by":"The Guardian","ascension_level":15}