{"gold_per_floor":[114,114,126,136,136,168,15,15,15,15,15,47,63,76,76,153,153,171,171,10,23,23,23,23],"floor_reached":24,"playtime":1156,"items_purged":["Pain"],"score":408,"play_id":"23bb2c0d-ba72-4276-9222-c0de8d5e244d","local_time":"20190617092700","is_ascension_mode":true,"campfire_choices":[{"floor":8,"key":"REST"},{"floor":11,"key":"REST"},{"floor":15,"key":"REST"},{"floor":23,"key":"REST"}],"neow_cost":"NONE","seed_source_timestamp":0,"circlet_count":0,"master_deck":["AscendersBane","Defend_G","Defend_G","Defend_G","Defend_G","Defend_G","Strike_G","Strike_G","Survivor","Neutralize","Poisoned Stab","Backstab","Crippling Poison","Noxious Fumes","Footwork","Crippling Poison","Corpse Explosion","Die Die Die","Die Die Die+1","Tactician+1","Well Laid Plans+1","Backflip"],"special_seed":0,"relics":["Ring of the Snake","NeowsBlessing","WarpedTongs","Shuriken","Dead Branch","Astrolabe","Snake Skull","Letter Opener"],"potions_floor_usage":[16,16],"damage_taken":[{"damage":0,"enemies":"2 Louse","floor":1,"turns":1},{"damage":0,"enemies":"Cultist","floor":3,"turns":1},{"damage":0,"enemies":"Jaw Worm","floor":4,"turns":1},{"damage":47,"enemies":"3 Sentries","floor":6,"turns":13},{"damage":20,"enemies":"Lagavulin","floor":12,"turns":7},{"damage":6,"enemies":"Gremlin Gang","floor":13,"turns":4},{"damage":1,"enemies":"Large Slime","floor":14,"turns":4},{"damage":21,"enemies":"Slime Boss","floor":16,"turns":6},{"damage":5,"enemies":"Chosen","floor":18,"turns":5},{"damage":23,"enemies":"Shell Parasite","floor":21,"turns":7},{"damage":37,"enemies":"Book of Stabbing","floor":24,"turns":4}],"seed_played":"7182832447803166440","potions_obtained":[{"floor":4,"key":"EssenceOfSteel"},{"floor":12,"key":"SpeedPotion"},{"floor":13,"key":"AttackPotion"},{"floor":14,"key":"Fire Potion"},{"floor":21,"key":"SpeedPotion"}],"is_trial":false,"path_per_floor":["M","?","M","M","?","E","$","R","T","$","R","E","M","M","R","B",null,"M","?","$","M","T","R","E"],"character_chosen":"THE_SILENT","items_purchased":["Footwork","Snake Skull"],"campfire_rested":4,"item_purchase_floors":[7,20],"current_hp_per_floor":[59,50,50,50,50,3,3,22,22,22,41,21,15,14,33,12,53,48,39,39,16,16,35,0],"gold":23,"neow_bonus":"THREE_ENEMY_KILL","is_prod":false,"is_daily":false,"chose_seed":false,"campfire_upgraded":0,"win_rate":0,"timestamp":1560756420,"path_taken":["M","?","M","?","?","E","$","R","T","?","R","E","?","?","R","BOSS","M","?","?","M","?","R","E"],"build_version":"2019-01-23","purchased_purges":1,"victory":false,"max_hp_per_floor":[66,66,66,66,66,66,66,66,66,66,66,66,66,66,66,66,66,66,66,66,66,66,66,66],"card_choices":[{"not_picked":["Deflect","Backstab"],"picked":"Poisoned Stab","floor":1},{"not_picked":["Acrobatics","Blur"],"picked":"Backstab","floor":3},{"not_picked":["Dash","Well Laid Plans"],"picked":"Crippling Poison","floor":4},{"not_picked":["Deflect","Cloak And Dagger"],"picked":"Noxious Fumes","floor":6},{"not_picked":["Dodge and Roll","Tactician"],"picked":"Crippling Poison","floor":12},{"not_picked":["Slice","Blade Dance"],"picked":"Corpse Explosion","floor":13},{"not_picked":["Dagger Spray","Riddle With Holes","Dagger Throw"],"picked":"SKIP","floor":14},{"not_picked":["Venomology","Unload"],"picked":"Die Die Die","floor":16},{"not_picked":["Deadly Poison","Poisoned Stab+1"],"picked":"Backflip","floor":18},{"not_picked":["Dagger Throw","Riddle With Holes+1","Outmaneuver+1"],"picked":"SKIP","floor":21}],"player_experience":1741359,"relics_obtained":[{"floor":6,"key":"Shuriken"},{"floor":12,"key":"Dead Branch"},{"floor":22,"key":"Letter Opener"}],"event_choices":[{"damage_healed":0,"gold_gain":0,"player_choice":"Damaged","damage_taken":9,"max_hp_gain":0,"max_hp_loss":0,"event_name":"Wheel of Change","floor":2,"gold_loss":0},{"damage_healed":0,"gold_gain":0,"player_choice":"Rummage","damage_taken":0,"relics_obtained":["WarpedTongs"],"max_hp_gain":0,"max_hp_loss":0,"event_name":"Accursed Blacksmith","floor":5,"gold_loss":0,"cards_obtained":["Pain"]},{"damage_healed":0,"gold_gain":0,"player_choice":"Damaged","damage_taken":9,"max_hp_gain":0,"max_hp_loss":0,"event_name":"Wheel of Change","floor":19,"gold_loss":0}],"is_beta":false,"boss_relics":[{"not_picked":["HoveringKite","Coffee Dripper"],"picked":"Astrolabe"}],"items_purged_floors":[7],"is_endless":false,"potions_floor_spawned":[4,12,13,14,21],"killed_by":"Book of Stabbing","ascension_level":20}