{"gold_per_floor":[215,57,72,85,85,114,114,130,130,162,162,180,180,180,180,180],"floor_reached":16,"playtime":562,"items_purged":[],"score":220,"play_id":"f76ddf35-8514-4628-8b4f-151d9b96c99f","local_time":"20181206211433","is_ascension_mode":true,"campfire_choices":[{"data":"Double Energy","floor":7,"key":"SMITH"},{"floor":11,"key":"REST"},{"data":"Chill","floor":13,"key":"SMITH"},{"data":"Storm","floor":15,"key":"SMITH"}],"neow_cost":"NONE","seed_source_timestamp":39852139279421,"circlet_count":0,"master_deck":["AscendersBane","Strike_B","Strike_B","Strike_B","Defend_B","Defend_B","Defend_B","Defend_B","Zap","Dualcast","Sweeping Beam","Compile Driver","Double Energy+1","White Noise","Storm+1","Chill+1"],"relics":["Cracked Core","DataDisk","Singing Bowl","Pantograph","Mummified Hand","Golden Idol"],"potions_floor_usage":[10,10],"damage_taken":[{"damage":1,"enemies":"Cultist","floor":1,"turns":3},{"damage":9,"enemies":"2 Louse","floor":3,"turns":2},{"damage":7,"enemies":"Small Slimes","floor":4,"turns":2},{"damage":32,"enemies":"Gremlin Nob","floor":6,"turns":4},{"damage":0,"enemies":"Exordium Wildlife","floor":8,"turns":2},{"damage":16,"enemies":"3 Sentries","floor":10,"turns":5},{"damage":4,"enemies":"Red Slaver","floor":12,"turns":3},{"damage":43,"enemies":"Slime Boss","floor":16,"turns":7}],"seed_played":"-3108985264062136139","potions_obtained":[{"floor":3,"key":"Explosive Potion"},{"floor":6,"key":"EssenceOfSteel"}],"is_trial":false,"path_per_floor":["M","$","M","M","?","E","R","M","T","E","R","M","R","?","R","B"],"character_chosen":"DEFECT","items_purchased":["DataDisk"],"campfire_rested":1,"item_purchase_floors":[2],"current_hp_per_floor":[63,63,54,47,47,17,17,17,17,1,22,18,18,18,18,0],"gold":180,"neow_bonus":"HUNDRED_GOLD","is_prod":false,"is_daily":false,"chose_seed":false,"campfire_upgraded":3,"win_rate":0,"timestamp":1544127273,"path_taken":["M","$","?","M","?","E","R","?","T","E","R","M","R","?","R","BOSS"],"build_version":"2018-12-06","purchased_purges":0,"victory":false,"max_hp_per_floor":[71,71,71,71,71,73,73,73,73,73,73,73,73,66,66,66],"card_choices":[{"not_picked":["Compile Driver","Capacitor"],"picked":"Sweeping Beam","floor":1},{"not_picked":["Streamline","Skim"],"picked":"Compile Driver","floor":3},{"not_picked":["Redo","Rip and Tear"],"picked":"Double Energy","floor":4},{"not_picked":["Hello World","Reboot","Rebound"],"picked":"Singing Bowl","floor":6},{"not_picked":["Double Energy","Go for the Eyes"],"picked":"White Noise","floor":8},{"not_picked":["Blizzard","Conserve Battery"],"picked":"Storm","floor":10},{"not_picked":["Sunder","Chaos"],"picked":"Chill","floor":12}],"player_experience":969997,"relics_obtained":[{"floor":6,"key":"Singing Bowl"},{"floor":9,"key":"Pantograph"},{"floor":10,"key":"Mummified Hand"}],"event_choices":[{"cards_removed":["Strike_B"],"damage_healed":0,"gold_gain":0,"player_choice":"Card Removal","damage_taken":0,"max_hp_gain":0,"max_hp_loss":0,"event_name":"Wheel of Change","floor":5,"gold_loss":0},{"damage_healed":0,"gold_gain":0,"player_choice":"Lose Max HP","damage_taken":0,"relics_obtained":["Golden Idol"],"max_hp_gain":0,"max_hp_loss":7,"event_name":"Golden Idol","floor":14,"gold_loss":0}],"is_beta":true,"boss_relics":[],"items_purged_floors":[],"is_endless":false,"potions_floor_spawned":[3,6],"killed_by":"Slime Boss","ascension_level":20}