{"gold_per_floor":[119,44,44,44,57,83,83,114,114,130,130,194,207,240,240,317,317,333,333,347,358,203,203,203,236,261,261,279,179,193,228,228,306,306,324,324,339,339,339,370,386,402,402,427,475,475,475,489,489,489,489],"floor_reached":51,"playtime":1525,"items_purged":["Pain","Bite"],"score":1671,"play_id":"995cb338-9e5e-4de6-946d-fada528ae0fa","local_time":"20190906002506","is_ascension_mode":true,"campfire_choices":[{"data":"Bash","floor":7.0,"key":"SMITH"},{"data":"Demon Form","floor":15.0,"key":"SMITH"},{"floor":23.0,"key":"REST"},{"data":"Immolate","floor":27.0,"key":"SMITH"},{"data":"Heavy Blade","floor":32.0,"key":"SMITH"},{"floor":47.0,"key":"RECALL"},{"data":"Feel No Pain","floor":49.0,"key":"SMITH"}],"neow_cost":"NONE","seed_source_timestamp":0,"circlet_count":0,"master_deck":["AscendersBane","Defend_R","Defend_R","Defend_R","Defend_R","Bash+1","Battle Trance","Pommel Strike","Clothesline","Demon Form+1","Pommel Strike","Anger","Flame Barrier","Immolate+1","Thunderclap","Necronomicurse","Carnage+1","Bite","Bite","Bite","Bite","Feel No Pain+1","Shrug It Off","Heavy Blade+1","Feed","Sword Boomerang+1","Sword Boomerang","Infernal Blade","Decay","Discovery","Dark Shackles"],"special_seed":0,"relics":["Burning Blood","NeowsBlessing","WarpedTongs","Gremlin Horn","Happy Flower","Art of War","Bag of Preparation","Tiny Chest","Sundial","Runic Dome","Necronomicon","FossilizedHelix","Centennial Puzzle","Matryoshka","Cursed Key","Singing Bowl","PreservedInsect","Darkstone Periapt","Dead Branch"],"potions_floor_usage":[],"damage_taken":[{"damage":0.0,"enemies":"Jaw Worm","floor":1.0,"turns":1.0},{"damage":0.0,"enemies":"Cultist","floor":5.0,"turns":1.0},{"damage":0.0,"enemies":"Lagavulin","floor":6.0,"turns":1.0},{"damage":6.0,"enemies":"Gremlin Nob","floor":8.0,"turns":3.0},{"damage":12.0,"enemies":"Small Slimes","floor":10.0,"turns":3.0},{"damage":31.0,"enemies":"3 Sentries","floor":12.0,"turns":6.0},{"damage":16.0,"enemies":"Exordium Wildlife","floor":13.0,"turns":3.0},{"damage":16.0,"enemies":"Gremlin Nob","floor":14.0,"turns":3.0},{"damage":5.0,"enemies":"Hexaghost","floor":16.0,"turns":6.0},{"damage":32.0,"enemies":"Shell Parasite","floor":18.0,"turns":4.0},{"damage":9.0,"enemies":"Chosen","floor":20.0,"turns":3.0},{"damage":9.0,"enemies":"Snake Plant","floor":21.0,"turns":2.0},{"damage":20.0,"enemies":"Book of Stabbing","floor":25.0,"turns":3.0},{"damage":0.0,"enemies":"Centurion and Healer","floor":28.0,"turns":1.0},{"damage":6.0,"enemies":"Shelled Parasite and Fungi","floor":30.0,"turns":2.0},{"damage":0.0,"enemies":"Slavers","floor":31.0,"turns":1.0},{"damage":32.0,"enemies":"Automaton","floor":33.0,"turns":5.0},{"damage":0.0,"enemies":"Orb Walker","floor":35.0,"turns":2.0},{"damage":11.0,"enemies":"3 Darklings","floor":37.0,"turns":4.0},{"damage":0.0,"enemies":"Reptomancer","floor":40.0,"turns":3.0},{"damage":0.0,"enemies":"Maw","floor":41.0,"turns":5.0},{"damage":9.0,"enemies":"Writhing Mass","floor":42.0,"turns":4.0},{"damage":40.0,"enemies":"Giant Head","floor":44.0,"turns":5.0},{"damage":5.0,"enemies":"2 Orb Walkers","floor":45.0,"turns":3.0},{"damage":14.0,"enemies":"4 Shapes","floor":48.0,"turns":4.0},{"damage":38.0,"enemies":"Time Eater","floor":50.0,"turns":5.0},{"damage":22,"enemies":"Donu and Deca","floor":51,"turns":2}],"seed_played":"8945168412639473900","potions_obtained":[{"floor":10.0,"key":"SmokeBomb"},{"floor":12.0,"key":"Energy Potion"},{"floor":13.0,"key":"FearPotion"},{"floor":39.0,"key":"LiquidBronze"},{"floor":40.0,"key":"Regen Potion"},{"floor":44.0,"key":"FearPotion"}],"is_trial":false,"path_per_floor":["M","?","?","$","M","E","R","E","T","M","T","E","M","E","R","B",null,"M","?","M","M","$","R","?","E","T","R","M","$","M","E","R","B",null,"M","?","M","?","?","E","M","M","T","E","?","?","R","M","R","B","B"],"character_chosen":"IRONCLAD","items_purchased":["Regen Potion"],"campfire_rested":1,"item_purchase_floors":[22],"current_hp_per_floor":[74,74,74,74,75,75,75,75,75,69,69,44,34,24,24,25,63,37,16,13,10,10,32,32,29,29,29,39,39,42,48,48,29,46,55,55,55,55,55,55,57,56,56,30,38,30,30,32,32,12,0],"gold":489,"neow_bonus":"THREE_ENEMY_KILL","is_prod":false,"is_daily":false,"chose_seed":false,"campfire_upgraded":5,"win_rate":0,"timestamp":1567722306,"path_taken":["M","?","?","$","?","E","R","E","T","M","?","E","?","E","R","BOSS","M","?","M","M","$","R","?","E","T","R","M","?","M","E","R","BOSS","M","?","M","?","?","E","?","M","T","E","?","?","R","M","R","BOSS","BOSS"],"build_version":"2019-07-17","purchased_purges":2,"victory":false,"max_hp_per_floor":[75,75,75,75,75,75,75,75,75,75,75,75,75,75,75,75,75,75,75,75,75,75,75,52,52,52,52,52,52,52,52,52,52,52,55,55,58,55,55,55,57,59,59,64,66,68,68,74,74,74,74],"card_choices":[{"not_picked":["Flex","Cleave"],"picked":"Battle Trance","floor":1.0},{"not_picked":["True Grit","Perfected Strike"],"picked":"Pommel Strike","floor":5.0},{"not_picked":["Perfected Strike","Ghostly Armor"],"picked":"Clothesline","floor":6.0},{"not_picked":["Perfected Strike","Rupture"],"picked":"Demon Form","floor":8.0},{"not_picked":["Dropkick","Spot Weakness"],"picked":"Pommel Strike","floor":10.0},{"not_picked":["Headbutt","Wild Strike"],"picked":"Anger","floor":12.0},{"not_picked":["Bloodletting","Battle Trance"],"picked":"Flame Barrier","floor":13.0},{"not_picked":["Clothesline","Rage"],"picked":"Burning Pact","floor":14.0},{"not_picked":["Juggernaut","Exhume"],"picked":"Immolate","floor":16.0},{"not_picked":["Headbutt","Blood for Blood+1"],"picked":"Thunderclap","floor":18.0},{"not_picked":["Reckless Charge","Metallicize","Blood for Blood"],"picked":"SKIP","floor":20.0},{"not_picked":["Pommel Strike","Spot Weakness"],"picked":"Carnage+1","floor":21.0},{"not_picked":["Rage","Burning Pact"],"picked":"Feel No Pain","floor":25.0},{"not_picked":["Perfected Strike","Clothesline"],"picked":"Shrug It Off","floor":28.0},{"not_picked":["Cleave+1","Thunderclap"],"picked":"Heavy Blade","floor":30.0},{"not_picked":["Clash","Anger","Searing Blow"],"picked":"SKIP","floor":31.0},{"not_picked":["Berserk","Dark Embrace"],"picked":"Feed","floor":33.0},{"not_picked":["Clash","Blood for Blood+1"],"picked":"Sword Boomerang+1","floor":35.0},{"not_picked":["Flex","Anger"],"picked":"Sword Boomerang","floor":37.0},{"not_picked":["Warcry","Dark Embrace"],"picked":"Infernal Blade","floor":40.0},{"not_picked":["Anger","Body Slam","Blood for Blood"],"picked":"Singing Bowl","floor":41.0},{"not_picked":["Cleave","Thunderclap+1","Body Slam"],"picked":"Singing Bowl","floor":42.0},{"not_picked":["Blood for Blood+1","True Grit","Cleave+1"],"picked":"Singing Bowl","floor":44.0},{"not_picked":["Sword Boomerang","Anger","Rupture"],"picked":"Singing Bowl","floor":45.0},{"not_picked":["Flash of Steel","Magnetism","Bandage Up"],"picked":"Singing Bowl","floor":46.0},{"not_picked":["PanicButton","Mind Blast"],"picked":"Discovery","floor":46.0},{"not_picked":["Master of Strategy","HandOfGreed"],"picked":"Dark Shackles","floor":46.0},{"not_picked":["Havoc","Flame Barrier","Cleave+1"],"picked":"Singing Bowl","floor":48.0}],"player_experience":2007522,"relics_obtained":[{"floor":6.0,"key":"Gremlin Horn"},{"floor":8.0,"key":"Happy Flower"},{"floor":9.0,"key":"Art of War"},{"floor":11.0,"key":"Bag of Preparation"},{"floor":12.0,"key":"Tiny Chest"},{"floor":14.0,"key":"Sundial"},{"floor":19.0,"key":"Necronomicon"},{"floor":25.0,"key":"FossilizedHelix"},{"floor":26.0,"key":"Centennial Puzzle"},{"floor":31.0,"key":"Matryoshka"},{"floor":40.0,"key":"Singing Bowl"},{"floor":43.0,"key":"PreservedInsect"},{"floor":44.0,"key":"Darkstone Periapt"},{"floor":45.0,"key":"Dead Branch"}],"event_choices":[{"cards_removed":["Strike_R"],"damage_healed":0.0,"max_hp_gain":0.0,"max_hp_loss":0.0,"gold_gain":0.0,"event_name":"The Cleric","player_choice":"Card Removal","floor":2.0,"gold_loss":75.0,"damage_taken":0.0},{"damage_healed":0.0,"max_hp_gain":0.0,"max_hp_loss":0.0,"gold_gain":0.0,"event_name":"Accursed Blacksmith","player_choice":"Rummage","floor":3.0,"gold_loss":0.0,"damage_taken":0.0,"relics_obtained":["WarpedTongs"],"cards_obtained":["Pain"]},{"damage_healed":0.0,"max_hp_gain":0.0,"max_hp_loss":0.0,"gold_gain":0.0,"event_name":"Cursed Tome","player_choice":"Obtained Book","floor":19.0,"gold_loss":0.0,"damage_taken":21.0},{"damage_healed":0.0,"max_hp_gain":0.0,"max_hp_loss":23.0,"gold_gain":0.0,"event_name":"Vampires","player_choice":"Became a vampire","floor":24.0,"gold_loss":0.0,"damage_taken":0.0,"cards_obtained":["Bite","Bite","Bite","Bite","Bite"]},{"cards_removed":["Burning Pact"],"damage_healed":0.0,"max_hp_gain":0.0,"max_hp_loss":0.0,"gold_gain":0.0,"event_name":"Falling","player_choice":"Removed Skill","floor":36.0,"gold_loss":0.0,"damage_taken":0.0},{"damage_healed":0.0,"max_hp_gain":0.0,"max_hp_loss":3.0,"gold_gain":0.0,"event_name":"Winding Halls","player_choice":"Max HP","floor":38.0,"gold_loss":0.0,"damage_taken":0.0},{"damage_healed":0.0,"max_hp_gain":0.0,"max_hp_loss":0.0,"gold_gain":0.0,"event_name":"Lab","player_choice":"Got Potions","floor":39.0,"gold_loss":0.0,"damage_taken":0.0},{"damage_healed":0.0,"max_hp_gain":0.0,"max_hp_loss":0.0,"gold_gain":0.0,"event_name":"Mysterious Sphere","player_choice":"Fight","floor":45.0,"gold_loss":0.0,"damage_taken":0.0},{"damage_healed":0.0,"max_hp_gain":0.0,"max_hp_loss":0.0,"gold_gain":0.0,"event_name":"SensoryStone","player_choice":"Memory 3","floor":46.0,"gold_loss":0.0,"damage_taken":10.0}],"is_beta":false,"boss_relics":[{"not_picked":["Runic Pyramid","Calling Bell"],"picked":"Runic Dome"},{"not_picked":["Eternal Feather","Tiny House"],"picked":"Cursed Key"}],"items_purged_floors":[22,29],"is_endless":false,"potions_floor_spawned":[10,12,13,14,25,33,35,37,40,44],"killed_by":"Donu and Deca","ascension_level":20}