{"path_per_floor":["M","M","?","M","?","R","E","R","T","?","M","E","R","M","R","B",null,"M","M","M","M","$","E","R","E","T","R","?","M","M","M","R","B",null,"M","?","M","M","M","E","M","E","T","E","R","M","R","E","R"],"character_chosen":"DEFECT","items_purchased":["Strange Spoon"],"gold_per_floor":[115,130,130,150,150,150,184,184,210,210,222,248,248,259,259,359,359,329,329,329,329,120,120,120,120,120,120,45,45,45,45,45,45,45,45,45,45,45,45,45,45,45,45,45,45,45,45,45,45,45],"floor_reached":50,"campfire_rested":3,"playtime":2870,"item_purchase_floors":[22],"current_hp_per_floor":[75,75,68,68,68,68,52,52,52,57,64,68,68,74,74,80,80,77,80,62,46,46,45,45,42,42,42,42,50,50,46,87,59,87,87,77,87,66,75,85,87,65,65,46,46,44,85,72,87,0],"items_purged":[],"gold":45,"score":791,"play_id":"3f25f655-9129-44b7-abc2-4267427e14c4","local_time":"20180602193428","is_prod":false,"is_daily":false,"chose_seed":false,"is_ascension_mode":true,"campfire_upgraded":7,"win_rate":0,"timestamp":1527960868,"campfire_choices":[{"data":"Dualcast","floor":6,"key":"SMITH"},{"data":"Steam","floor":8,"key":"SMITH"},{"data":"Electrodynamics","floor":13,"key":"SMITH"},{"data":"White Noise","floor":15,"key":"SMITH"},{"data":"Storm","floor":24,"key":"SMITH"},{"data":"Buffer","floor":27,"key":"SMITH"},{"floor":32,"key":"REST"},{"data":"Apotheosis","floor":45,"key":"SMITH"},{"floor":47,"key":"REST"},{"floor":49,"key":"REST"}],"path_taken":["M","M","?","M","?","R","E","R","T","?","M","E","R","?","R","BOSS","M","?","M","?","$","E","R","E","T","R","?","M","M","M","R","BOSS","M","?","M","M","M","E","M","E","T","E","R","M","R","E","R","BOSS"],"build_version":"2018-05-30v2","seed_source_timestamp":38233691505567,"purchased_purges":0,"victory":false,"master_deck":["Strike_B+1","Strike_B","Strike_B","Defend_B","Defend_B","Defend_B","Zap+1","Dualcast+1","Leap","Steam+1","Self Repair","Ball Lightning+1","Electrodynamics+1","Go for the Eyes","White Noise+1","Buffer+1","Genetic Algorithm","Storm+1","Compile Driver","Doom and Gloom","All For One","Leap+1","White Noise","Sunder","FTL","Amplify","Double Energy","Finesse","Apotheosis+1","Jack Of All Trades","Ball Lightning+1","Consume+1","Turbo+1","Redo+1","Consume","Reboot","Chill+1"],"max_hp_per_floor":[75,75,75,75,75,75,75,75,75,80,80,80,80,80,80,80,80,80,80,80,80,80,87,87,87,87,87,87,87,87,87,87,87,87,87,87,87,87,87,87,87,87,87,87,87,87,87,87,87,87],"relics":["Cracked Core","Anchor","Regal Pillow","Lantern","Art of War","Ectoplasm","Strange Spoon","Strawberry","Blood Vial","Question Card","Inserter","Emotion Chip","Bag of Preparation","Juzu Bracelet","Whetstone","Orichalcum"],"card_choices":[{"not_picked":["Go for the Eyes","Redo"],"picked":"Leap","floor":1},{"not_picked":["Force Field","Lockon"],"picked":"Steam","floor":2},{"not_picked":["Self Repair","Streamline","Auto Shields"],"picked":"SKIP","floor":4},{"not_picked":["Streamline","Auto Shields"],"picked":"Self Repair","floor":4},{"not_picked":["Compile Driver","Reprogram"],"picked":"Ball Lightning","floor":7},{"not_picked":["Melter","Conserve Battery"],"picked":"Electrodynamics","floor":11},{"not_picked":["Rebound","Conserve Battery"],"picked":"Go for the Eyes","floor":12},{"not_picked":["Cold Snap","Ball Lightning"],"picked":"White Noise","floor":14},{"not_picked":["Meteor Strike","Seek"],"picked":"Buffer","floor":16},{"not_picked":["Sweeping Beam","Compile Driver"],"picked":"Genetic Algorithm","floor":18},{"not_picked":["Steam+1","Go for the Eyes"],"picked":"Storm","floor":19},{"not_picked":["Beam Cell","Cold Snap"],"picked":"Compile Driver","floor":20},{"not_picked":["Redo","Turbo"],"picked":"Doom and Gloom","floor":21},{"not_picked":["Fusion","Auto Shields"],"picked":"All For One","floor":23},{"not_picked":["Static Discharge","Scrape"],"picked":"Leap+1","floor":25},{"not_picked":["Reinforced Body","Sweeping Beam+1","Redo"],"picked":"White Noise","floor":29},{"not_picked":["Conserve Battery+1","Loop+1","Turbo"],"picked":"Sunder","floor":30},{"not_picked":["Sweeping Beam+1","Coolheaded+1","Reboot"],"picked":"FTL","floor":31},{"not_picked":["Multi-Cast","Seek","Rainbow"],"picked":"Amplify","floor":33},{"not_picked":["Ball Lightning","Steam+1","Storm"],"picked":"Double Energy","floor":35},{"not_picked":["Good Instincts","Purity","Dark Shackles"],"picked":"Finesse","floor":36},{"not_picked":["Trip","Swift Strike","Panacea"],"picked":"Apotheosis","floor":36},{"not_picked":["Dark Shackles","Finesse","Sadistic Nature"],"picked":"Jack Of All Trades","floor":36},{"not_picked":["Barrage","Steam","Beam Cell+1"],"picked":"Ball Lightning+1","floor":37},{"not_picked":["Sweeping Beam+1","Conserve Battery+1","Static Discharge+1"],"picked":"Consume+1","floor":38},{"not_picked":["Go for the Eyes","Static Discharge+1","Compile Driver+1"],"picked":"Turbo+1","floor":39},{"not_picked":["Scrape","Stack","Steam+1","Seek"],"picked":"SKIP","floor":40},{"not_picked":["Sweeping Beam","Ball Lightning","Gash"],"picked":"Redo+1","floor":41},{"not_picked":["Undo","Turbo+1","FTL"],"picked":"Consume","floor":42},{"not_picked":["Leap+1","Chaos","Cold Snap+1"],"picked":"Reboot","floor":44},{"not_picked":["Leap","Cold Snap+1","Compile Driver+1","Stack+1"],"picked":"SKIP","floor":46},{"not_picked":["Steam+1","White Noise+1","Double Energy+1"],"picked":"Chill+1","floor":48}],"player_experience":264352,"potions_floor_usage":[12,16,19,20,21,23,23,25,39,44,50,50],"damage_taken":[{"damage":0,"enemies":"Cultist","floor":1,"turns":3},{"damage":0,"enemies":"Jaw Worm","floor":2,"turns":3},{"damage":0,"enemies":"Small Slimes","floor":4,"turns":2},{"damage":23,"enemies":"3 Sentries","floor":7,"turns":7},{"damage":0,"enemies":"Looter","floor":11,"turns":2},{"damage":3,"enemies":"Gremlin Nob","floor":12,"turns":3},{"damage":1,"enemies":"Exordium Wildlife","floor":14,"turns":4},{"damage":0,"enemies":"Slime Boss","floor":16,"turns":5},{"damage":3,"enemies":"2 Thieves","floor":18,"turns":2},{"damage":0,"enemies":"Chosen","floor":19,"turns":5},{"damage":25,"enemies":"Slaver and Parasite","floor":20,"turns":5},{"damage":30,"enemies":"Snake Plant","floor":21,"turns":4},{"damage":15,"enemies":"Book of Stabbing","floor":23,"turns":5},{"damage":10,"enemies":"Slavers","floor":25,"turns":2},{"damage":1,"enemies":"Centurion and Healer","floor":29,"turns":4},{"damage":16,"enemies":"Sentry and Sphere","floor":30,"turns":4},{"damage":13,"enemies":"Snake Plant","floor":31,"turns":4},{"damage":28,"enemies":"Automaton","floor":33,"turns":8},{"damage":0,"enemies":"Orb Walker","floor":35,"turns":4},{"damage":0,"enemies":"Flame Bruiser 1 Orb","floor":37,"turns":4},{"damage":28,"enemies":"Transient","floor":38,"turns":5},{"damage":0,"enemies":"Sphere and 2 Shapes","floor":39,"turns":2},{"damage":2,"enemies":"Nemesis","floor":40,"turns":7},{"damage":0,"enemies":"Maw","floor":41,"turns":6},{"damage":22,"enemies":"2 Orb Walkers","floor":42,"turns":4},{"damage":38,"enemies":"Giant Head","floor":44,"turns":8},{"damage":4,"enemies":"4 Shapes","floor":46,"turns":3},{"damage":25,"enemies":"Nemesis","floor":48,"turns":5},{"damage":92,"enemies":"Awakened One","floor":50,"turns":7}],"relics_obtained":[{"floor":7,"key":"Regal Pillow"},{"floor":9,"key":"Lantern"},{"floor":12,"key":"Art of War"},{"floor":23,"key":"Strawberry"},{"floor":25,"key":"Blood Vial"},{"floor":26,"key":"Question Card"},{"floor":40,"key":"Emotion Chip"},{"floor":42,"key":"Bag of Preparation"},{"floor":43,"key":"Juzu Bracelet"},{"floor":44,"key":"Whetstone"},{"floor":48,"key":"Orichalcum"}],"event_choices":[{"event_name":"Golden Wing","player_choice":"Card Removal","floor":3,"damage_taken":0},{"event_name":"Living Wall","player_choice":"Grow","floor":5,"damage_taken":0},{"event_name":"Big Fish","player_choice":"Donut","floor":10,"damage_taken":0},{"event_name":"Beggar","player_choice":"Gave Gold","floor":28,"damage_taken":0},{"event_name":"SensoryStone","player_choice":"Memory 3","floor":36,"damage_taken":0}],"boss_relics":[{"not_picked":["Runic Dome","Lizard Tail"],"picked":"Ectoplasm"},{"not_picked":["Black Star","White Beast Statue"],"picked":"Inserter"}],"items_purged_floors":[],"potions_floor_spawned":[7,11,14,16,18,19,20,23,33,38,39,41],"seed_played":"2586442845291788661","killed_by":"Awakened One","ascension_level":3,"potions_obtained":[{"floor":7,"key":"PowerPotion"},{"floor":11,"key":"Dexterity Potion"},{"floor":14,"key":"Fire Potion"},{"floor":16,"key":"Swift Potion"},{"floor":18,"key":"FocusPotion"},{"floor":19,"key":"Weak Potion"},{"floor":20,"key":"Poison Potion"},{"floor":23,"key":"SkillPotion"},{"floor":33,"key":"FocusPotion"},{"floor":38,"key":"FocusPotion"},{"floor":39,"key":"Dexterity Potion"},{"floor":41,"key":"Fire Potion"}],"is_trial":false}