{"gold_per_floor":[110,34,34,34,34,34,34,75,98,98,113,129,169,193,193,286,286,306,306,322,340,365,403,403,439,439,439,439,459,100,123,123,219,219,233,254,379,106,162,195,195,215,239,239,279,279,314,329,329,329,329,329,329,3,38,38],"floor_reached":57,"playtime":2426,"items_purged":["Strike_R","Strike_R"],"score":2901,"play_id":"89dfde91-24af-4f46-8ec7-fe7fba5e5353","local_time":"20190320170719","is_ascension_mode":true,"campfire_choices":[{"data":"Bash","floor":6.0,"key":"SMITH"},{"data":"Bludgeon","floor":10.0,"key":"SMITH"},{"data":"Disarm","floor":15,"key":"SMITH"},{"data":"Heavy Blade","floor":24,"key":"SMITH"},{"data":"Limit Break","floor":27,"key":"SMITH"},{"data":"Limit Break","floor":32,"key":"SMITH"},{"floor":41,"key":"RECALL"},{"floor":49,"key":"REST"},{"floor":53,"key":"REST"}],"neow_cost":"CURSE","seed_source_timestamp":21509977715268,"circlet_count":0,"master_deck":["AscendersBane","Defend_R","Defend_R","Defend_R","Defend_R","Bash+1","Brutality","Disarm+1","Inflame+1","Bludgeon+1","Reaper","Uppercut","Spot Weakness","Shockwave","Battle Trance","Limit Break+1","Flame Barrier","Limit Break+1","Heavy Blade+1","Corruption+1","Feed","Immolate+1","Warcry","Cleave","Shockwave","Heavy Blade+1","Burning Pact+1","Offering","Double Tap","Inflame","Exhume","Demon Form","Dark Embrace","Sentinel+1","Shrug It Off","Barricade"],"special_seed":0,"relics":["Burning Blood","Golden Idol","Red Skull","Question Card","Snecko Eye","Nloth\u0027s Gift","Orichalcum","Prayer Wheel","Boot","Mercury Hourglass","Fusion Hammer","Unceasing Top","Centennial Puzzle","Magic Flower","Bird Faced Urn","Gambling Chip","Whetstone","Lantern","Bottled Tornado","Paper Frog"],"potions_floor_usage":[16,56,56,56,56],"damage_taken":[{"damage":17.0,"enemies":"Jaw Worm","floor":1.0,"turns":7.0},{"damage":10.0,"enemies":"Gremlin Nob","floor":8.0,"turns":3.0},{"damage":8.0,"enemies":"2 Louse","floor":11.0,"turns":3.0},{"damage":6.0,"enemies":"Cultist","floor":12.0,"turns":3.0},{"damage":47,"enemies":"3 Sentries","floor":13,"turns":8},{"damage":6,"enemies":"Blue Slaver","floor":14,"turns":2},{"damage":50,"enemies":"Hexaghost","floor":16,"turns":9},{"damage":0,"enemies":"Chosen","floor":18,"turns":3},{"damage":26,"enemies":"2 Thieves","floor":20,"turns":4},{"damage":28,"enemies":"Cultist and Chosen","floor":21,"turns":6},{"damage":5,"enemies":"Centurion and Healer","floor":22,"turns":4},{"damage":20,"enemies":"Book of Stabbing","floor":23,"turns":4},{"damage":0,"enemies":"Gremlin Leader","floor":25,"turns":4},{"damage":1,"enemies":"Snecko","floor":29,"turns":3},{"damage":17,"enemies":"Shelled Parasite and Fungi","floor":31,"turns":2},{"damage":13,"enemies":"Automaton","floor":33,"turns":6},{"damage":19,"enemies":"Orb Walker","floor":35,"turns":4},{"damage":13,"enemies":"3 Shapes","floor":36,"turns":2},{"damage":0,"enemies":"Mind Bloom Boss Battle","floor":37,"turns":4},{"damage":19,"enemies":"2 Orb Walkers","floor":39,"turns":3},{"damage":50,"enemies":"Nemesis","floor":40,"turns":5},{"damage":17,"enemies":"Sphere and 2 Shapes","floor":42,"turns":2},{"damage":18,"enemies":"Reptomancer","floor":45,"turns":3},{"damage":67,"enemies":"Nemesis","floor":47,"turns":7},{"damage":7,"enemies":"3 Darklings","floor":48,"turns":3},{"damage":64,"enemies":"Awakened One","floor":50,"turns":5},{"damage":41,"enemies":"Time Eater","floor":51,"turns":3},{"damage":33,"enemies":"Shield and Spear","floor":55,"turns":3},{"damage":153,"enemies":"The Heart","floor":56,"turns":8}],"seed_played":"-2465781489853544035","potions_obtained":[{"floor":12.0,"key":"SpeedPotion"},{"floor":14,"key":"PowerPotion"},{"floor":18,"key":"Weak Potion"},{"floor":47,"key":"EntropicBrew"}],"is_trial":false,"path_per_floor":["M","$","?","?","?","R","?","E","T","R","M","M","E","M","R","B",null,"M","?","M","M","M","E","R","E","T","R","?","M","$","M","R","B",null,"M","M","?","$","?","E","R","M","T","?","E","T","E","M","R","B","B",null,"R","$","E","B",null],"character_chosen":"IRONCLAD","items_purchased":["Inflame","Mercury Hourglass","Centennial Puzzle","Bottled Tornado","Shrug It Off"],"campfire_rested":2,"item_purchase_floors":[2,30,38,54,54],"current_hp_per_floor":[57,57,57,50,50,50,50,46,46,46,58,68,43,43,43,21,56,68,68,63,48,66,61,61,68,68,68,68,71,71,60,60,68,73,67,63,72,72,83,63,63,86,86,82,82,82,41,85,85,88,73,87,91,91,94,49],"gold":38,"neow_bonus":"THREE_RARE_CARDS","is_prod":false,"is_daily":false,"chose_seed":false,"campfire_upgraded":6,"win_rate":0,"timestamp":1553098039,"path_taken":["M","$","?","?","?","R","?","E","T","R","M","M","E","?","R","BOSS","M","?","?","M","M","E","R","E","T","R","?","M","?","M","R","BOSS","M","M","?","$","?","E","R","M","T","?","E","?","E","M","R","BOSS","BOSS","R","$","E","BOSS"],"build_version":"2019-01-23","purchased_purges":2,"victory":true,"max_hp_per_floor":[75,75,75,75,68,68,68,68,68,68,68,68,68,68,68,68,68,68,68,68,68,68,68,68,68,68,68,68,71,71,71,71,74,74,74,77,80,80,83,86,86,86,86,82,82,82,82,85,85,88,91,91,91,91,94,97],"card_choices":[{"not_picked":["Berserk","Dark Embrace"],"picked":"Brutality","floor":0.0},{"not_picked":["True Grit","Evolve"],"picked":"Disarm","floor":1.0},{"not_picked":["Sever Soul","Body Slam"],"picked":"Reaper","floor":8.0},{"not_picked":["Armaments","Second Wind"],"picked":"Uppercut","floor":11.0},{"not_picked":["Iron Wave","Warcry"],"picked":"Spot Weakness","floor":12.0},{"not_picked":["Rage","Blood for Blood"],"picked":"Shockwave","floor":13},{"not_picked":["Evolve","Wild Strike","Pommel Strike"],"picked":"Battle Trance","floor":14},{"not_picked":["Double Tap","Demon Form","Exhume"],"picked":"Limit Break","floor":16},{"not_picked":["Headbutt","Anger","Twin Strike+1"],"picked":"Flame Barrier","floor":18},{"not_picked":["Heavy Blade","Flex","Twin Strike"],"picked":"Limit Break","floor":20},{"not_picked":["Disarm","Twin Strike","Pommel Strike"],"picked":"Heavy Blade","floor":21},{"not_picked":["Combust","Feel No Pain","Havoc"],"picked":"Corruption+1","floor":22},{"not_picked":["True Grit","Bludgeon","Dropkick"],"picked":"Feed","floor":23},{"not_picked":["Wild Strike","Twin Strike","Rampage"],"picked":"Immolate","floor":25},{"not_picked":["Corruption","Intimidate","Combust"],"picked":"Shockwave","floor":29},{"not_picked":["Ghostly Armor","Iron Wave","Havoc+1"],"picked":"Heavy Blade","floor":29},{"not_picked":["Warcry","Flex","Evolve"],"picked":"Burning Pact+1","floor":31},{"not_picked":["Combust","Anger","Battle Trance","Entrench"],"picked":"SKIP","floor":31},{"not_picked":["Brutality","Exhume","Reaper"],"picked":"Offering","floor":33},{"not_picked":["Flex","Heavy Blade","Bloodletting+1","Armaments"],"picked":"SKIP","floor":35},{"not_picked":["Heavy Blade","Battle Trance+1","Rampage","Warcry"],"picked":"SKIP","floor":35},{"not_picked":["Clothesline","Heavy Blade+1","Juggernaut"],"picked":"Double Tap","floor":36},{"not_picked":["Wild Strike","Thunderclap","Clothesline","Pommel Strike+1"],"picked":"SKIP","floor":36},{"not_picked":["Pommel Strike","Anger","True Grit"],"picked":"Inflame","floor":39},{"not_picked":["True Grit","Body Slam","Flame Barrier"],"picked":"Exhume","floor":40},{"not_picked":["True Grit","Headbutt","Body Slam","Power Through"],"picked":"SKIP","floor":42},{"not_picked":["Armaments+1","Thunderclap","Havoc","Rupture+1"],"picked":"SKIP","floor":42},{"not_picked":["Iron Wave","Perfected Strike+1","Flex"],"picked":"Demon Form","floor":45},{"not_picked":["Combust+1","Feed","Pommel Strike"],"picked":"Dark Embrace","floor":47},{"not_picked":["Armaments+1","Flame Barrier","Perfected Strike+1"],"picked":"Sentinel+1","floor":48},{"not_picked":["Thunderclap","Blood for Blood+1","Anger+1","Cleave"],"picked":"SKIP","floor":48},{"not_picked":["Feed","Perfected Strike","Body Slam"],"picked":"Barricade","floor":55}],"player_experience":1457041,"relics_obtained":[{"floor":8.0,"key":"Red Skull"},{"floor":9.0,"key":"Dream Catcher"},{"floor":13,"key":"Question Card"},{"floor":23,"key":"Orichalcum"},{"floor":25,"key":"Prayer Wheel"},{"floor":26,"key":"Boot"},{"floor":37,"key":"Unceasing Top"},{"floor":39,"key":"Magic Flower"},{"floor":40,"key":"Bird Faced Urn"},{"floor":45,"key":"Gambling Chip"},{"floor":46,"key":"Whetstone"},{"floor":47,"key":"Lantern"},{"floor":55,"key":"Paper Frog"}],"event_choices":[{"damage_healed":0.0,"max_hp_gain":0.0,"max_hp_loss":0.0,"gold_gain":0.0,"event_name":"Living Wall","player_choice":"Grow","floor":3.0,"gold_loss":0.0,"damage_taken":0.0,"cards_upgraded":["Inflame"]},{"cards_removed":["Clumsy"],"damage_healed":0.0,"max_hp_gain":0.0,"max_hp_loss":0.0,"gold_gain":0.0,"event_name":"Golden Wing","player_choice":"Card Removal","floor":4.0,"gold_loss":0.0,"damage_taken":7.0},{"damage_healed":0.0,"max_hp_gain":0.0,"max_hp_loss":7.0,"gold_gain":0.0,"event_name":"Golden Idol","player_choice":"Lose Max HP","floor":5.0,"gold_loss":0.0,"damage_taken":0.0,"relics_obtained":["Golden Idol"]},{"damage_healed":0.0,"max_hp_gain":0.0,"max_hp_loss":0.0,"gold_gain":0.0,"cards_transformed":["Strike_R"],"event_name":"Transmorgrifier","player_choice":"Transformed","floor":7.0,"gold_loss":0.0,"damage_taken":0.0,"cards_obtained":["Bludgeon"]},{"damage_healed":0,"gold_gain":0,"player_choice":"Traded Relic","damage_taken":0,"relics_obtained":["Nloth\u0027s Gift"],"max_hp_gain":0,"max_hp_loss":0,"event_name":"N\u0027loth","floor":19,"relics_lost":["Dream Catcher"],"gold_loss":0},{"damage_healed":0,"gold_gain":0,"cards_transformed":["Strike_R","Strike_R"],"player_choice":"Became Test Subject","damage_taken":0,"max_hp_gain":0,"max_hp_loss":0,"event_name":"Drug Dealer","floor":28,"gold_loss":0,"cards_obtained":["Warcry","Cleave"]},{"damage_healed":0,"gold_gain":0,"player_choice":"Fight","damage_taken":0,"max_hp_gain":0,"max_hp_loss":0,"event_name":"MindBloom","floor":37,"gold_loss":0},{"damage_healed":0,"gold_gain":0,"player_choice":"Fight","damage_taken":0,"max_hp_gain":0,"max_hp_loss":0,"event_name":"Mysterious Sphere","floor":39,"gold_loss":0},{"damage_healed":0,"gold_gain":0,"player_choice":"Max HP","damage_taken":0,"max_hp_gain":0,"max_hp_loss":4,"event_name":"Winding Halls","floor":44,"gold_loss":0}],"is_beta":false,"boss_relics":[{"not_picked":["Ectoplasm","Busted Crown"],"picked":"Snecko Eye"},{"not_picked":["Lizard Tail","Astrolabe"],"picked":"Fusion Hammer"}],"items_purged_floors":[30,38],"is_endless":false,"potions_floor_spawned":[12,14,18,23,25,35,36,37,39,47,48],"ascension_level":20}