{"gold_per_floor":[116,41,52,52,68,103,103,123,123,138,169,183,202,102,102,102],"floor_reached":16,"playtime":534,"items_purged":["Shame","Strike_R"],"score":228,"play_id":"ef6ed5fd-3393-4f22-9265-a0b580e2fef8","local_time":"20190212200237","is_ascension_mode":true,"campfire_choices":[{"data":"Spot Weakness","floor":7.0,"key":"SMITH"},{"data":"Armaments","floor":15.0,"key":"SMITH"}],"neow_cost":"CURSE","seed_source_timestamp":0,"circlet_count":0,"master_deck":["AscendersBane","Strike_R","Strike_R","Strike_R","Defend_R","Defend_R","Defend_R","Defend_R","Bash","Metallicize","Whirlwind","Heavy Blade","Spot Weakness+1","Shrug It Off","Demon Form","Armaments+1","Limit Break","Inflame"],"special_seed":0,"relics":["Burning Blood","Magic Flower","Bronze Scales","Boot","Dodecahedron"],"potions_floor_usage":[16],"damage_taken":[{"damage":8.0,"enemies":"Small Slimes","floor":1.0,"turns":6.0},{"damage":3.0,"enemies":"Cultist","floor":3.0,"turns":5.0},{"damage":0.0,"enemies":"2 Louse","floor":5.0,"turns":1.0},{"damage":38.0,"enemies":"Lagavulin","floor":6.0,"turns":8.0},{"damage":20.0,"enemies":"Gremlin Gang","floor":8.0,"turns":4.0},{"damage":14.0,"enemies":"3 Louse","floor":10.0,"turns":3.0},{"damage":29.0,"enemies":"Gremlin Nob","floor":11.0,"turns":4.0},{"damage":0.0,"enemies":"Blue Slaver","floor":12.0,"turns":5.0},{"damage":3.0,"enemies":"Looter","floor":13.0,"turns":4.0},{"damage":38,"enemies":"Slime Boss","floor":16,"turns":3}],"seed_played":"-1184344780798599738","potions_obtained":[{"floor":3.0,"key":"Explosive Potion"},{"floor":6.0,"key":"Energy Potion"},{"floor":10.0,"key":"SkillPotion"},{"floor":12.0,"key":"SteroidPotion"}],"is_trial":false,"path_per_floor":["M","$","M","?","M","E","R","M","T","M","E","M","M","$","R","B"],"character_chosen":"IRONCLAD","items_purchased":[],"campfire_rested":0,"item_purchase_floors":[],"current_hp_per_floor":[69,69,75,75,75,46,46,35,35,30,10,19,25,25,25,0],"gold":102,"neow_bonus":"ONE_RARE_RELIC","is_prod":false,"is_daily":false,"chose_seed":false,"campfire_upgraded":2,"win_rate":0,"timestamp":1549998157,"path_taken":["M","$","M","?","M","E","R","?","T","M","E","M","M","$","R","BOSS"],"build_version":"2019-01-23","purchased_purges":2,"victory":false,"max_hp_per_floor":[75,75,75,75,75,75,75,75,75,75,75,75,75,75,75,75],"card_choices":[{"not_picked":["Power Through","Flex"],"picked":"Metallicize","floor":1.0},{"not_picked":["Second Wind","Disarm"],"picked":"Whirlwind","floor":3.0},{"not_picked":["Cleave","Flex"],"picked":"Spot Weakness","floor":5.0},{"not_picked":["Havoc","True Grit"],"picked":"Shrug It Off","floor":6.0},{"not_picked":["Warcry","Rage"],"picked":"Demon Form","floor":8.0},{"not_picked":["Blood for Blood","Iron Wave"],"picked":"Armaments","floor":10.0},{"not_picked":["Perfected Strike","Evolve"],"picked":"Limit Break","floor":11.0},{"not_picked":["Iron Wave","True Grit","Sentinel"],"picked":"SKIP","floor":12.0},{"not_picked":["Clash","Headbutt"],"picked":"Inflame","floor":13.0}],"player_experience":1248348,"relics_obtained":[{"floor":6.0,"key":"Bronze Scales"},{"floor":9.0,"key":"Boot"},{"floor":11.0,"key":"Dodecahedron"}],"event_choices":[{"damage_healed":0.0,"max_hp_gain":0.0,"max_hp_loss":0.0,"gold_gain":0.0,"cards_transformed":["Strike_R"],"event_name":"Transmorgrifier","player_choice":"Transformed","floor":4.0,"gold_loss":0.0,"damage_taken":0.0,"cards_obtained":["Heavy Blade"]}],"is_beta":false,"boss_relics":[],"items_purged_floors":[2,14],"is_endless":false,"potions_floor_spawned":[3,6,10,12],"killed_by":"Slime Boss","ascension_level":20}