{"gold_per_floor":[112,112,122,136,148,148,177,191,241,241],"floor_reached":10,"playtime":819,"items_purged":[],"score":140,"play_id":"c54cbb98-5cbd-482f-a979-d38ba8819f7d","local_time":"20181220001702","is_ascension_mode":true,"campfire_choices":[{"data":"White Noise","floor":6,"key":"SMITH"}],"neow_cost":"NONE","seed_source_timestamp":55973227601358,"circlet_count":0,"master_deck":["AscendersBane","Strike_B","Strike_B","Strike_B","Defend_B","Defend_B","Defend_B","Defend_B","Zap","Dualcast","Coolheaded","White Noise+1","Seek","Self Repair","FTL"],"relics":["Cracked Core","Ancient Bracer","ReplayFunnel","ReplayTheSpireMod:TigerMarble"],"potions_floor_usage":[7,8],"damage_taken":[{"damage":4,"enemies":"Jaw Worm","floor":1,"turns":5},{"damage":2,"enemies":"Cultist","floor":3,"turns":4},{"damage":9,"enemies":"Small Slimes","floor":4,"turns":3},{"damage":3,"enemies":"Blue Slaver","floor":5,"turns":4},{"damage":20,"enemies":"Lagavulin","floor":7,"turns":8},{"damage":10,"enemies":"Gremlin Gang","floor":8,"turns":4},{"damage":28,"enemies":"Erikyupuro","floor":10,"turns":10}],"seed_played":"2948460288407159216","potions_obtained":[{"floor":5,"key":"Poison Potion"},{"floor":7,"key":"Adrenaline Potion"}],"is_trial":false,"path_per_floor":["M","?","M","M","M","R","E","M","T","E"],"character_chosen":"DEFECT","items_purchased":[],"campfire_rested":0,"item_purchase_floors":[],"current_hp_per_floor":[60,60,58,49,46,46,26,23,23,0],"gold":241,"neow_bonus":"RANDOM_COMMON_RELIC","is_prod":false,"is_daily":false,"chose_seed":false,"campfire_upgraded":1,"win_rate":0,"timestamp":1545261422,"path_taken":["M","?","M","?","M","R","E","M","T","E"],"build_version":"2018-12-13","purchased_purges":0,"victory":false,"max_hp_per_floor":[71,71,71,71,71,71,71,71,71,71],"card_choices":[{"not_picked":["Hologram","ReplayGash"],"picked":"Coolheaded","floor":1},{"not_picked":["Conserve Battery","Turbo"],"picked":"White Noise","floor":3},{"not_picked":["Stack","Hologram"],"picked":"Seek","floor":4},{"not_picked":["Redo","Beam Cell","Steam"],"picked":"SKIP","floor":5},{"not_picked":["ReplaySort","Aggregate"],"picked":"Self Repair","floor":7},{"not_picked":["Chaos","Steam"],"picked":"FTL","floor":8}],"player_experience":1051279,"relics_obtained":[{"floor":7,"key":"ReplayFunnel"},{"floor":9,"key":"ReplayTheSpireMod:TigerMarble"}],"event_choices":[{"cards_removed":["Strike_B"],"damage_healed":0,"gold_gain":0,"player_choice":"Offered Basic","damage_taken":0,"max_hp_gain":0,"max_hp_loss":0,"event_name":"Bonfire Elementals","floor":2,"gold_loss":0}],"is_beta":false,"boss_relics":[],"items_purged_floors":[],"is_endless":false,"potions_floor_spawned":[5,7],"killed_by":"Erikyupuro","ascension_level":20}