{"path_per_floor":["M","?","?","$","M","E","R","E","T","R","E","M","?","M","R","B",null,"M","$","M","?","T","E","R","E","T","E","M","M","E","?","R","B",null,"M","M","M","$","M","E","R","M","T","E","M","?","$","E","R","B"],"character_chosen":"DEFECT","items_purchased":["Tiny Chest","War Paint","Pear","Anchor","Static Discharge","Storm"],"gold_per_floor":[119,119,119,44,54,81,81,108,108,108,137,156,231,249,249,346,346,361,243,258,218,218,245,245,270,352,383,393,407,441,441,441,541,541,553,573,587,52,62,87,87,97,97,123,134,134,9,38,38,38],"floor_reached":51,"campfire_rested":2,"playtime":2821,"item_purchase_floors":[19,38,38,38,47,47],"current_hp_per_floor":[68,61,61,61,61,38,38,29,29,49,45,52,41,41,41,43,68,68,68,35,35,42,44,44,37,37,32,32,46,47,39,61,32,75,75,75,56,66,57,62,62,76,76,77,79,79,79,99,99,46],"items_purged":["Regret"],"gold":38,"score":1125,"play_id":"91aa8d1b-9b70-49a6-883e-47bd80fc0cb8","local_time":"20180605233556","is_prod":false,"is_daily":false,"chose_seed":false,"is_ascension_mode":true,"campfire_upgraded":5,"win_rate":0,"timestamp":1528234556,"campfire_choices":[{"data":"Zap","floor":7,"key":"SMITH"},{"floor":10,"key":"REST"},{"data":"White Noise","floor":15,"key":"SMITH"},{"data":"Defragment","floor":24,"key":"SMITH"},{"floor":32,"key":"REST"},{"data":"White Noise","floor":41,"key":"SMITH"},{"data":"Storm","floor":49,"key":"SMITH"}],"path_taken":["M","?","?","$","M","E","R","E","T","R","E","?","?","M","R","BOSS","M","$","M","?","?","E","R","E","T","E","M","M","E","?","R","BOSS","M","M","M","$","M","E","R","M","T","E","M","?","$","E","R","BOSS"],"build_version":"2018-06-04v2","seed_source_timestamp":46555350014757,"purchased_purges":1,"victory":true,"master_deck":["Strike_B+1","Strike_B+1","Strike_B","Defend_B","Defend_B+1","Defend_B","Defend_B","Zap+1","Dualcast","Electrodynamics","Go for the Eyes","Aggregate","Defragment+1","Self Repair","White Noise+1","Conserve Battery+1","Capacitor","Seek","Cold Snap+1","Beam Cell","Self Repair","Force Field+1","BootSequence","Redo+1","Steam","Fission","Seek","Storm+1","White Noise+1","Steam+1","Machine Learning","Stack+1","Turbo+1","Magnetism","Static Discharge","Storm+1","Beam Cell+1"],"max_hp_per_floor":[68,68,68,68,68,68,68,68,68,68,68,68,68,68,68,68,68,68,68,68,68,75,75,75,75,75,75,75,75,75,75,75,75,75,75,75,75,85,85,85,85,85,85,85,85,85,85,99,99,99],"relics":["Cracked Core","Gremlin Horn","Whetstone","Shuriken","Oddly Smooth Stone","Toolbox","Black Star","Tiny Chest","Strawberry","Pen Nib","DataDisk","Dead Branch","Unceasing Top","The Courier","Dream Catcher","Happy Flower","Darkstone Periapt","Bottled Lightning","Inserter","War Paint","Pear","Anchor","Toxic Egg 2","Kunai","Lantern","Blood Vial","Boot","Ginger","Mango"],"card_choices":[{"not_picked":["Fission","Multi-Cast"],"picked":"Electrodynamics","floor":0},{"not_picked":["Streamline","Compile Driver"],"picked":"Go for the Eyes","floor":1},{"not_picked":["Hologram","Darkness"],"picked":"Aggregate","floor":5},{"not_picked":["Redo","Consume"],"picked":"Defragment","floor":6},{"not_picked":["Steam","Turbo"],"picked":"Self Repair","floor":8},{"not_picked":["Reinforced Body","Ball Lightning"],"picked":"White Noise","floor":11},{"not_picked":["Meteor Strike","Sweeping Beam"],"picked":"Conserve Battery","floor":12},{"not_picked":["Compile Driver","Steam"],"picked":"Capacitor","floor":14},{"not_picked":["Hyperbeam","Multi-Cast"],"picked":"Seek","floor":16},{"not_picked":["Compile Driver","Turbo"],"picked":"Cold Snap+1","floor":18},{"not_picked":["Go for the Eyes","Hologram"],"picked":"Beam Cell","floor":20},{"not_picked":["Sweeping Beam+1","Steam+1"],"picked":"Self Repair","floor":23},{"not_picked":["Scrape","Hologram"],"picked":"Force Field+1","floor":25},{"not_picked":["Biased Cognition","Glacier"],"picked":"BootSequence","floor":27},{"not_picked":["Steam Power+1","Doom and Gloom"],"picked":"Redo+1","floor":28},{"not_picked":["Cold Snap","Compile Driver"],"picked":"Steam","floor":29},{"not_picked":["Turbo","Sweeping Beam"],"picked":"Fission","floor":30},{"not_picked":["Reboot","Fission"],"picked":"Seek","floor":33},{"not_picked":["Undo+1","Fusion","Capacitor"],"picked":"SKIP","floor":35},{"not_picked":["Darkness+1","Ball Lightning","Gash+1"],"picked":"SKIP","floor":36},{"not_picked":["Lockon+1","Barrage+1"],"picked":"Storm+1","floor":37},{"not_picked":["Leap","Rebound"],"picked":"White Noise","floor":39},{"not_picked":["Redo","Hologram"],"picked":"Steam","floor":40},{"not_picked":["Lockon","Streamline+1"],"picked":"Machine Learning","floor":42},{"not_picked":["Compile Driver","Melter"],"picked":"Stack+1","floor":44},{"not_picked":["Conserve Battery+1","Capacitor+1"],"picked":"Turbo+1","floor":45},{"not_picked":["Finesse+1","Trip+1"],"picked":"Magnetism","floor":46},{"not_picked":["Hologram+1","Leap+1"],"picked":"Beam Cell+1","floor":48}],"player_experience":279666,"potions_floor_usage":[6,11,16,16,23,23,25,28,29,37,50,50,50],"damage_taken":[{"damage":0,"enemies":"2 Louse","floor":1,"turns":1},{"damage":0,"enemies":"Small Slimes","floor":5,"turns":2},{"damage":23,"enemies":"Gremlin Nob","floor":6,"turns":4},{"damage":9,"enemies":"3 Sentries","floor":8,"turns":3},{"damage":11,"enemies":"Lagavulin","floor":11,"turns":5},{"damage":0,"enemies":"Jaw Worm","floor":12,"turns":3},{"damage":0,"enemies":"2 Fungi Beasts","floor":14,"turns":1},{"damage":5,"enemies":"The Guardian","floor":16,"turns":9},{"damage":3,"enemies":"Chosen","floor":18,"turns":6},{"damage":40,"enemies":"2 Thieves","floor":20,"turns":4},{"damage":5,"enemies":"Gremlin Leader","floor":23,"turns":5},{"damage":21,"enemies":"Book of Stabbing","floor":25,"turns":4},{"damage":12,"enemies":"Slavers","floor":27,"turns":3},{"damage":14,"enemies":"Centurion and Healer","floor":28,"turns":3},{"damage":0,"enemies":"3 Cultists","floor":29,"turns":3},{"damage":13,"enemies":"Book of Stabbing","floor":30,"turns":5},{"damage":36,"enemies":"Collector","floor":33,"turns":7},{"damage":0,"enemies":"Flame Bruiser 1 Orb","floor":35,"turns":3},{"damage":7,"enemies":"3 Darklings","floor":36,"turns":2},{"damage":33,"enemies":"Transient","floor":37,"turns":5},{"damage":16,"enemies":"Spire Growth","floor":39,"turns":6},{"damage":9,"enemies":"Giant Head","floor":40,"turns":8},{"damage":0,"enemies":"Flame Bruiser 2 Orb","floor":42,"turns":2},{"damage":13,"enemies":"Nemesis","floor":44,"turns":5},{"damage":0,"enemies":"4 Shapes","floor":45,"turns":1},{"damage":0,"enemies":"2 Orb Walkers","floor":48,"turns":2},{"damage":60,"enemies":"Time Eater","floor":50,"turns":6}],"relics_obtained":[{"floor":6,"key":"Whetstone"},{"floor":8,"key":"Shuriken"},{"floor":9,"key":"Oddly Smooth Stone"},{"floor":11,"key":"Toolbox"},{"floor":22,"key":"Strawberry"},{"floor":23,"key":"Pen Nib"},{"floor":23,"key":"DataDisk"},{"floor":25,"key":"Dead Branch"},{"floor":25,"key":"Unceasing Top"},{"floor":26,"key":"The Courier"},{"floor":27,"key":"Dream Catcher"},{"floor":27,"key":"Happy Flower"},{"floor":30,"key":"Darkstone Periapt"},{"floor":30,"key":"Bottled Lightning"},{"floor":40,"key":"Toxic Egg 2"},{"floor":40,"key":"Kunai"},{"floor":43,"key":"Lantern"},{"floor":44,"key":"Blood Vial"},{"floor":44,"key":"Boot"},{"floor":48,"key":"Ginger"},{"floor":48,"key":"Mango"}],"event_choices":[{"event_name":"Golden Wing","player_choice":"Card Removal","floor":2,"damage_taken":0},{"event_name":"Big Fish","player_choice":"Box","floor":3,"damage_taken":0},{"event_name":"World of Goop","player_choice":"Gather Gold","floor":13,"damage_taken":0},{"event_name":"The Woman in Blue","player_choice":"Bought 3 Potions","floor":21,"damage_taken":0},{"event_name":"Knowing Skull","player_choice":"","floor":31,"damage_taken":0},{"event_name":"SensoryStone","player_choice":"Memory 1","floor":46,"damage_taken":0}],"boss_relics":[{"not_picked":["White Beast Statue","Astrolabe"],"picked":"Black Star"},{"not_picked":["Busted Crown","Orrery"],"picked":"Inserter"}],"items_purged_floors":[4],"potions_floor_spawned":[5,8,11,14,27,28,30,35,40,44,45],"seed_played":"-515523117752627261","ascension_level":4,"potions_obtained":[{"floor":5,"key":"Poison Potion"},{"floor":8,"key":"Energy Potion"},{"floor":11,"key":"FocusPotion"},{"floor":14,"key":"Swift Potion"},{"floor":21,"key":"Dexterity Potion"},{"floor":21,"key":"FocusPotion"},{"floor":21,"key":"AttackPotion"},{"floor":27,"key":"Energy Potion"},{"floor":28,"key":"FocusPotion"},{"floor":30,"key":"SpeedPotion"},{"floor":35,"key":"Fire Potion"},{"floor":40,"key":"Poison Potion"},{"floor":44,"key":"SpeedPotion"}],"is_trial":false}