{"gold_per_floor":[110,122,1,17,17,17,31,60,86,44,61,61,90,110,110,187,187,141,66,81,81,31,31,59,59,59,77,109,122,122,122,122,122],"floor_reached":33,"playtime":1309,"items_purged":["Strike_G"],"score":590,"play_id":"95af998b-ff0c-4928-9a0e-0d821bd0dcec","local_time":"20190219130602","is_ascension_mode":true,"campfire_choices":[{"data":"Bouncing Flask","floor":6,"key":"SMITH"},{"floor":12,"key":"REST"},{"data":"Deadly Poison","floor":15,"key":"SMITH"},{"data":"Wraith Form v2","floor":23,"key":"SMITH"},{"floor":25,"key":"REST"},{"floor":32,"key":"REST"}],"neow_cost":"NONE","seed_source_timestamp":5947525688247,"circlet_count":0,"master_deck":["AscendersBane","Defend_G+1","Defend_G+1","Defend_G+1","Defend_G+1","Defend_G+1","Strike_G+1","Strike_G+1","Strike_G+1","Strike_G+1","Survivor","Neutralize+1","Cloak And Dagger","Poisoned Stab","Bouncing Flask+1","Well Laid Plans","Quick Slash","Glass Knife","Caltrops","Die Die Die","Deadly Poison+1","Wraith Form v2+1","Malaise","Decay"],"relics":["Ring of the Snake","Blood Vial","Oddly Smooth Stone","Art of War","Velvet Choker","Anchor","Bronze Scales"],"potions_floor_usage":[0,8,11,11,24,28],"damage_taken":[{"damage":9,"enemies":"Small Slimes","floor":1,"turns":6},{"damage":0,"enemies":"Cultist","floor":2,"turns":4},{"damage":0,"enemies":"2 Louse","floor":4,"turns":3},{"damage":0,"enemies":"Blue Slaver","floor":7,"turns":4},{"damage":29,"enemies":"Gremlin Nob","floor":8,"turns":4},{"damage":17,"enemies":"Lots of Slimes","floor":11,"turns":3},{"damage":12,"enemies":"Lagavulin","floor":13,"turns":7},{"damage":0,"enemies":"Large Slime","floor":14,"turns":4},{"damage":12,"enemies":"Hexaghost","floor":16,"turns":8},{"damage":10,"enemies":"2 Thieves","floor":18,"turns":5},{"damage":18,"enemies":"Spheric Guardian","floor":20,"turns":4},{"damage":27,"enemies":"Slavers","floor":24,"turns":4},{"damage":24,"enemies":"Snake Plant","floor":27,"turns":4},{"damage":4,"enemies":"Book of Stabbing","floor":28,"turns":5},{"damage":0,"enemies":"Chosen and Byrds","floor":29,"turns":5},{"damage":6,"enemies":"Colosseum Slavers","floor":30,"turns":4},{"damage":41,"enemies":"Collector","floor":33,"turns":10}],"seed_played":"-7238027980427604193","potions_obtained":[{"floor":0,"key":"PowerPotion"},{"floor":0,"key":"Fruit Juice"},{"floor":0,"key":"Strength Potion"},{"floor":8,"key":"Fire Potion"},{"floor":14,"key":"Energy Potion"},{"floor":16,"key":"PowerPotion"},{"floor":24,"key":"Fire Potion"},{"floor":27,"key":"FairyPotion"}],"is_trial":false,"path_per_floor":["M","M","$","M","?","R","M","E","T","$","M","R","E","M","R","B",null,"M","$","M","?","?","R","E","R","T","M","E","M","?","?","R","B"],"character_chosen":"THE_SILENT","items_purchased":["Bouncing Flask","Well Laid Plans","Caltrops"],"campfire_rested":3,"item_purchase_floors":[3,3,10],"current_hp_per_floor":[55,55,55,55,55,55,55,26,26,26,11,32,22,24,24,14,57,49,49,33,33,33,33,8,29,29,7,5,7,3,3,24,0],"gold":122,"neow_bonus":"THREE_SMALL_POTIONS","is_prod":false,"is_daily":false,"chose_seed":false,"campfire_upgraded":3,"win_rate":0,"timestamp":1550577962,"path_taken":["M","M","$","M","?","R","M","E","T","?","M","R","E","?","R","BOSS","M","$","M","?","?","R","E","R","T","M","E","?","?","?","R","BOSS"],"build_version":"2019-01-23","purchased_purges":1,"victory":false,"max_hp_per_floor":[71,71,71,71,71,71,71,71,71,71,71,71,71,71,71,71,71,71,71,71,71,71,71,71,71,71,71,71,71,71,71,71,71],"card_choices":[{"not_picked":["Eviscerate","Sucker Punch"],"picked":"Cloak And Dagger","floor":1},{"not_picked":["Quick Slash","Flechettes"],"picked":"Poisoned Stab","floor":2},{"not_picked":["All Out Attack","Slice"],"picked":"Quick Slash","floor":4},{"not_picked":["Quick Slash","Well Laid Plans"],"picked":"Glass Knife","floor":7},{"not_picked":["Sucker Punch","Blade Dance","Outmaneuver"],"picked":"SKIP","floor":8},{"not_picked":["Tactician","Predator"],"picked":"Die Die Die","floor":11},{"not_picked":["Underhanded Strike","Terror","Dagger Throw"],"picked":"SKIP","floor":13},{"not_picked":["Heel Hook","Poisoned Stab"],"picked":"Deadly Poison","floor":14},{"not_picked":["Glass Knife","Unload"],"picked":"Wraith Form v2","floor":16},{"not_picked":["Acrobatics","Dodge and Roll","Outmaneuver"],"picked":"SKIP","floor":18},{"not_picked":["Outmaneuver+1","Expertise","Acrobatics"],"picked":"SKIP","floor":20},{"not_picked":["Expertise","Dagger Spray","Terror"],"picked":"SKIP","floor":24},{"not_picked":["All Out Attack","Flying Knee+1","Concentrate"],"picked":"SKIP","floor":27},{"not_picked":["Cloak And Dagger+1","Backflip"],"picked":"Malaise","floor":28},{"not_picked":["Eviscerate","Escape Plan","Deflect"],"picked":"SKIP","floor":29}],"player_experience":1308820,"relics_obtained":[{"floor":8,"key":"Blood Vial"},{"floor":9,"key":"Oddly Smooth Stone"},{"floor":13,"key":"Art of War"},{"floor":24,"key":"Anchor"},{"floor":28,"key":"Bronze Scales"}],"event_choices":[{"damage_healed":0,"gold_gain":0,"player_choice":"Forge","damage_taken":0,"max_hp_gain":0,"max_hp_loss":0,"event_name":"Accursed Blacksmith","floor":5,"gold_loss":0,"cards_upgraded":["Neutralize"]},{"damage_healed":0,"gold_gain":0,"player_choice":"Simplicity","damage_taken":0,"max_hp_gain":0,"max_hp_loss":0,"event_name":"Back to Basics","floor":21,"gold_loss":0,"cards_upgraded":["Defend_G","Defend_G","Defend_G","Defend_G","Defend_G","Strike_G","Strike_G","Strike_G","Strike_G"]},{"damage_healed":0,"gold_gain":0,"player_choice":"Bet on Murderer","damage_taken":0,"max_hp_gain":0,"max_hp_loss":0,"event_name":"The Joust","floor":22,"gold_loss":50},{"damage_healed":0,"gold_gain":0,"player_choice":"Fight","damage_taken":0,"max_hp_gain":0,"max_hp_loss":0,"event_name":"Colosseum","floor":30,"gold_loss":0},{"damage_healed":0,"gold_gain":0,"player_choice":"Fled From Nobs","damage_taken":0,"max_hp_gain":0,"max_hp_loss":0,"event_name":"Colosseum","floor":30,"gold_loss":0},{"damage_healed":0,"gold_gain":0,"player_choice":"Smashed Altar","damage_taken":0,"max_hp_gain":0,"max_hp_loss":0,"event_name":"Forgotten Altar","floor":31,"gold_loss":0,"cards_obtained":["Decay"]}],"is_beta":false,"boss_relics":[{"not_picked":["Empty Cage","Cursed Key"],"picked":"Velvet Choker"}],"items_purged_floors":[19],"is_endless":false,"potions_floor_spawned":[1,2,8,14,16,24,27],"killed_by":"Collector","ascension_level":20}