{"gold_per_floor":[113,113,126,138,155,155,181,181,181,181,51,78,92,126,126,126],"floor_reached":16,"playtime":569,"items_purged":["Strike_R"],"score":240,"play_id":"862cf838-042c-4200-a096-53e6d77a4629","local_time":"20190327145650","is_ascension_mode":true,"campfire_choices":[{"data":"Limit Break","floor":6,"key":"SMITH"},{"data":"Bash","floor":8,"key":"SMITH"},{"data":"Impervious","floor":10,"key":"SMITH"},{"data":"True Grit","floor":15,"key":"SMITH"}],"neow_cost":"PERCENT_DAMAGE","seed_source_timestamp":19437743810986,"circlet_count":0,"master_deck":["AscendersBane","Strike_R","Strike_R","Strike_R","Defend_R","Defend_R","Defend_R","Defend_R","Bash+1","Spot Weakness","Pommel Strike","Headbutt","Limit Break+1","Impervious+1","Shrug It Off","Feel No Pain","True Grit+1"],"relics":["Burning Blood","Thread and Needle","Calipers","Paper Frog","Question Card","Peace Pipe"],"potions_floor_usage":[12,12,16],"damage_taken":[{"damage":0,"enemies":"Small Slimes","floor":1,"turns":4},{"damage":2,"enemies":"Cultist","floor":3,"turns":3},{"damage":0,"enemies":"2 Louse","floor":4,"turns":3},{"damage":8,"enemies":"Looter","floor":5,"turns":4},{"damage":37,"enemies":"3 Sentries","floor":7,"turns":7},{"damage":10,"enemies":"Gremlin Nob","floor":12,"turns":3},{"damage":0,"enemies":"Blue Slaver","floor":13,"turns":4},{"damage":2,"enemies":"3 Sentries","floor":14,"turns":9},{"damage":48,"enemies":"Hexaghost","floor":16,"turns":10}],"seed_played":"7831249151846981090","potions_obtained":[{"floor":3,"key":"AttackPotion"},{"floor":4,"key":"GamblersBrew"},{"floor":13,"key":"BloodPotion"}],"is_trial":false,"path_per_floor":["M","?","M","M","M","R","E","R","T","R","$","E","M","E","R","B"],"character_chosen":"IRONCLAD","items_purchased":["Shrug It Off"],"campfire_rested":0,"item_purchase_floors":[11],"current_hp_per_floor":[56,56,60,66,64,64,33,33,33,33,33,29,35,39,39,0],"gold":126,"neow_bonus":"ONE_RARE_RELIC","is_prod":false,"is_daily":false,"chose_seed":false,"campfire_upgraded":4,"win_rate":0,"timestamp":1553695010,"path_taken":["M","?","M","M","?","R","E","R","T","R","$","E","M","E","R","BOSS"],"build_version":"2019-01-23","purchased_purges":1,"victory":false,"max_hp_per_floor":[75,75,75,75,75,75,75,75,75,75,75,75,75,75,75,75],"card_choices":[{"not_picked":["Armaments","Combust"],"picked":"Spot Weakness","floor":1},{"not_picked":["Armaments","Thunderclap"],"picked":"Pommel Strike","floor":3},{"not_picked":["Pommel Strike","Combust"],"picked":"Headbutt","floor":4},{"not_picked":["Cleave","Rampage"],"picked":"Limit Break","floor":5},{"not_picked":["Clothesline","Thunderclap"],"picked":"Impervious","floor":7},{"not_picked":["Reckless Charge","Dual Wield","Cleave"],"picked":"SKIP","floor":12},{"not_picked":["Searing Blow","Thunderclap","Fire Breathing"],"picked":"Feel No Pain","floor":13},{"not_picked":["Perfected Strike","Searing Blow","Clothesline"],"picked":"True Grit","floor":14}],"player_experience":1490385,"relics_obtained":[{"floor":7,"key":"Calipers"},{"floor":9,"key":"Paper Frog"},{"floor":12,"key":"Question Card"},{"floor":14,"key":"Peace Pipe"}],"event_choices":[{"cards_removed":["Strike_R"],"damage_healed":0,"gold_gain":0,"player_choice":"Offered Basic","damage_taken":0,"max_hp_gain":0,"max_hp_loss":0,"event_name":"Bonfire Elementals","floor":2,"gold_loss":0}],"is_beta":false,"boss_relics":[],"items_purged_floors":[11],"is_endless":false,"potions_floor_spawned":[3,4,5,13],"killed_by":"Hexaghost","ascension_level":20}