{"gold_per_floor":[110,63,80,98,118,118,150,75,75,101,115,115,130,165,165,240,290,262,17,17,36,56,56,75,75,156,191,211,221,235,254,254,254],"floor_reached":33,"playtime":2941,"items_purged":["Strike_G"],"score":533,"play_id":"ee8bee3f-b7c1-4bde-a24e-6761b1626078","local_time":"20181018164611","is_ascension_mode":true,"campfire_choices":[{"data":"Deadly Poison","floor":6,"key":"SMITH"},{"data":"Neutralize","floor":12,"key":"SMITH"},{"floor":15,"key":"REST"},{"data":"A Thousand Cuts","floor":23,"key":"SMITH"},{"data":"Crippling Poison","floor":25,"key":"SMITH"},{"floor":32,"key":"REST"}],"neow_cost":"NONE","seed_source_timestamp":26785757890796,"circlet_count":0,"master_deck":["Defend_G","Defend_G","Defend_G","Defend_G","Defend_G","Strike_G","Strike_G","Strike_G","Strike_G","Survivor","Neutralize+1","AscendersBane","Blade Dance","Deadly Poison+1","Blade Dance","PiercingWail+1","Poisoned Stab","Cloak And Dagger","Predator","Heel Hook","Heel Hook","A Thousand Cuts+1","Bullet Time","Poisoned Stab","Dagger Spray+1","Crippling Poison+1","Bouncing Flask","Poisoned Stab","Poisoned Stab","Dodge and Roll","Blade Dance+1","Catalyst","Deadly Poison+1","Deadly Poison+1"],"relics":["Ring of the Snake","Snake Skull","Blue Candle","Meat on the Bone","Paper Crane","Pear","Tiny House","Membership Card","Mummified Hand","Sundial"],"potions_floor_usage":[5,7,7,21,27,29,31,33],"damage_taken":[{"damage":0,"enemies":"Cultist","floor":1,"turns":4},{"damage":0,"enemies":"Jaw Worm","floor":3,"turns":4},{"damage":0,"enemies":"2 Louse","floor":4,"turns":2},{"damage":1,"enemies":"Large Slime","floor":5,"turns":7},{"damage":8,"enemies":"Lagavulin","floor":7,"turns":6},{"damage":24,"enemies":"3 Sentries","floor":10,"turns":11},{"damage":1,"enemies":"2 Fungi Beasts","floor":11,"turns":3},{"damage":14,"enemies":"Lots of Slimes","floor":13,"turns":4},{"damage":28,"enemies":"Gremlin Nob","floor":14,"turns":4},{"damage":49,"enemies":"The Guardian","floor":16,"turns":12},{"damage":28,"enemies":"2 Thieves","floor":18,"turns":5},{"damage":3,"enemies":"Chosen","floor":21,"turns":5},{"damage":12,"enemies":"Snake Plant","floor":22,"turns":4},{"damage":17,"enemies":"Chosen and Byrds","floor":24,"turns":5},{"damage":35,"enemies":"Book of Stabbing","floor":27,"turns":6},{"damage":11,"enemies":"Snecko","floor":28,"turns":5},{"damage":19,"enemies":"Snake Plant","floor":29,"turns":4},{"damage":0,"enemies":"Chosen and Byrds","floor":30,"turns":3},{"damage":12,"enemies":"Centurion and Healer","floor":31,"turns":7},{"damage":85,"enemies":"Automaton","floor":33,"turns":6}],"seed_played":"6026820176714103564","potions_obtained":[{"floor":3,"key":"Weak Potion"},{"floor":4,"key":"GamblersBrew"},{"floor":5,"key":"Block Potion"},{"floor":16,"key":"Dexterity Potion"},{"floor":17,"key":"Fire Potion"},{"floor":21,"key":"Weak Potion"},{"floor":27,"key":"Weak Potion"},{"floor":29,"key":"AttackPotion"},{"floor":30,"key":"Block Potion"}],"is_trial":false,"path_per_floor":["M","$","M","M","M","R","E","$","T","E","M","R","M","E","R","B",null,"M","$","?","M","M","R","M","R","T","E","M","M","M","M","R"],"character_chosen":"THE_SILENT","items_purchased":["Deadly Poison","Membership Card","Crippling Poison"],"campfire_rested":2,"item_purchase_floors":[2,19,19],"current_hp_per_floor":[63,63,63,63,62,62,54,54,54,42,41,41,39,33,57,20,70,54,54,54,51,51,51,46,46,46,23,24,17,29,29,54,0],"gold":254,"neow_bonus":"RANDOM_COMMON_RELIC","is_prod":false,"is_daily":false,"chose_seed":false,"campfire_upgraded":4,"win_rate":0,"timestamp":1539873971,"path_taken":["M","$","M","M","?","R","E","?","T","E","M","R","M","E","R","BOSS","M","$","?","M","M","R","M","R","T","E","M","M","M","M","R","BOSS"],"build_version":"2018-10-17v3","purchased_purges":1,"victory":false,"max_hp_per_floor":[70,70,70,70,70,70,70,70,70,70,70,70,70,80,80,80,85,85,85,85,85,85,85,85,85,85,85,85,85,85,85,85,85],"card_choices":[{"not_picked":["Underhanded Strike","PiercingWail"],"picked":"Blade Dance","floor":1},{"not_picked":["Dagger Throw","Outmaneuver"],"picked":"Blade Dance","floor":3},{"not_picked":["Setup","Prepared"],"picked":"PiercingWail","floor":4},{"not_picked":["Flying Knee","Infinite Blades"],"picked":"Poisoned Stab","floor":5},{"not_picked":["Choke","Terror"],"picked":"Cloak And Dagger","floor":7},{"not_picked":["Riddle With Holes","Prepared"],"picked":"Predator","floor":10},{"not_picked":["Endless Agony","Flying Knee"],"picked":"Heel Hook","floor":11},{"not_picked":["Tactician","Dagger Throw"],"picked":"Heel Hook","floor":13},{"not_picked":["Backstab","Eviscerate"],"picked":"A Thousand Cuts","floor":14},{"not_picked":["Malaise","Grand Finale"],"picked":"Bullet Time","floor":16},{"not_picked":["Dagger Throw","Predator"],"picked":"Poisoned Stab","floor":17},{"not_picked":["PiercingWail","Bane"],"picked":"Dagger Spray+1","floor":18},{"not_picked":["Concentrate","Well Laid Plans"],"picked":"Bouncing Flask","floor":21},{"not_picked":["Dodge and Roll","Slice"],"picked":"Poisoned Stab","floor":22},{"not_picked":["Predator+1","Bane"],"picked":"Poisoned Stab","floor":24},{"not_picked":["Setup","Masterful Stab"],"picked":"Dodge and Roll","floor":27},{"not_picked":["Deflect+1","A Thousand Cuts"],"picked":"Blade Dance+1","floor":28},{"not_picked":["Dodge and Roll","Riddle With Holes"],"picked":"Catalyst","floor":29},{"not_picked":["Blade Dance","Acrobatics"],"picked":"Deadly Poison+1","floor":30},{"not_picked":["Outmaneuver+1","Quick Slash"],"picked":"Deadly Poison+1","floor":31}],"player_experience":650815,"relics_obtained":[{"floor":7,"key":"Blue Candle"},{"floor":9,"key":"Meat on the Bone"},{"floor":10,"key":"Paper Crane"},{"floor":14,"key":"Pear"},{"floor":26,"key":"Mummified Hand"},{"floor":27,"key":"Sundial"}],"event_choices":[{"damage_healed":0,"gold_gain":0,"player_choice":"Ignored","damage_taken":0,"max_hp_gain":0,"max_hp_loss":0,"event_name":"Beggar","floor":20,"gold_loss":0}],"is_beta":true,"boss_relics":[{"not_picked":["White Beast Statue","Runic Dome"],"picked":"Tiny House"}],"items_purged_floors":[8],"is_endless":false,"potions_floor_spawned":[3,4,5,16,21,22,27,29,30],"killed_by":"Automaton","ascension_level":13}