{"path_per_floor":["M","?","M","?","?","R","E","R","T","M","$","?","R","E","R"],"character_chosen":"DEFECT","items_purchased":["Leap"],"gold_per_floor":[10,10,22,22,22,22,50,50,50,63,39,69,69,103,103,103],"floor_reached":16,"campfire_rested":0,"playtime":432,"item_purchase_floors":[11],"current_hp_per_floor":[82,82,79,84,65,65,54,54,54,55,55,55,55,31,31,0],"items_purged":[],"gold":103,"score":168,"play_id":"5be07ba1-5c46-40e7-b389-797c093aa05a","local_time":"20180607124030","is_prod":false,"is_daily":false,"chose_seed":false,"is_ascension_mode":true,"campfire_upgraded":1,"win_rate":0,"timestamp":1528368030,"campfire_choices":[{"data":"Zap","floor":6,"key":"SMITH"},{"floor":8,"key":"DIG"},{"floor":13,"key":"DIG"},{"floor":15,"key":"DIG"}],"path_taken":["M","?","?","?","?","R","E","R","T","?","?","?","R","E","R","BOSS"],"build_version":"2018-06-06","seed_source_timestamp":14399362047608,"purchased_purges":0,"victory":false,"master_deck":["Strike_B+1","Strike_B","Strike_B","Strike_B","Defend_B","Defend_B","Defend_B","Defend_B","Zap+1","Dualcast","Redo","Self Repair+1","Biased Cognition","Self Repair","Leap","Darkness"],"max_hp_per_floor":[89,89,89,94,94,94,94,94,94,94,94,94,94,94,94,94],"relics":["Cracked Core","Shovel","Ancient Tea Set","Ice Cream","Smiling Mask","Pantograph","Centennial Puzzle","Turnip"],"card_choices":[{"not_picked":["Beam Cell","Turbo"],"picked":"Redo","floor":1},{"not_picked":["Streamline","Ball Lightning"],"picked":"Self Repair","floor":3},{"not_picked":["Turbo","Streamline"],"picked":"Biased Cognition","floor":7},{"not_picked":["Skim","Loop"],"picked":"Self Repair","floor":10},{"not_picked":["Barrage","Force Field"],"picked":"Darkness","floor":14}],"player_experience":289893,"potions_floor_usage":[7,16],"damage_taken":[{"damage":0,"enemies":"Small Slimes","floor":1,"turns":3},{"damage":3,"enemies":"2 Louse","floor":3,"turns":3},{"damage":21,"enemies":"3 Sentries","floor":7,"turns":5},{"damage":9,"enemies":"Jaw Worm","floor":10,"turns":3},{"damage":41,"enemies":"Lagavulin","floor":14,"turns":6},{"damage":66,"enemies":"Slime Boss","floor":16,"turns":7}],"relics_obtained":[{"floor":7,"key":"Shovel"},{"floor":8,"key":"Ancient Tea Set"},{"floor":9,"key":"Ice Cream"},{"floor":13,"key":"Pantograph"},{"floor":14,"key":"Centennial Puzzle"},{"floor":15,"key":"Turnip"}],"event_choices":[{"event_name":"The Cleric","player_choice":"Leave","floor":2,"damage_taken":0},{"event_name":"Big Fish","player_choice":"Donut","floor":4,"damage_taken":0},{"event_name":"Shining Light","player_choice":"Entered Light","floor":5,"damage_taken":0},{"event_name":"Dead Adventurer","player_choice":"Searched \u00273\u0027 times","floor":12,"damage_taken":0}],"boss_relics":[],"items_purged_floors":[],"potions_floor_spawned":[3,14],"seed_played":"3719154259665776596","killed_by":"Slime Boss","ascension_level":7,"potions_obtained":[{"floor":3,"key":"Explosive Potion"},{"floor":14,"key":"EssenceOfSteel"}],"is_trial":false}