{"gold_per_floor":[112,124,135,154,124,124,135,135,189,189,200,200,234,234,234,312,312,328,253,253,271,144,156,156],"floor_reached":24,"playtime":1141,"items_purged":["Strike_R"],"score":356,"play_id":"e9d0b6ac-fad5-46f2-a4d6-3aa3fb669d9c","local_time":"20181030185115","is_ascension_mode":true,"campfire_choices":[{"data":"Bash","floor":6.0,"key":"SMITH"},{"data":"Searing Blow","floor":8.0,"key":"SMITH"},{"data":"Searing Blow+1","floor":10.0,"key":"SMITH"},{"data":"Uppercut","floor":12.0,"key":"SMITH"},{"floor":15.0,"key":"REST"}],"neow_cost":"NONE","seed_source_timestamp":0,"circlet_count":0,"master_deck":["Strike_R","Strike_R","Defend_R","Defend_R","Defend_R","Defend_R","Bash+1","AscendersBane","Dark Embrace","Headbutt","Metallicize","Cleave","Thunderclap","Hemokinesis","Searing Blow+2","Uppercut+1","Iron Wave","Juggernaut+1","Armaments","Armaments","Power Through"],"special_seed":0,"relics":["Burning Blood","Art of War","Frozen Egg 2","Sozu"],"potions_floor_usage":[24],"damage_taken":[{"damage":15.0,"enemies":"Cultist","floor":1.0,"turns":5.0},{"damage":0.0,"enemies":"Small Slimes","floor":2.0,"turns":4.0},{"damage":12.0,"enemies":"Jaw Worm","floor":3.0,"turns":3.0},{"damage":14.0,"enemies":"Lots of Slimes","floor":4.0,"turns":3.0},{"damage":1.0,"enemies":"Looter","floor":5.0,"turns":4.0},{"damage":14.0,"enemies":"Blue Slaver","floor":7.0,"turns":2.0},{"damage":6.0,"enemies":"2 Fungi Beasts","floor":11.0,"turns":3.0},{"damage":40.0,"enemies":"Lagavulin","floor":13.0,"turns":6.0},{"damage":26,"enemies":"Slime Boss","floor":16,"turns":8},{"damage":4,"enemies":"Chosen","floor":18,"turns":3},{"damage":26,"enemies":"2 Thieves","floor":21,"turns":3},{"damage":25,"enemies":"3 Cultists","floor":23,"turns":5},{"damage":30,"enemies":"Slavers","floor":24,"turns":2}],"seed_played":"-6738985741827633083","potions_obtained":[{"floor":2.0,"key":"BloodPotion"},{"floor":3.0,"key":"Energy Potion"}],"is_trial":false,"path_per_floor":["M","M","M","M","M","R","M","R","T","R","M","R","E","?","R","B",null,"M","?","?","M","$","M"],"character_chosen":"IRONCLAD","items_purchased":["Armaments"],"campfire_rested":1,"item_purchase_floors":[22],"current_hp_per_floor":[59,65,59,51,56,56,48,48,48,48,48,48,14,14,36,16,60,62,62,62,42,42,23,0],"gold":156,"neow_bonus":"TRANSFORM_CARD","is_prod":false,"is_daily":false,"chose_seed":false,"campfire_upgraded":4,"win_rate":0,"timestamp":1540921875,"path_taken":["M","M","M","M","?","R","M","R","T","R","M","R","E","?","R","BOSS","M","?","?","M","$","M","E"],"build_version":"2018-10-29v2","purchased_purges":1,"victory":false,"max_hp_per_floor":[75,75,75,75,75,75,75,75,75,75,75,75,75,75,75,75,75,75,75,75,75,75,75,75],"card_choices":[{"not_picked":["Warcry","Twin Strike"],"picked":"Headbutt","floor":1.0},{"not_picked":["Cleave","Shrug It Off"],"picked":"Metallicize","floor":2.0},{"not_picked":["Thunderclap","Body Slam"],"picked":"Cleave","floor":3.0},{"not_picked":["Iron Wave","Cleave"],"picked":"Thunderclap","floor":4.0},{"not_picked":["Sentinel","Thunderclap"],"picked":"Hemokinesis","floor":5.0},{"not_picked":["Bloodletting","Combust"],"picked":"Searing Blow","floor":7.0},{"not_picked":["Body Slam","Havoc"],"picked":"Uppercut","floor":11.0},{"not_picked":["Heavy Blade","Flex"],"picked":"Iron Wave","floor":13.0},{"not_picked":["Double Tap","Barricade+1"],"picked":"Juggernaut+1","floor":16},{"not_picked":["Clash","Sword Boomerang","Perfected Strike"],"picked":"SKIP","floor":18},{"not_picked":["Twin Strike","Whirlwind"],"picked":"Armaments","floor":21},{"not_picked":["Blood for Blood","Combust+1"],"picked":"Power Through","floor":23}],"player_experience":714148,"relics_obtained":[{"floor":9.0,"key":"Art of War"},{"floor":13.0,"key":"Frozen Egg 2"}],"event_choices":[{"damage_healed":0.0,"max_hp_gain":0.0,"max_hp_loss":0.0,"gold_gain":0.0,"event_name":"Scrap Ooze","player_choice":"Fled","floor":14.0,"gold_loss":0.0,"damage_taken":0.0},{"cards_removed":["Strike_R"],"damage_healed":0,"gold_gain":0,"player_choice":"Gave Gold","damage_taken":0,"max_hp_gain":0,"max_hp_loss":0,"event_name":"Beggar","floor":19,"gold_loss":75},{"damage_healed":0,"gold_gain":0,"player_choice":"Ignored","damage_taken":0,"max_hp_gain":0,"max_hp_loss":0,"event_name":"Ghosts","floor":20,"gold_loss":0}],"is_beta":true,"boss_relics":[{"not_picked":["Eternal Feather","Black Blood"],"picked":"Sozu"}],"items_purged_floors":[22],"is_endless":false,"potions_floor_spawned":[2,3,7,23],"killed_by":"Slavers","ascension_level":16}