{"gold_per_floor":[117,26,26,42,54,54,80,99,99,99,48,48,76,95,95,174,174,146,170,204,204,220,246,246,281,281,316,332,352,352,364,364,364],"floor_reached":33,"playtime":1332,"items_purged":[],"score":730,"play_id":"0f3bf2ca-f79a-4d2d-936d-2eb8ed5589ab","local_time":"20190416175104","is_ascension_mode":true,"campfire_choices":[{"data":"Neutralize","floor":6.0,"key":"SMITH"},{"data":"Burst","floor":10.0,"key":"SMITH"},{"data":"Deadly Poison","floor":12.0,"key":"SMITH"},{"data":"Crippling Poison","floor":15.0,"key":"SMITH"},{"data":"Catalyst","floor":24,"key":"SMITH"},{"data":"Footwork","floor":30,"key":"SMITH"},{"data":"Footwork","floor":32,"key":"SMITH"}],"neow_cost":"TEN_PERCENT_HP_LOSS","seed_source_timestamp":30678768171811,"circlet_count":0,"master_deck":["AscendersBane","Defend_G","Defend_G","Defend_G","Defend_G","Defend_G","Survivor","Neutralize+1","Poisoned Stab","Deadly Poison+1","Footwork+1","Footwork+1","Dodge and Roll","Dagger Spray","Burst+1","Endless Agony","Crippling Poison+1","Poisoned Stab","Glass Knife","Footwork","Deflect","Bite","Bite","Bite","Bite","Bite","Catalyst+1","Dodge and Roll","Dodge and Roll","Dodge and Roll","Dagger Spray+1"],"special_seed":0,"relics":["Ring of the Snake","Gambling Chip","Orichalcum","Pear","Dream Catcher","Velvet Choker","Bag of Marbles","Red Mask","Oddly Smooth Stone","Mango","Vajra","Anchor"],"potions_floor_usage":[33,33],"damage_taken":[{"damage":1.0,"enemies":"Small Slimes","floor":1.0,"turns":6.0},{"damage":0.0,"enemies":"Cultist","floor":4.0,"turns":4.0},{"damage":0.0,"enemies":"Jaw Worm","floor":5.0,"turns":6.0},{"damage":7.0,"enemies":"Lagavulin","floor":7.0,"turns":7.0},{"damage":0.0,"enemies":"Looter","floor":8.0,"turns":4.0},{"damage":6.0,"enemies":"3 Sentries","floor":13.0,"turns":12.0},{"damage":1.0,"enemies":"Exordium Wildlife","floor":14.0,"turns":4.0},{"damage":40.0,"enemies":"Hexaghost","floor":16.0,"turns":11.0},{"damage":4,"enemies":"2 Thieves","floor":18,"turns":4},{"damage":23,"enemies":"Masked Bandits","floor":20,"turns":4},{"damage":0,"enemies":"Spheric Guardian","floor":22,"turns":2},{"damage":4,"enemies":"Book of Stabbing","floor":23,"turns":4},{"damage":12,"enemies":"Slavers","floor":25,"turns":3},{"damage":14,"enemies":"Book of Stabbing","floor":27,"turns":4},{"damage":0,"enemies":"Snecko","floor":28,"turns":3},{"damage":0,"enemies":"Centurion and Healer","floor":29,"turns":14},{"damage":0,"enemies":"Cultist and Chosen","floor":31,"turns":3},{"damage":66,"enemies":"Collector","floor":33,"turns":6}],"seed_played":"5653354221915381583","potions_obtained":[{"floor":5.0,"key":"FearPotion"},{"floor":7.0,"key":"PowerPotion"},{"floor":16.0,"key":"Ancient Potion"},{"floor":18,"key":"AttackPotion"}],"is_trial":false,"path_per_floor":["M","$","?","M","M","R","E","M","T","R","?","R","E","M","R","B",null,"M","T","?","?","M","E","R","E","T","E","M","M","R","M","R","B"],"character_chosen":"THE_SILENT","items_purchased":["Deadly Poison","Footwork"],"campfire_rested":0,"item_purchase_floors":[2,2],"current_hp_per_floor":[58,58,58,58,58,58,51,53,53,53,63,63,59,60,60,22,58,56,56,35,35,37,35,35,37,37,25,29,59,59,59,59,0],"gold":364,"neow_bonus":"ONE_RARE_RELIC","is_prod":false,"is_daily":false,"chose_seed":false,"campfire_upgraded":7,"win_rate":0,"timestamp":1555429864,"path_taken":["M","$","?","M","?","R","E","M","T","R","?","R","E","M","R","BOSS","M","?","?","?","?","E","R","E","T","E","M","M","R","M","R","BOSS"],"build_version":"2019-01-23","purchased_purges":0,"victory":false,"max_hp_per_floor":[60,60,60,60,60,60,60,60,60,60,70,70,70,70,70,70,70,70,70,70,70,70,70,70,84,84,84,84,84,84,84,84,84],"card_choices":[{"not_picked":["Sucker Punch","Dodge and Roll"],"picked":"Poisoned Stab","floor":1.0},{"not_picked":["Slice","Sucker Punch"],"picked":"Dodge and Roll","floor":4.0},{"not_picked":["Blade Dance","Endless Agony"],"picked":"Dagger Spray","floor":5.0},{"not_picked":["Riddle With Holes","Glass Knife"],"picked":"Burst","floor":7.0},{"not_picked":["Dagger Throw","Expertise"],"picked":"Endless Agony","floor":8.0},{"not_picked":["Deflect","Quick Slash"],"picked":"Crippling Poison","floor":13.0},{"not_picked":["Bane","Prepared"],"picked":"Poisoned Stab","floor":14.0},{"not_picked":["Doppelganger","Grand Finale"],"picked":"Glass Knife","floor":16.0},{"not_picked":["Backstab","Calculated Gamble+1"],"picked":"Footwork","floor":18},{"not_picked":["Sucker Punch","Flying Knee+1"],"picked":"Deflect","floor":20},{"not_picked":["Underhanded Strike","Finisher"],"picked":"Catalyst","floor":22},{"not_picked":["Acrobatics","Expertise"],"picked":"Dodge and Roll","floor":23},{"not_picked":["Poisoned Stab","Venomology","Quick Slash"],"picked":"SKIP","floor":25},{"not_picked":["Heel Hook+1","Accuracy","Sucker Punch"],"picked":"SKIP","floor":27},{"not_picked":["Dodge and Roll","Flying Knee+1","Blade Dance"],"picked":"SKIP","floor":28},{"not_picked":["Flying Knee+1","Blade Dance"],"picked":"Dodge and Roll","floor":28},{"not_picked":["Underhanded Strike","Blade Dance+1"],"picked":"Dodge and Roll","floor":29},{"not_picked":["Deadly Poison","Riddle With Holes+1"],"picked":"Dagger Spray+1","floor":31}],"player_experience":1605262,"relics_obtained":[{"floor":7.0,"key":"Blood Vial"},{"floor":9.0,"key":"Orichalcum"},{"floor":13.0,"key":"Dream Catcher"},{"floor":19,"key":"Bag of Marbles"},{"floor":20,"key":"Red Mask"},{"floor":23,"key":"Oddly Smooth Stone"},{"floor":25,"key":"Mango"},{"floor":26,"key":"Vajra"},{"floor":27,"key":"Anchor"}],"event_choices":[{"damage_healed":0.0,"max_hp_gain":0.0,"max_hp_loss":0.0,"gold_gain":0.0,"cards_transformed":["Strike_G"],"event_name":"Transmorgrifier","player_choice":"Transformed","floor":3.0,"gold_loss":0.0,"damage_taken":0.0,"cards_obtained":["Footwork"]},{"damage_healed":0.0,"max_hp_gain":0.0,"max_hp_loss":0.0,"gold_gain":0.0,"event_name":"WeMeetAgain","player_choice":"Paid Gold","floor":11.0,"gold_loss":51.0,"damage_taken":0.0,"relics_obtained":["Pear"]},{"damage_healed":0,"gold_gain":0,"player_choice":"Fought Bandits","damage_taken":0,"max_hp_gain":0,"max_hp_loss":0,"event_name":"Masked Bandits","floor":20,"gold_loss":0},{"damage_healed":0,"gold_gain":0,"player_choice":"Became a vampire (Vial)","damage_taken":0,"max_hp_gain":0,"max_hp_loss":0,"event_name":"Vampires","floor":21,"relics_lost":["Blood Vial"],"gold_loss":0,"cards_obtained":["Bite","Bite","Bite","Bite","Bite"]}],"is_beta":false,"boss_relics":[{"not_picked":["White Beast Statue","Ring of the Serpent"],"picked":"Velvet Choker"}],"items_purged_floors":[],"is_endless":false,"potions_floor_spawned":[5,7,8,16,18,23,27,29],"killed_by":"Collector","ascension_level":20}