{"gold_per_floor":[112,132,151,116,116,116,126,126,126,126,126,152,152,177,177,270,270,293,311,325,93,118,118,151,151,232,270,270],"floor_reached":28,"playtime":1501,"items_purged":[],"score":450,"play_id":"3592c3e4-b5f1-4a29-b2bb-04775afed6c6","local_time":"20181005125634","is_ascension_mode":true,"campfire_choices":[{"data":"Neutralize","floor":6,"key":"SMITH"},{"data":"Leg Sweep","floor":8,"key":"SMITH"},{"data":"Sucker Punch","floor":10,"key":"SMITH"},{"data":"Blade Dance","floor":13,"key":"SMITH"},{"data":"Dash","floor":15,"key":"SMITH"},{"floor":23,"key":"REST"},{"floor":25,"key":"REST"}],"neow_cost":"TEN_PERCENT_HP_LOSS","seed_source_timestamp":12592983208398,"circlet_count":0,"master_deck":["Defend_G","Defend_G","Defend_G","Defend_G","Defend_G","Strike_G","Strike_G","Strike_G","Strike_G","Strike_G","Survivor","Neutralize+1","AscendersBane","Underhanded Strike","Blade Dance+1","Sucker Punch+1","Leg Sweep+1","Corpse Explosion","Heel Hook","Injury","Dash+1","Cloak And Dagger","Adrenaline","Deadly Poison+1","Distraction+1","Masterful Stab","Infinite Blades","Adrenaline","Backstab","Poisoned Stab+1"],"relics":["Ring of the Snake","Incense Burner","Matryoshka","Golden Idol","Odd Mushroom","Fusion Hammer","Regal Pillow","Darkstone Periapt","Art of War","The Courier","Torii"],"potions_floor_usage":[16,16,19,24,24,27],"damage_taken":[{"damage":0,"enemies":"Small Slimes","floor":1,"turns":3},{"damage":0,"enemies":"Cultist","floor":2,"turns":4},{"damage":0,"enemies":"2 Louse","floor":3,"turns":2},{"damage":0,"enemies":"2 Fungi Beasts","floor":7,"turns":2},{"damage":1,"enemies":"The Mushroom Lair","floor":12,"turns":3},{"damage":0,"enemies":"3 Louse","floor":14,"turns":1},{"damage":23,"enemies":"Hexaghost","floor":16,"turns":12},{"damage":10,"enemies":"Shell Parasite","floor":18,"turns":5},{"damage":0,"enemies":"Spheric Guardian","floor":19,"turns":3},{"damage":30,"enemies":"Shelled Parasite and Fungi","floor":20,"turns":6},{"damage":7,"enemies":"Snecko","floor":22,"turns":4},{"damage":41,"enemies":"Gremlin Leader","floor":24,"turns":7},{"damage":21,"enemies":"Slavers","floor":27,"turns":4},{"damage":18,"enemies":"Colosseum Slavers","floor":28,"turns":1}],"seed_played":"-5393728641918238522","potions_obtained":[{"floor":2,"key":"FearPotion"},{"floor":12,"key":"Weak Potion"},{"floor":16,"key":"Fire Potion"},{"floor":18,"key":"Fire Potion"},{"floor":20,"key":"Weak Potion"},{"floor":24,"key":"Explosive Potion"}],"is_trial":false,"path_per_floor":["M","M","M","$","?","R","M","R","T","R","?","?","R","M","R","B",null,"M","M","M","$","M","R","E","R","T","E"],"character_chosen":"THE_SILENT","items_purchased":["Leg Sweep","Regal Pillow","Infinite Blades"],"campfire_rested":2,"item_purchase_floors":[4,21,21],"current_hp_per_floor":[63,63,63,63,63,63,63,63,63,63,63,62,62,62,62,39,57,47,47,17,17,10,43,2,35,35,14,0],"gold":270,"neow_bonus":"ONE_RARE_RELIC","is_prod":false,"is_daily":false,"chose_seed":false,"campfire_upgraded":5,"win_rate":0,"timestamp":1538736994,"path_taken":["M","M","M","$","?","R","M","R","T","R","?","?","R","M","R","BOSS","M","?","M","$","?","R","E","R","T","E","?"],"build_version":"2018-10-04","purchased_purges":0,"victory":false,"max_hp_per_floor":[63,63,63,63,63,63,63,63,63,63,63,63,63,63,63,63,63,63,63,63,63,63,63,63,63,63,63,63],"card_choices":[{"not_picked":["Prepared","PiercingWail"],"picked":"Underhanded Strike","floor":1},{"not_picked":["Eviscerate","Predator"],"picked":"Blade Dance","floor":2},{"not_picked":["Deadly Poison","PiercingWail"],"picked":"Sucker Punch","floor":3},{"not_picked":["Outmaneuver","Slice"],"picked":"Heel Hook","floor":7},{"not_picked":["Night Terror","Dagger Spray"],"picked":"Dash","floor":12},{"not_picked":["Prepared","Setup"],"picked":"Cloak And Dagger","floor":14},{"not_picked":["Burst","Corpse Explosion"],"picked":"Adrenaline","floor":16},{"not_picked":["Deflect","Flechettes"],"picked":"Deadly Poison+1","floor":18},{"not_picked":["Bane","Riddle With Holes"],"picked":"Distraction+1","floor":19},{"not_picked":["Acrobatics","Deflect+1"],"picked":"Masterful Stab","floor":20},{"not_picked":["Blade Dance","Cloak And Dagger"],"picked":"Adrenaline","floor":22},{"not_picked":["Bullet Time","Cloak And Dagger"],"picked":"Backstab","floor":24},{"not_picked":["Expertise","Finisher"],"picked":"Poisoned Stab+1","floor":27}],"player_experience":592774,"relics_obtained":[{"floor":9,"key":"Matryoshka"},{"floor":12,"key":"Odd Mushroom"},{"floor":24,"key":"Darkstone Periapt"},{"floor":26,"key":"Art of War"},{"floor":26,"key":"The Courier"},{"floor":27,"key":"Torii"}],"event_choices":[{"event_name":"Match and Keep!","player_choice":"1 cards matched","floor":5,"damage_taken":0},{"event_name":"Golden Idol","player_choice":"Take Wound","floor":11,"damage_taken":0},{"event_name":"Mushrooms","player_choice":"Fought Mushrooms","floor":12,"damage_taken":0},{"event_name":"Colosseum","player_choice":"Fight","floor":28,"damage_taken":0}],"is_beta":true,"boss_relics":[{"not_picked":["Ring of the Serpent","Tiny House"],"picked":"Fusion Hammer"}],"items_purged_floors":[],"is_endless":false,"potions_floor_spawned":[2,12,16,18,20,24],"killed_by":"Colosseum Slavers","ascension_level":13}