{"gold_per_floor":[360,375,71,83,43,43,75,93,119,119,148,148,176,186,186,186],"floor_reached":16,"playtime":482,"items_purged":[],"score":240,"play_id":"e29ea988-3ab3-460c-9123-78a5071f01c9","local_time":"20190122164509","is_ascension_mode":true,"campfire_choices":[{"data":"Neutralize","floor":6,"key":"SMITH"},{"data":"Deadly Poison","floor":10,"key":"SMITH"},{"floor":15,"key":"REST"}],"neow_cost":"PERCENT_DAMAGE","seed_source_timestamp":24673914878981,"circlet_count":0,"master_deck":["AscendersBane","Defend_G","Defend_G","Defend_G","Defend_G","Defend_G","Strike_G","Strike_G","Strike_G","Strike_G","Strike_G","Survivor","Neutralize+1","Flying Knee","Bouncing Flask","Backstab","Bouncing Flask","Deadly Poison+1","Backflip","Dagger Spray","Poisoned Stab"],"relics":["Ring of the Snake","TwistedFunnel","hubris:OldNail","Lantern","Dream Catcher","hubris:Icosahedron","Ancient Tea Set"],"potions_floor_usage":[7,13],"damage_taken":[{"damage":4,"enemies":"Cultist","floor":1,"turns":6},{"damage":1,"enemies":"2 Louse","floor":2,"turns":2},{"damage":0,"enemies":"Jaw Worm","floor":4,"turns":2},{"damage":8,"enemies":"Gremlin Nob","floor":7,"turns":3},{"damage":2,"enemies":"2 Fungi Beasts","floor":8,"turns":3},{"damage":15,"enemies":"3 Sentries","floor":11,"turns":8},{"damage":3,"enemies":"Lagavulin","floor":13,"turns":5},{"damage":4,"enemies":"Red Slaver","floor":14,"turns":2},{"damage":37,"enemies":"Slime Boss","floor":16,"turns":6}],"seed_played":"1239494790930204002","potions_obtained":[{"floor":1,"key":"FearPotion"},{"floor":2,"key":"Block Potion"}],"is_trial":false,"path_per_floor":["M","M","$","M","?","R","E","M","T","R","E","?","E","M","R","B"],"character_chosen":"THE_SILENT","items_purchased":["TwistedFunnel","Backstab"],"campfire_rested":1,"item_purchase_floors":[3,3],"current_hp_per_floor":[40,39,39,39,39,39,31,29,29,29,14,14,11,7,26,0],"gold":186,"neow_bonus":"TWO_FIFTY_GOLD","is_prod":false,"is_daily":false,"chose_seed":false,"campfire_upgraded":2,"win_rate":0,"timestamp":1548171909,"path_taken":["M","M","$","?","?","R","E","M","T","R","E","?","E","M","R","BOSS"],"build_version":"2019-01-17v2","purchased_purges":0,"victory":false,"max_hp_per_floor":[66,66,66,66,66,66,66,66,66,66,66,66,66,66,66,66],"card_choices":[{"not_picked":["Finisher","Concentrate"],"picked":"Flying Knee","floor":1},{"not_picked":["Dodge and Roll","Dagger Throw"],"picked":"Bouncing Flask","floor":2},{"not_picked":["Eviscerate","Blur"],"picked":"Bouncing Flask","floor":4},{"not_picked":["Expertise","Slice","Dagger Throw"],"picked":"SKIP","floor":7},{"not_picked":["Acrobatics","Concentrate"],"picked":"Deadly Poison","floor":8},{"not_picked":["Dodge and Roll","All Out Attack"],"picked":"Backflip","floor":11},{"not_picked":["Deflect","Cloak And Dagger"],"picked":"Dagger Spray","floor":13},{"not_picked":["Masterful Stab","Accuracy","Finisher"],"picked":"SKIP","floor":14},{"not_picked":["Masterful Stab","Bouncing Flask"],"picked":"Poisoned Stab","floor":15}],"player_experience":1149049,"relics_obtained":[{"floor":7,"key":"hubris:OldNail"},{"floor":9,"key":"Lantern"},{"floor":11,"key":"Dream Catcher"},{"floor":13,"key":"Ancient Tea Set"}],"event_choices":[{"damage_healed":0,"gold_gain":0,"player_choice":"Left Gold","damage_taken":0,"max_hp_gain":0,"max_hp_loss":0,"event_name":"World of Goop","floor":5,"gold_loss":40}],"is_beta":false,"boss_relics":[],"items_purged_floors":[],"is_endless":false,"potions_floor_spawned":[1,2],"killed_by":"Slime Boss","ascension_level":20}