{"gold_per_floor":[109,127,127,142,67,95,95,130,155,155,165,165,215,66,66,66],"floor_reached":16,"playtime":360,"items_purged":["Strike_B"],"score":216,"play_id":"6a1a672f-2f9d-49a4-a284-a5ff65882b32","local_time":"20190127122445","is_ascension_mode":true,"campfire_choices":[{"floor":7,"key":"REST"},{"floor":10,"key":"REST"},{"data":"White Noise","floor":12,"key":"SMITH"},{"floor":15,"key":"REST"}],"neow_cost":"NONE","seed_source_timestamp":5250211007306,"circlet_count":0,"master_deck":["AscendersBane","Strike_B","Strike_B","Strike_B","Defend_B","Defend_B","Defend_B","Defend_B","Zap","Dualcast","Gash","Compile Driver","Genetic Algorithm","White Noise+1","All For One","Cold Snap","Echo Form"],"relics":["Cracked Core","NeowsBlessing","DataDisk","hubris:PeanutButter","Art of War"],"potions_floor_usage":[8],"damage_taken":[{"damage":0,"enemies":"Cultist","floor":1,"turns":1},{"damage":0,"enemies":"Jaw Worm","floor":2,"turns":1},{"damage":0,"enemies":"Small Slimes","floor":4,"turns":1},{"damage":56,"enemies":"Gremlin Nob","floor":6,"turns":5},{"damage":23,"enemies":"3 Sentries","floor":8,"turns":7},{"damage":22,"enemies":"Gremlin Gang","floor":11,"turns":4},{"damage":28,"enemies":"The Guardian","floor":16,"turns":6}],"seed_played":"3570115767398805869","potions_obtained":[{"floor":1,"key":"LiquidBronze"},{"floor":6,"key":"SteroidPotion"},{"floor":8,"key":"Strength Potion"}],"is_trial":false,"path_per_floor":["M","M","?","M","$","E","R","E","T","R","M","R","?","$","R","B"],"character_chosen":"DEFECT","items_purchased":["Echo Form"],"campfire_rested":3,"item_purchase_floors":[14],"current_hp_per_floor":[64,64,64,64,64,8,29,6,6,27,5,5,5,5,26,0],"gold":66,"neow_bonus":"THREE_ENEMY_KILL","is_prod":false,"is_daily":false,"chose_seed":false,"campfire_upgraded":1,"win_rate":0,"timestamp":1548588285,"path_taken":["M","?","?","M","$","E","R","E","T","R","?","R","?","$","R","BOSS"],"build_version":"2019-01-23","purchased_purges":1,"victory":false,"max_hp_per_floor":[71,71,71,71,71,71,71,71,71,71,71,71,71,71,71,71],"card_choices":[{"not_picked":["Scrape","Leap"],"picked":"Gash","floor":1},{"not_picked":["Rebound","Skim"],"picked":"Compile Driver","floor":2},{"not_picked":["Go for the Eyes","White Noise"],"picked":"Genetic Algorithm","floor":4},{"not_picked":["Hologram","Force Field"],"picked":"White Noise","floor":6},{"not_picked":["Genetic Algorithm","Rip and Tear"],"picked":"All For One","floor":8},{"not_picked":["Leap","Streamline"],"picked":"Cold Snap","floor":11}],"player_experience":1171725,"relics_obtained":[{"floor":6,"key":"DataDisk"},{"floor":8,"key":"hubris:PeanutButter"},{"floor":9,"key":"Art of War"}],"event_choices":[{"damage_healed":0,"gold_gain":0,"player_choice":"0 cards matched","damage_taken":0,"max_hp_gain":0,"max_hp_loss":0,"event_name":"Match and Keep!","floor":3,"gold_loss":0,"cards_obtained":[]},{"damage_healed":0,"gold_gain":50,"player_choice":"Pray","damage_taken":0,"max_hp_gain":0,"max_hp_loss":0,"event_name":"Golden Shrine","floor":13,"gold_loss":0}],"is_beta":false,"boss_relics":[],"items_purged_floors":[5],"is_endless":false,"potions_floor_spawned":[1,6,8],"killed_by":"The Guardian","ascension_level":20}