{"gold_per_floor":[115,127,127,137,137,166,166,187,210,210,135,167,186,212,212,212],"floor_reached":16,"playtime":639,"items_purged":["Strike_B"],"score":236,"play_id":"313c288f-ee7a-4d2b-9820-83a1eb3523bb","local_time":"20190227225401","is_ascension_mode":true,"campfire_choices":[{"floor":7,"key":"REST"},{"data":"Electrodynamics","floor":10,"key":"SMITH"},{"floor":15,"key":"REST"}],"neow_cost":"NONE","seed_source_timestamp":47852328191242,"circlet_count":0,"master_deck":["AscendersBane","Strike_B","Strike_B","Strike_B","Defend_B+1","Defend_B","Defend_B","Defend_B","Zap","Dualcast+1","Barrage","Compile Driver","Genetic Algorithm","Capacitor","Electrodynamics+1","Ball Lightning","Thunder Strike"],"relics":["Cracked Core","War Paint","Odd Mushroom","Orichalcum","Anchor","PreservedInsect"],"potions_floor_usage":[8,8,14],"damage_taken":[{"damage":7,"enemies":"2 Louse","floor":1,"turns":3},{"damage":9,"enemies":"Small Slimes","floor":2,"turns":4},{"damage":4,"enemies":"Jaw Worm","floor":4,"turns":4},{"damage":32,"enemies":"Gremlin Nob","floor":6,"turns":4},{"damage":1,"enemies":"The Mushroom Lair","floor":8,"turns":3},{"damage":9,"enemies":"3 Sentries","floor":12,"turns":3},{"damage":0,"enemies":"Large Slime","floor":13,"turns":3},{"damage":17,"enemies":"Lagavulin","floor":14,"turns":7},{"damage":32,"enemies":"Slime Boss","floor":16,"turns":3}],"seed_played":"2887404982360449587","potions_obtained":[{"floor":2,"key":"Explosive Potion"},{"floor":4,"key":"Energy Potion"},{"floor":12,"key":"Weak Potion"},{"floor":14,"key":"SteroidPotion"}],"is_trial":false,"path_per_floor":["M","M","?","M","?","E","R","?","T","R","$","E","M","E","R","B"],"character_chosen":"DEFECT","items_purchased":[],"campfire_rested":2,"item_purchase_floors":[],"current_hp_per_floor":[57,48,48,44,44,12,33,32,32,32,32,23,23,6,27,0],"gold":212,"neow_bonus":"THREE_CARDS","is_prod":false,"is_daily":false,"chose_seed":false,"campfire_upgraded":1,"win_rate":0,"timestamp":1551304441,"path_taken":["M","M","?","M","?","E","R","?","T","R","?","E","M","E","R","BOSS"],"build_version":"2019-01-23","purchased_purges":1,"victory":false,"max_hp_per_floor":[71,71,71,71,71,71,71,71,71,71,71,71,71,71,71,71],"card_choices":[{"not_picked":["Hologram","Go for the Eyes"],"picked":"Barrage","floor":0},{"not_picked":["Stack","Self Repair"],"picked":"Compile Driver","floor":1},{"not_picked":["Go for the Eyes","Redo","Turbo"],"picked":"SKIP","floor":2},{"not_picked":["Loop","Turbo"],"picked":"Genetic Algorithm","floor":4},{"not_picked":["Barrage","Stack"],"picked":"Capacitor","floor":6},{"not_picked":["Stack","Compile Driver"],"picked":"Electrodynamics","floor":8},{"not_picked":["Hologram","Recycle","Fusion"],"picked":"SKIP","floor":12},{"not_picked":["Darkness","FTL"],"picked":"Ball Lightning","floor":13},{"not_picked":["Turbo","Steam"],"picked":"Thunder Strike","floor":14}],"player_experience":1342670,"relics_obtained":[{"floor":6,"key":"War Paint"},{"floor":8,"key":"Odd Mushroom"},{"floor":9,"key":"Orichalcum"},{"floor":12,"key":"Anchor"},{"floor":14,"key":"PreservedInsect"}],"event_choices":[{"damage_healed":0,"gold_gain":0,"player_choice":"Ignored","damage_taken":0,"max_hp_gain":0,"max_hp_loss":0,"event_name":"Golden Wing","floor":3,"gold_loss":0},{"damage_healed":0,"gold_gain":0,"player_choice":"Ignored","damage_taken":0,"max_hp_gain":0,"max_hp_loss":0,"event_name":"Liars Game","floor":5,"gold_loss":0},{"damage_healed":0,"gold_gain":0,"player_choice":"Fought Mushrooms","damage_taken":0,"max_hp_gain":0,"max_hp_loss":0,"event_name":"Mushrooms","floor":8,"gold_loss":0}],"is_beta":false,"boss_relics":[],"items_purged_floors":[11],"is_endless":false,"potions_floor_spawned":[2,4,12,14],"killed_by":"Slime Boss","ascension_level":20}