{"gold_per_floor":[19,29,29,29,42,111,127,170,195,195],"floor_reached":10,"playtime":369,"items_purged":[],"score":156,"play_id":"bad7f751-fce5-4c98-95c9-a6ea513a0bd2","local_time":"20190323202255","is_ascension_mode":true,"campfire_choices":[],"neow_cost":"NO_GOLD","seed_source_timestamp":11970671712228,"circlet_count":0,"master_deck":["AscendersBane","Defend_G","Defend_G","Defend_G","Defend_G","Defend_G","Strike_G","Strike_G","Strike_G","Strike_G","Strike_G","Survivor","Neutralize","After Image","Deadly Poison+1","PiercingWail","Deadly Poison","Bane","Flying Knee","Noxious Fumes"],"relics":["Ring of the Snake","Golden Idol","Tiny Chest","Omamori","Bag of Marbles"],"potions_floor_usage":[7,8,10],"damage_taken":[{"damage":0,"enemies":"2 Louse","floor":1,"turns":5},{"damage":7,"enemies":"Small Slimes","floor":2,"turns":5},{"damage":10,"enemies":"Cultist","floor":5,"turns":5},{"damage":26,"enemies":"Lagavulin","floor":6,"turns":8},{"damage":3,"enemies":"Red Slaver","floor":7,"turns":4},{"damage":8,"enemies":"Gremlin Nob","floor":8,"turns":3},{"damage":5,"enemies":"3 Sentries","floor":10,"turns":4}],"seed_played":"-4703755214704693914","potions_obtained":[{"floor":2,"key":"SteroidPotion"},{"floor":5,"key":"FearPotion"},{"floor":8,"key":"PowerPotion"}],"is_trial":false,"path_per_floor":["M","M","?","?","M","E","M","E","T","E"],"character_chosen":"THE_SILENT","items_purchased":[],"campfire_rested":0,"item_purchase_floors":[],"current_hp_per_floor":[59,52,52,52,42,16,13,5,5,0],"gold":195,"neow_bonus":"THREE_RARE_CARDS","is_prod":false,"is_daily":false,"chose_seed":false,"campfire_upgraded":0,"win_rate":0,"timestamp":1553368975,"path_taken":["M","M","?","?","M","E","M","E","T","E"],"build_version":"2019-01-23","purchased_purges":0,"victory":false,"max_hp_per_floor":[66,66,60,60,60,60,60,60,60,60],"card_choices":[{"not_picked":["A Thousand Cuts","Phantasmal Killer"],"picked":"After Image","floor":0},{"not_picked":["Dagger Spray","Reflex"],"picked":"Deadly Poison","floor":1},{"not_picked":["Backflip","Calculated Gamble"],"picked":"PiercingWail","floor":2},{"not_picked":["Infinite Blades","Expertise"],"picked":"Deadly Poison","floor":5},{"not_picked":["Escape Plan","Accuracy"],"picked":"Bane","floor":6},{"not_picked":["Phantasmal Killer","Underhanded Strike"],"picked":"Flying Knee","floor":7},{"not_picked":["Endless Agony","Deflect"],"picked":"Noxious Fumes","floor":8}],"player_experience":1466843,"relics_obtained":[{"floor":6,"key":"Tiny Chest"},{"floor":8,"key":"Omamori"},{"floor":9,"key":"Bag of Marbles"}],"event_choices":[{"damage_healed":0,"gold_gain":0,"player_choice":"Lose Max HP","damage_taken":0,"relics_obtained":["Golden Idol"],"max_hp_gain":0,"max_hp_loss":6,"event_name":"Golden Idol","floor":3,"gold_loss":0},{"damage_healed":0,"gold_gain":0,"player_choice":"Forge","damage_taken":0,"max_hp_gain":0,"max_hp_loss":0,"event_name":"Accursed Blacksmith","floor":4,"gold_loss":0,"cards_upgraded":["Deadly Poison"]}],"is_beta":false,"boss_relics":[],"items_purged_floors":[],"is_endless":false,"potions_floor_spawned":[2,5,8],"killed_by":"3 Sentries","ascension_level":20}