{"gold_per_floor":[110,110,128,148,168,168,184,217,217,250,250,250,277,46,46,46],"floor_reached":16,"playtime":643,"items_purged":["Strike_R"],"score":210,"play_id":"166187a3-cda1-469e-8470-4d21e9983f2c","local_time":"20190508204135","is_ascension_mode":true,"campfire_choices":[{"data":"Whirlwind","floor":6,"key":"SMITH"},{"data":"Bash","floor":11,"key":"SMITH"},{"data":"Feed","floor":15,"key":"SMITH"}],"neow_cost":"NONE","seed_source_timestamp":36496104475040,"circlet_count":0,"master_deck":["AscendersBane","Strike_R","Strike_R","Strike_R","Strike_R","Defend_R","Defend_R","Defend_R","Defend_R","Bash+1","Whirlwind+1","Evolve","Anger","Anger","Feed+1"],"relics":["Burning Blood","WingedGreaves","Gremlin Horn","Ornamental Fan","Question Card","CultistMask","Omamori","Oddly Smooth Stone"],"potions_floor_usage":[8],"damage_taken":[{"damage":3,"enemies":"2 Louse","floor":1,"turns":3},{"damage":6,"enemies":"Cultist","floor":3,"turns":4},{"damage":9,"enemies":"Jaw Worm","floor":4,"turns":4},{"damage":17,"enemies":"Exordium Thugs","floor":5,"turns":4},{"damage":11,"enemies":"Red Slaver","floor":7,"turns":5},{"damage":20,"enemies":"Gremlin Nob","floor":8,"turns":4},{"damage":22,"enemies":"Lagavulin","floor":10,"turns":7},{"damage":16,"enemies":"3 Sentries","floor":13,"turns":4},{"damage":22,"enemies":"Hexaghost","floor":16,"turns":7}],"seed_played":"-2058988657401741060","potions_obtained":[{"floor":1,"key":"BloodPotion"},{"floor":3,"key":"SteroidPotion"},{"floor":13,"key":"Dexterity Potion"}],"is_trial":false,"path_per_floor":["M","?","M","M","M","R","M","E","T","E","R","?","E","$","R","B"],"character_chosen":"IRONCLAD","items_purchased":["Oddly Smooth Stone"],"campfire_rested":0,"item_purchase_floors":[14],"current_hp_per_floor":[78,78,78,75,64,64,59,45,45,29,29,29,19,19,19,0],"gold":46,"neow_bonus":"TEN_PERCENT_HP_BONUS","is_prod":false,"is_daily":false,"chose_seed":false,"campfire_upgraded":3,"win_rate":0,"timestamp":1557340895,"path_taken":["M","?","M","?","?","R","M","E","T","E","R","?","E","?","R","BOSS"],"build_version":"2019-01-23","purchased_purges":1,"victory":false,"max_hp_per_floor":[82,82,82,82,82,82,82,82,82,82,82,82,82,82,82,82],"card_choices":[{"not_picked":["Heavy Blade","Sword Boomerang"],"picked":"Whirlwind","floor":1},{"not_picked":["True Grit","Clash"],"picked":"Evolve","floor":3},{"not_picked":["Dual Wield","Uppercut"],"picked":"Anger","floor":4},{"not_picked":["Perfected Strike","Exhume","Blood for Blood"],"picked":"SKIP","floor":5},{"not_picked":["Havoc","Heavy Blade","Perfected Strike"],"picked":"SKIP","floor":7},{"not_picked":["Infernal Blade","Body Slam"],"picked":"Anger","floor":8},{"not_picked":["Bloodletting","Twin Strike","Havoc"],"picked":"SKIP","floor":10},{"not_picked":["Heavy Blade","Pummel","Flame Barrier"],"picked":"Feed","floor":13}],"player_experience":1674714,"relics_obtained":[{"floor":8,"key":"Gremlin Horn"},{"floor":9,"key":"Ornamental Fan"},{"floor":10,"key":"Question Card"},{"floor":13,"key":"Omamori"}],"event_choices":[{"damage_healed":0,"gold_gain":0,"player_choice":"Gave Potion","damage_taken":0,"relics_obtained":["WingedGreaves"],"max_hp_gain":0,"max_hp_loss":0,"event_name":"WeMeetAgain","floor":2,"gold_loss":0},{"damage_healed":0,"gold_gain":0,"player_choice":"Trade","damage_taken":0,"relics_obtained":["CultistMask"],"max_hp_gain":0,"max_hp_loss":0,"event_name":"FaceTrader","floor":12,"gold_loss":0}],"is_beta":false,"boss_relics":[],"items_purged_floors":[14],"is_endless":false,"potions_floor_spawned":[1,3,13],"killed_by":"Hexaghost","ascension_level":15}