{"gold_per_floor":[12,29,29,49,63,97,109,145,157,180,192,204,247,272,284,369,381,403,211,261,276,276],"floor_reached":22,"playtime":711,"items_purged":["Strike_R"],"score":392,"play_id":"cbaf9cb0-de98-4b44-b4fe-9d4f2b23c488","local_time":"20190409093413","is_ascension_mode":true,"campfire_choices":[{"data":"Bash","floor":7,"key":"SMITH"},{"data":"Rampage","floor":11,"key":"SMITH"},{"data":"Anger","floor":15,"key":"SMITH"}],"neow_cost":"NO_GOLD","seed_source_timestamp":957953468396,"circlet_count":0,"master_deck":["AscendersBane","Strike_R","Strike_R","Strike_R","Strike_R","Defend_R","Defend_R","Defend_R","Defend_R","Bash+1","Anger+1","Shrug It Off","Hemokinesis","Rampage+1","Second Wind+1","Impervious+1","Armaments+1","Feel No Pain","Feel No Pain"],"relics":["Burning Blood","Dream Catcher","MawBank","Ancient Tea Set","Pantograph","Toxic Egg 2","Sozu"],"potions_floor_usage":[10,16,22],"damage_taken":[{"damage":4,"enemies":"Small Slimes","floor":1,"turns":4},{"damage":1,"enemies":"Cultist","floor":2,"turns":3},{"damage":6,"enemies":"Jaw Worm","floor":4,"turns":5},{"damage":18,"enemies":"Exordium Thugs","floor":5,"turns":6},{"damage":56,"enemies":"Lagavulin","floor":6,"turns":8},{"damage":23,"enemies":"Lots of Slimes","floor":10,"turns":5},{"damage":11,"enemies":"Gremlin Nob","floor":13,"turns":3},{"damage":9,"enemies":"Looter","floor":14,"turns":3},{"damage":57,"enemies":"Hexaghost","floor":16,"turns":8},{"damage":33,"enemies":"Spheric Guardian","floor":18,"turns":6},{"damage":30,"enemies":"Shell Parasite","floor":21,"turns":7},{"damage":28,"enemies":"Sentry and Sphere","floor":22,"turns":7}],"seed_played":"-3863492335631375917","potions_obtained":[{"floor":1,"key":"Regen Potion"},{"floor":2,"key":"Strength Potion"},{"floor":4,"key":"GamblersBrew"},{"floor":10,"key":"GamblersBrew"}],"is_trial":false,"path_per_floor":["M","M","?","M","M","E","R","T","T","M","R","?","E","M","R","B",null,"M","$","?","M","M"],"character_chosen":"IRONCLAD","items_purchased":["Armaments+1","Feel No Pain"],"campfire_rested":0,"item_purchase_floors":[19,19],"current_hp_per_floor":[84,89,89,89,77,27,27,27,27,24,24,89,84,81,81,38,76,49,49,49,25,0],"gold":276,"neow_bonus":"TWENTY_PERCENT_HP_BONUS","is_prod":false,"is_daily":false,"chose_seed":false,"campfire_upgraded":3,"win_rate":0,"timestamp":1554795253,"path_taken":["M","M","?","?","M","E","R","?","T","M","R","?","E","M","R","BOSS","M","$","?","M","M"],"build_version":"2019-01-23","purchased_purges":1,"victory":false,"max_hp_per_floor":[89,89,89,89,89,89,89,89,89,89,89,89,89,89,89,89,89,89,89,89,89,89],"card_choices":[{"not_picked":["Seeing Red","Sword Boomerang"],"picked":"Anger","floor":1},{"not_picked":["Flex","Fire Breathing"],"picked":"Shrug It Off","floor":2},{"not_picked":["Infernal Blade","Thunderclap"],"picked":"Evolve","floor":4},{"not_picked":["Warcry","Iron Wave"],"picked":"Hemokinesis","floor":5},{"not_picked":["Perfected Strike","Pommel Strike"],"picked":"Rampage","floor":6},{"not_picked":["Combust","Havoc","Twin Strike"],"picked":"SKIP","floor":10},{"not_picked":["Power Through","Blood for Blood"],"picked":"Second Wind","floor":13},{"not_picked":["Blood for Blood","Sword Boomerang","Brutality"],"picked":"SKIP","floor":14},{"not_picked":["Berserk","Juggernaut"],"picked":"Impervious+1","floor":16},{"not_picked":["Hemokinesis","Perfected Strike","Twin Strike"],"picked":"SKIP","floor":18},{"not_picked":["Sever Soul","Clothesline"],"picked":"Feel No Pain","floor":21}],"player_experience":1567812,"relics_obtained":[{"floor":6,"key":"MawBank"},{"floor":8,"key":"Ancient Tea Set"},{"floor":9,"key":"Pantograph"},{"floor":13,"key":"Toxic Egg 2"}],"event_choices":[{"damage_healed":0,"gold_gain":0,"player_choice":"Gave Potion","damage_taken":0,"relics_obtained":["Dream Catcher"],"max_hp_gain":0,"max_hp_loss":0,"event_name":"WeMeetAgain","floor":3,"gold_loss":0},{"cards_removed":["Evolve"],"damage_healed":65,"gold_gain":0,"player_choice":"Offered Uncommon","damage_taken":0,"max_hp_gain":0,"max_hp_loss":0,"event_name":"Bonfire Elementals","floor":12,"gold_loss":0},{"damage_healed":0,"gold_gain":50,"player_choice":"Pray","damage_taken":0,"max_hp_gain":0,"max_hp_loss":0,"event_name":"Golden Shrine","floor":20,"gold_loss":0}],"is_beta":false,"boss_relics":[{"not_picked":["Mark of Pain","Ectoplasm"],"picked":"Sozu"}],"items_purged_floors":[19],"is_endless":false,"potions_floor_spawned":[1,2,4,10,21],"killed_by":"Sentry and Sphere","ascension_level":20}