{"gold_per_floor":[12,12,28,43,57,57,82,82,82,99,117,149,149,66,66,66],"floor_reached":16,"playtime":638,"items_purged":[],"score":224,"play_id":"d79bc737-23df-452f-aeb2-231065d21a9e","local_time":"20190409195652","is_ascension_mode":true,"campfire_choices":[{"data":"Die Die Die","floor":6,"key":"SMITH"},{"floor":8,"key":"REST"},{"data":"Corpse Explosion","floor":13,"key":"SMITH"},{"data":"Deadly Poison","floor":15,"key":"SMITH"}],"neow_cost":"NO_GOLD","seed_source_timestamp":38390330001114,"circlet_count":0,"master_deck":["AscendersBane","Defend_G","Defend_G","Defend_G","Defend_G","Defend_G","Strike_G","Strike_G","Strike_G","Strike_G","Strike_G","Survivor","Neutralize","Malaise","Quick Slash","Flying Knee","Die Die Die+1","Deflect","Corpse Explosion+1","Backflip","Deadly Poison+1"],"relics":["Ring of the Snake","Incense Burner","Prayer Wheel","The Specimen","Oddly Smooth Stone"],"potions_floor_usage":[12,16,16],"damage_taken":[{"damage":0,"enemies":"2 Louse","floor":1,"turns":4},{"damage":1,"enemies":"Cultist","floor":3,"turns":4},{"damage":0,"enemies":"Small Slimes","floor":4,"turns":4},{"damage":8,"enemies":"Blue Slaver","floor":5,"turns":4},{"damage":26,"enemies":"3 Sentries","floor":7,"turns":12},{"damage":0,"enemies":"2 Fungi Beasts","floor":10,"turns":2},{"damage":9,"enemies":"Exordium Wildlife","floor":11,"turns":4},{"damage":23,"enemies":"Gremlin Nob","floor":12,"turns":4},{"damage":19,"enemies":"Slime Boss","floor":16,"turns":9}],"seed_played":"4405465077004790118","potions_obtained":[{"floor":4,"key":"LiquidBronze"},{"floor":10,"key":"SpeedPotion"}],"is_trial":false,"path_per_floor":["M","?","M","M","M","R","E","R","T","M","M","E","R","$","R","B"],"character_chosen":"THE_SILENT","items_purchased":["GhostInAJar"],"campfire_rested":1,"item_purchase_floors":[14],"current_hp_per_floor":[59,59,58,58,50,50,24,43,43,43,34,11,11,11,11,0],"gold":66,"neow_bonus":"THREE_RARE_CARDS","is_prod":false,"is_daily":false,"chose_seed":false,"campfire_upgraded":3,"win_rate":0,"timestamp":1554832612,"path_taken":["M","?","?","?","M","R","E","R","T","M","M","E","R","$","R","BOSS"],"build_version":"2019-01-23","purchased_purges":0,"victory":false,"max_hp_per_floor":[66,66,66,66,66,66,66,66,66,66,66,66,66,66,66,66],"card_choices":[{"not_picked":["Bullet Time","Venomology"],"picked":"Malaise","floor":0},{"not_picked":["Bane","Predator"],"picked":"Quick Slash","floor":1},{"not_picked":["Blade Dance","Sucker Punch"],"picked":"Flying Knee","floor":3},{"not_picked":["Quick Slash","Terror"],"picked":"Die Die Die","floor":4},{"not_picked":["Masterful Stab","Dagger Throw"],"picked":"Deflect","floor":5},{"not_picked":["Deflect","Phantasmal Killer"],"picked":"Corpse Explosion","floor":7},{"not_picked":["Flechettes","Dagger Throw"],"picked":"Backflip","floor":10},{"not_picked":["Bane","Eviscerate","Infinite Blades"],"picked":"SKIP","floor":10},{"not_picked":["Accuracy","Backflip"],"picked":"Deadly Poison","floor":11},{"not_picked":["Flechettes","Calculated Gamble","Dodge and Roll"],"picked":"SKIP","floor":11},{"not_picked":["Dagger Throw","Bane","Deadly Poison"],"picked":"SKIP","floor":12}],"player_experience":1573288,"relics_obtained":[{"floor":2,"key":"Incense Burner"},{"floor":7,"key":"Prayer Wheel"},{"floor":9,"key":"The Specimen"},{"floor":12,"key":"Oddly Smooth Stone"}],"event_choices":[{"damage_healed":0,"gold_gain":0,"player_choice":"Relic","damage_taken":0,"max_hp_gain":0,"max_hp_loss":0,"event_name":"Wheel of Change","floor":2,"gold_loss":0}],"is_beta":false,"boss_relics":[],"items_purged_floors":[],"is_endless":false,"potions_floor_spawned":[4,10],"killed_by":"Slime Boss","ascension_level":20}