{"gold_per_floor":[115,115,16,16,36,36,75,90,90,90,104,122,122,153,153,246,246,260,535,431,452,472,472,486,486],"floor_reached":25,"playtime":1166,"items_purged":["Regret"],"score":476,"play_id":"24f1d712-4629-4d15-b67e-52b7566f863a","local_time":"20190403235230","is_ascension_mode":true,"campfire_choices":[{"data":"Neutralize","floor":6,"key":"SMITH"},{"floor":15,"key":"REST"},{"floor":23,"key":"REST"}],"neow_cost":"NONE","seed_source_timestamp":50135500612279,"circlet_count":0,"master_deck":["AscendersBane","Defend_G","Defend_G","Defend_G","Defend_G","Defend_G+1","Strike_G","Strike_G","Strike_G","Strike_G","Strike_G+1","Survivor","Neutralize+1","Heel Hook","Footwork","Backflip+1","Finisher+1","Backstab","Leg Sweep","Deflect","After Image","Cloak And Dagger","Noxious Fumes","Dodge and Roll","Backflip"],"relics":["Ring of the Serpent","NeowsBlessing","Golden Idol","Sundial","Whetstone","StoneCalendar","Singing Bowl"],"potions_floor_usage":[14,25,25],"damage_taken":[{"damage":0,"enemies":"Jaw Worm","floor":1,"turns":1},{"damage":0,"enemies":"Small Slimes","floor":5,"turns":1},{"damage":0,"enemies":"3 Sentries","floor":7,"turns":1},{"damage":0,"enemies":"2 Louse","floor":8,"turns":2},{"damage":6,"enemies":"Lots of Slimes","floor":11,"turns":4},{"damage":0,"enemies":"2 Fungi Beasts","floor":12,"turns":4},{"damage":18,"enemies":"Gremlin Nob","floor":14,"turns":7},{"damage":32,"enemies":"Slime Boss","floor":16,"turns":15},{"damage":0,"enemies":"Shell Parasite","floor":18,"turns":7},{"damage":0,"enemies":"Chosen","floor":21,"turns":7},{"damage":27,"enemies":"Sentry and Sphere","floor":22,"turns":10},{"damage":14,"enemies":"Cultist and Chosen","floor":24,"turns":8},{"damage":45,"enemies":"Slavers","floor":25,"turns":6}],"seed_played":"8199838081981724284","potions_obtained":[{"floor":1,"key":"Weak Potion"},{"floor":12,"key":"GhostInAJar"},{"floor":16,"key":"GhostInAJar"},{"floor":22,"key":"PowerPotion"}],"is_trial":false,"path_per_floor":["M","?","$","?","M","R","E","M","T","?","M","M","?","E","R","B",null,"M","?","$","M","M","R","M","E"],"character_chosen":"THE_SILENT","items_purchased":["Footwork","Backflip","Dodge and Roll"],"campfire_rested":2,"item_purchase_floors":[3,3,20],"current_hp_per_floor":[59,59,59,41,41,41,41,41,41,36,30,30,35,17,36,6,52,52,52,52,54,27,47,35,0],"gold":486,"neow_bonus":"THREE_ENEMY_KILL","is_prod":false,"is_daily":false,"chose_seed":false,"campfire_upgraded":1,"win_rate":0,"timestamp":1554328350,"path_taken":["M","?","$","?","M","R","E","M","T","?","M","M","?","E","R","BOSS","M","?","$","M","M","R","M","E"],"build_version":"2019-01-23","purchased_purges":1,"victory":false,"max_hp_per_floor":[66,60,60,60,60,60,60,60,60,60,60,60,65,65,65,67,67,67,67,67,69,69,69,71,71],"card_choices":[{"not_picked":["Bane","Outmaneuver"],"picked":"Heel Hook","floor":1},{"not_picked":["Quick Slash","Cloak And Dagger"],"picked":"Finisher","floor":5},{"not_picked":["Skewer","Sucker Punch"],"picked":"Backstab","floor":7},{"not_picked":["Dagger Spray","Endless Agony"],"picked":"Leg Sweep","floor":8},{"not_picked":["Bane","Dodge and Roll"],"picked":"Deflect","floor":11},{"not_picked":["Endless Agony","Blur"],"picked":"After Image","floor":12},{"not_picked":["Storm of Steel","Blade Dance"],"picked":"Cloak And Dagger","floor":14},{"not_picked":["Doppelganger","Phantasmal Killer","Storm of Steel"],"picked":"Singing Bowl","floor":16},{"not_picked":["Concentrate","Flying Knee"],"picked":"Noxious Fumes","floor":18},{"not_picked":["Masterful Stab","Expertise","Dagger Spray"],"picked":"Singing Bowl","floor":21},{"not_picked":["Dodge and Roll","Night Terror"],"picked":"Backflip","floor":22},{"not_picked":["Dagger Throw","Dodge and Roll+1","Calculated Gamble"],"picked":"Singing Bowl","floor":24}],"player_experience":1543564,"relics_obtained":[{"floor":7,"key":"Sundial"},{"floor":9,"key":"Whetstone"},{"floor":14,"key":"Singing Bowl"}],"event_choices":[{"damage_healed":0,"gold_gain":0,"player_choice":"Lose Max HP","damage_taken":0,"relics_obtained":["Golden Idol"],"max_hp_gain":0,"max_hp_loss":6,"event_name":"Golden Idol","floor":2,"gold_loss":0},{"damage_healed":0,"gold_gain":0,"player_choice":"Entered Light","damage_taken":18,"max_hp_gain":0,"max_hp_loss":0,"event_name":"Shining Light","floor":4,"gold_loss":0,"cards_upgraded":["Backflip","Defend_G"]},{"damage_healed":0,"gold_gain":0,"player_choice":"Success","damage_taken":5,"relics_obtained":["StoneCalendar"],"max_hp_gain":0,"max_hp_loss":0,"event_name":"Scrap Ooze","floor":10,"gold_loss":0},{"damage_healed":0,"gold_gain":0,"player_choice":"Donut","damage_taken":0,"max_hp_gain":5,"max_hp_loss":0,"event_name":"Big Fish","floor":13,"gold_loss":0},{"damage_healed":0,"gold_gain":275,"player_choice":"Desecrate","damage_taken":0,"max_hp_gain":0,"max_hp_loss":0,"event_name":"Golden Shrine","floor":19,"gold_loss":0,"cards_obtained":["Regret"]}],"is_beta":false,"boss_relics":[{"not_picked":["Velvet Choker","Eternal Feather"],"picked":"Ring of the Serpent"}],"items_purged_floors":[20],"is_endless":false,"potions_floor_spawned":[1,12,16,21,22],"killed_by":"Slavers","ascension_level":20}