{"path_per_floor":["M","M","$","M","?","R","M","E","T","M","E","R","E","M","R","B",null,"M","M","?","$","?","R","E","R","T","?","R","$","M"],"character_chosen":"THE_SILENT","items_purchased":["Fruit Juice","Pen Nib","Crippling Poison+1","Noxious Fumes"],"gold_per_floor":[114,133,32,46,46,46,60,95,95,108,139,139,165,175,175,271,271,285,305,305,1,1,1,29,29,29,29,29,29,39,39],"floor_reached":31,"campfire_rested":3,"playtime":1102,"item_purchase_floors":[],"current_hp_per_floor":[63,55,55,58,63,63,57,53,53,44,39,39,24,24,48,6,62,34,21,13,13,13,37,15,39,39,39,39,39,22,0],"items_purged":[],"gold":39,"score":382,"play_id":"27bc3e49-eb5e-46ea-a80d-21035553d6c9","local_time":"20180611130950","is_prod":false,"is_daily":false,"chose_seed":false,"is_ascension_mode":true,"campfire_upgraded":3,"win_rate":0,"timestamp":1528715390,"campfire_choices":[{"data":"Infinite Blades","floor":6.0,"key":"SMITH"},{"data":"Skewer","floor":12.0,"key":"SMITH"},{"floor":15.0,"key":"REST"},{"floor":23.0,"key":"REST"},{"floor":25.0,"key":"REST"},{"data":"Neutralize","floor":28.0,"key":"SMITH"}],"path_taken":["M","M","$","M","?","R","M","E","T","M","E","R","E","M","R","BOSS","M","M","?","$","?","R","E","R","T","?","R","$","M","E"],"build_version":"2018-06-08","seed_source_timestamp":0,"purchased_purges":0,"victory":false,"master_deck":["Defend_G","Defend_G","Defend_G","Strike_G+1","Strike_G+1","Strike_G","Strike_G","Survivor","Neutralize+1","Terror+1","Underhanded Strike+1","Storm of Steel+1","Infinite Blades+1","Quick Slash","Riddle With Holes","Dagger Throw","Skewer+1","Cloak And Dagger+1","Blur+1","Distraction+1","Deadly Poison+1","Burst+1","Cloak And Dagger+1","Dash+1","Crippling Poison+1","Noxious Fumes+1","Catalyst+1","Doppelganger+1"],"max_hp_per_floor":[70,70,70,75,80,80,80,80,80,80,80,80,80,80,80,80,80,80,80,80,80,80,80,80,80,80,80,80,80,80,80],"relics":["Astrolabe","Bottled Lightning","Toxic Egg 2","Whetstone","Smiling Mask","Black Star","Pen Nib","Ancient Tea Set","Lantern","Ornamental Fan"],"card_choices":[{"not_picked":["Flying Knee","Cloak And Dagger"],"picked":"Infinite Blades","floor":1.0},{"not_picked":["Dodge and Roll","Slice"],"picked":"Quick Slash","floor":2.0},{"not_picked":["Phantasmal Killer","Endless Agony"],"picked":"Riddle With Holes","floor":4.0},{"not_picked":["Prepared","Slice"],"picked":"Dagger Throw","floor":7.0},{"not_picked":["Calculated Gamble","PiercingWail"],"picked":"Skewer","floor":8.0},{"not_picked":["Dash","Underhanded Strike"],"picked":"Cloak And Dagger+1","floor":10.0},{"not_picked":["Catalyst+1","Bane"],"picked":"Blur+1","floor":11.0},{"not_picked":["Dodge and Roll+1","Quick Slash"],"picked":"Distraction+1","floor":13.0},{"not_picked":["Bane","Terror+1"],"picked":"Deadly Poison+1","floor":14.0},{"not_picked":["Wraith Form v2","Die Die Die"],"picked":"Burst+1","floor":16.0},{"not_picked":["Setup+1","All Out Attack+1"],"picked":"Cloak And Dagger+1","floor":18.0},{"not_picked":["Concentrate+1","Bane+1"],"picked":"Dash+1","floor":19.0},{"not_picked":["Terror+1","Deflect+1"],"picked":"Catalyst+1","floor":24.0},{"not_picked":["PiercingWail+1","Terror+1"],"picked":"Doppelganger+1","floor":30.0}],"player_experience":308707,"potions_floor_usage":[31],"damage_taken":[{"damage":0.0,"enemies":"Cultist","floor":1.0,"turns":4.0},{"damage":8.0,"enemies":"2 Louse","floor":2.0,"turns":3.0},{"damage":2.0,"enemies":"Jaw Worm","floor":4.0,"turns":3.0},{"damage":6.0,"enemies":"2 Fungi Beasts","floor":7.0,"turns":3.0},{"damage":4.0,"enemies":"Gremlin Nob","floor":8.0,"turns":3.0},{"damage":9.0,"enemies":"Red Slaver","floor":10.0,"turns":2.0},{"damage":5.0,"enemies":"3 Sentries","floor":11.0,"turns":5.0},{"damage":15.0,"enemies":"Lagavulin","floor":13.0,"turns":4.0},{"damage":0.0,"enemies":"Large Slime","floor":14.0,"turns":3.0},{"damage":42.0,"enemies":"The Guardian","floor":16.0,"turns":9.0},{"damage":28.0,"enemies":"2 Thieves","floor":18.0,"turns":3.0},{"damage":13.0,"enemies":"Spheric Guardian","floor":19.0,"turns":4.0},{"damage":37.0,"enemies":"Slavers","floor":24.0,"turns":7.0},{"damage":17.0,"enemies":"Snecko","floor":30.0,"turns":4.0},{"damage":24,"enemies":"Gremlin Leader","floor":31,"turns":2}],"relics_obtained":[{"floor":8.0,"key":"Bottled Lightning"},{"floor":9.0,"key":"Toxic Egg 2"},{"floor":11.0,"key":"Whetstone"},{"floor":13.0,"key":"Smiling Mask"},{"floor":24.0,"key":"Ancient Tea Set"},{"floor":24.0,"key":"Lantern"},{"floor":26.0,"key":"Ornamental Fan"}],"event_choices":[{"event_name":"Big Fish","player_choice":"Donut","floor":5.0,"damage_taken":0.0},{"event_name":"Wheel of Change","player_choice":"Damage","floor":20.0,"damage_taken":0.0},{"event_name":"Addict","player_choice":"Ignored","floor":22.0,"damage_taken":0.0},{"event_name":"Accursed Blacksmith","player_choice":"Forge","floor":27.0,"damage_taken":0.0}],"boss_relics":[{"not_picked":["Runic Pyramid","Orrery"],"picked":"Black Star"}],"items_purged_floors":[],"potions_floor_spawned":[2,7,10,11,24],"seed_played":"6802026266707730693","killed_by":"Gremlin Leader","ascension_level":8,"potions_obtained":[{"floor":2.0,"key":"EssenceOfSteel"},{"floor":7.0,"key":"Regen Potion"},{"floor":10.0,"key":"SpeedPotion"},{"floor":11.0,"key":"Dexterity Potion"},{"floor":24.0,"key":"Poison Potion"}],"is_trial":false}