{"gold_per_floor":[114,189,189,208,208,238,238,250,273,18,34,34,59,74,74,74],"floor_reached":16,"playtime":319,"items_purged":["Strike_R"],"score":270,"play_id":"79ccca9c-7530-4adb-a5f1-894728dba1b0","local_time":"20190912141305","is_ascension_mode":true,"campfire_choices":[{"data":"Bash","floor":7,"key":"SMITH"},{"data":"Apotheosis","floor":12,"key":"SMITH"},{"data":"Inflame","floor":15,"key":"SMITH"}],"neow_cost":"NONE","seed_source_timestamp":6153852745069,"circlet_count":0,"master_deck":["AscendersBane","Strike_R","Strike_R","Strike_R","Defend_R","Defend_R","Defend_R","Defend_R","Bash+1","Rampage","Inflame+1","Rampage","Shrug It Off","Pummel","Apotheosis+1","Pummel","Heavy Blade","True Grit"],"relics":["Burning Blood","NeowsBlessing","Happy Flower","Potion Belt","Boot","WingedGreaves"],"potions_floor_usage":[16,16],"damage_taken":[{"damage":0,"enemies":"2 Louse","floor":1,"turns":1},{"damage":0,"enemies":"Small Slimes","floor":4,"turns":1},{"damage":0,"enemies":"Gremlin Nob","floor":6,"turns":1},{"damage":1,"enemies":"Cultist","floor":8,"turns":3},{"damage":4,"enemies":"2 Fungi Beasts","floor":11,"turns":3},{"damage":9,"enemies":"3 Sentries","floor":13,"turns":8},{"damage":1,"enemies":"3 Louse","floor":14,"turns":3},{"damage":42,"enemies":"Hexaghost","floor":16,"turns":9}],"seed_played":"-4600625701888732417","potions_obtained":[{"floor":1,"key":"PowerPotion"},{"floor":4,"key":"SteroidPotion"}],"is_trial":false,"path_per_floor":["M","?","?","M","?","E","R","M","T","$","M","R","E","M","R","B"],"character_chosen":"IRONCLAD","items_purchased":["Apotheosis"],"campfire_rested":0,"item_purchase_floors":[10],"current_hp_per_floor":[74,63,18,24,24,30,30,35,35,35,37,37,34,39,39,0],"gold":74,"neow_bonus":"THREE_ENEMY_KILL","is_prod":false,"is_daily":false,"chose_seed":false,"campfire_upgraded":3,"win_rate":0,"timestamp":1568290385,"path_taken":["M","?","?","M","?","E","R","M","T","$","M","R","E","?","R","BOSS"],"build_version":"2019-09-11v2","purchased_purges":1,"victory":false,"max_hp_per_floor":[75,75,75,75,75,75,75,75,75,75,75,75,75,75,75,75],"card_choices":[{"not_picked":["Armaments","Seeing Red"],"picked":"Rampage","floor":1},{"not_picked":["Second Wind","Iron Wave"],"picked":"Inflame","floor":4},{"not_picked":["Double Tap","Shockwave"],"picked":"Shrug It Off","floor":6},{"not_picked":["Feel No Pain","Warcry"],"picked":"Pummel","floor":8},{"not_picked":["Bloodletting","Thunderclap"],"picked":"Pummel","floor":11},{"not_picked":["Bloodletting","Body Slam"],"picked":"Heavy Blade","floor":13},{"not_picked":["Ghostly Armor","Armaments"],"picked":"True Grit","floor":14}],"player_experience":2029453,"relics_obtained":[{"floor":6,"key":"Potion Belt"},{"floor":9,"key":"Boot"},{"floor":13,"key":"WingedGreaves"}],"event_choices":[{"damage_healed":0,"gold_gain":75,"player_choice":"Gather Gold","damage_taken":11,"max_hp_gain":0,"max_hp_loss":0,"event_name":"World of Goop","floor":2,"gold_loss":0},{"damage_healed":0,"gold_gain":0,"player_choice":"Success","damage_taken":45,"relics_obtained":["Happy Flower"],"max_hp_gain":0,"max_hp_loss":0,"event_name":"Scrap Ooze","floor":3,"gold_loss":0},{"damage_healed":0,"gold_gain":0,"cards_transformed":["Strike_R"],"player_choice":"Transformed","damage_taken":0,"max_hp_gain":0,"max_hp_loss":0,"event_name":"Transmorgrifier","floor":5,"gold_loss":0,"cards_obtained":["Rampage"]}],"is_beta":true,"boss_relics":[],"items_purged_floors":[10],"is_endless":false,"potions_floor_spawned":[1,4],"killed_by":"Hexaghost","ascension_level":20}