{"gold_per_floor":[111,128,128,145,145,145,170,21,91,91,0,13,26,53,53,53],"floor_reached":16,"playtime":329,"items_purged":["Strike_B"],"score":220,"play_id":"f5ca38ff-5f57-4bd9-b070-1713fcdce902","local_time":"20190216175146","is_ascension_mode":true,"campfire_choices":[{"data":"Biased Cognition","floor":6,"key":"SMITH"},{"data":"Defragment","floor":10,"key":"SMITH"},{"floor":15,"key":"REST"}],"neow_cost":"NONE","seed_source_timestamp":28907282307305,"circlet_count":0,"master_deck":["AscendersBane","Strike_B+1","Strike_B","Defend_B","Defend_B","Defend_B","Defend_B","Zap+1","Dualcast","Ball Lightning+1","Biased Cognition+1","Ball Lightning","Coolheaded","Defragment+1","White Noise","Compile Driver","Genetic Algorithm"],"relics":["Cracked Core","Whetstone","Ornamental Fan","Girya","Torii"],"potions_floor_usage":[12,14,16],"damage_taken":[{"damage":0,"enemies":"2 Louse","floor":1,"turns":2},{"damage":12,"enemies":"Small Slimes","floor":2,"turns":3},{"damage":0,"enemies":"Cultist","floor":4,"turns":2},{"damage":20,"enemies":"3 Sentries","floor":7,"turns":5},{"damage":0,"enemies":"Gremlin Gang","floor":12,"turns":1},{"damage":0,"enemies":"3 Louse","floor":13,"turns":2},{"damage":11,"enemies":"Gremlin Nob","floor":14,"turns":3},{"damage":39,"enemies":"The Guardian","floor":16,"turns":5}],"seed_played":"-1598545117293663790","potions_obtained":[{"floor":0,"key":"PowerPotion"},{"floor":0,"key":"AttackPotion"},{"floor":12,"key":"Ancient Potion"},{"floor":14,"key":"Dexterity Potion"}],"is_trial":false,"path_per_floor":["M","M","?","M","?","R","E","$","T","R","?","M","M","E","R","B"],"character_chosen":"DEFECT","items_purchased":["Defragment"],"campfire_rested":1,"item_purchase_floors":[8],"current_hp_per_floor":[64,52,52,52,45,45,25,25,25,25,25,25,25,14,35,0],"gold":53,"neow_bonus":"THREE_SMALL_POTIONS","is_prod":false,"is_daily":false,"chose_seed":false,"campfire_upgraded":2,"win_rate":0,"timestamp":1550335906,"path_taken":["M","M","?","M","?","R","E","$","T","R","?","M","M","E","R","BOSS"],"build_version":"2019-01-23","purchased_purges":1,"victory":false,"max_hp_per_floor":[71,71,71,71,71,71,71,71,71,71,71,71,71,71,71,71],"card_choices":[{"not_picked":["Skim","Beam Cell"],"picked":"Ball Lightning","floor":1},{"not_picked":["Turbo","Tempest"],"picked":"Biased Cognition","floor":2},{"not_picked":["Undo","Streamline"],"picked":"Ball Lightning","floor":4},{"not_picked":["Rebound","Go for the Eyes"],"picked":"Coolheaded","floor":7},{"not_picked":["Storm","Stack"],"picked":"White Noise","floor":12},{"not_picked":["Gash","Rebound"],"picked":"Compile Driver","floor":13},{"not_picked":["Redo","Streamline"],"picked":"Genetic Algorithm","floor":14}],"player_experience":1277133,"relics_obtained":[{"floor":7,"key":"Whetstone"},{"floor":9,"key":"Ornamental Fan"},{"floor":14,"key":"Torii"}],"event_choices":[{"damage_healed":0,"gold_gain":0,"player_choice":"Grow","damage_taken":0,"max_hp_gain":0,"max_hp_loss":0,"event_name":"Living Wall","floor":3,"gold_loss":0,"cards_upgraded":["Zap"]},{"cards_removed":["Strike_B"],"damage_healed":0,"gold_gain":0,"player_choice":"Card Removal","damage_taken":7,"max_hp_gain":0,"max_hp_loss":0,"event_name":"Golden Wing","floor":5,"gold_loss":0},{"damage_healed":0,"gold_gain":0,"player_choice":"Paid Gold","damage_taken":0,"relics_obtained":["Girya"],"max_hp_gain":0,"max_hp_loss":0,"event_name":"WeMeetAgain","floor":11,"gold_loss":91}],"is_beta":false,"boss_relics":[],"items_purged_floors":[8],"is_endless":false,"potions_floor_spawned":[4,12,14],"killed_by":"The Guardian","ascension_level":20}