{"gold_per_floor":[114,127,143,157,157,191,341,341,366,366,75,75,93,106,106,185,185,197,197,207,217,217,217,245,272,297,297],"floor_reached":27,"playtime":709,"items_purged":["Doubt"],"score":466,"play_id":"8511f635-17c7-4456-bc43-d1cf6d275f32","local_time":"20190326123723","is_ascension_mode":true,"campfire_choices":[{"data":"Zap","floor":8,"key":"SMITH"},{"data":"Coolheaded","floor":10,"key":"SMITH"},{"data":"Dualcast","floor":12,"key":"SMITH"},{"data":"Barrage","floor":15,"key":"SMITH"},{"floor":23,"key":"REST"}],"neow_cost":"NONE","seed_source_timestamp":100495028864507,"circlet_count":0,"master_deck":["AscendersBane","Defend_B+1","Defend_B+1","Defend_B+1","Defend_B+1","Zap+1","Dualcast+1","Coolheaded+1","Loop+1","Ball Lightning","Gash+1","Barrage+1","Gash+1","All For One","Tempest","Rainbow","Static Discharge","White Noise"],"relics":["Cracked Core","NeowsBlessing","Centennial Puzzle","Potion Belt","Runic Capacitor","Empty Cage","Bag of Marbles","Smiling Mask","Whetstone"],"potions_floor_usage":[24,24,27,27],"damage_taken":[{"damage":0,"enemies":"Cultist","floor":1,"turns":1},{"damage":0,"enemies":"Small Slimes","floor":2,"turns":1},{"damage":0,"enemies":"Jaw Worm","floor":3,"turns":1},{"damage":18,"enemies":"3 Louse","floor":4,"turns":4},{"damage":14,"enemies":"Lagavulin","floor":6,"turns":6},{"damage":6,"enemies":"Blue Slaver","floor":13,"turns":2},{"damage":7,"enemies":"Looter","floor":14,"turns":3},{"damage":8,"enemies":"Hexaghost","floor":16,"turns":7},{"damage":11,"enemies":"3 Byrds","floor":18,"turns":4},{"damage":4,"enemies":"Spheric Guardian","floor":20,"turns":3},{"damage":22,"enemies":"Centurion and Healer","floor":21,"turns":5},{"damage":34,"enemies":"Gremlin Leader","floor":24,"turns":5},{"damage":8,"enemies":"Book of Stabbing","floor":27,"turns":2}],"seed_played":"-1690384278712213043","potions_obtained":[{"floor":1,"key":"LiquidBronze"},{"floor":13,"key":"Block Potion"},{"floor":14,"key":"SkillPotion"},{"floor":16,"key":"Energy Potion"}],"is_trial":false,"path_per_floor":["M","M","M","M","?","E","?","R","T","R","$","R","M","M","R","B",null,"M","?","M","M","?","R","E","T","T","E"],"character_chosen":"DEFECT","items_purchased":["Runic Capacitor"],"campfire_rested":1,"item_purchase_floors":[11],"current_hp_per_floor":[64,64,64,46,46,32,32,32,32,32,32,32,26,19,19,11,56,45,45,41,19,19,40,6,6,6,0],"gold":297,"neow_bonus":"THREE_ENEMY_KILL","is_prod":false,"is_daily":false,"chose_seed":false,"campfire_upgraded":4,"win_rate":0,"timestamp":1553600243,"path_taken":["M","M","?","?","?","E","?","R","T","R","$","R","M","M","R","BOSS","M","?","M","M","?","R","E","?","T","E"],"build_version":"2019-01-23","purchased_purges":1,"victory":false,"max_hp_per_floor":[71,71,71,71,71,71,71,71,71,71,71,71,71,71,71,71,71,71,71,71,71,71,71,71,71,71,71],"card_choices":[{"not_picked":["Aggregate","Go for the Eyes","Beam Cell"],"picked":"SKIP","floor":1},{"not_picked":["Aggregate","Go for the Eyes","Beam Cell"],"picked":"SKIP","floor":1},{"not_picked":["Rebound","Barrage"],"picked":"Coolheaded","floor":2},{"not_picked":["Genetic Algorithm","Undo"],"picked":"Loop","floor":3},{"not_picked":["Scrape","Beam Cell"],"picked":"Ball Lightning","floor":4},{"not_picked":["Melter","Streamline"],"picked":"Gash","floor":6},{"not_picked":["Blizzard","Storm"],"picked":"Barrage","floor":13},{"not_picked":["BootSequence","Redo"],"picked":"Gash","floor":14},{"not_picked":["Core Surge","Machine Learning"],"picked":"All For One","floor":16},{"not_picked":["Capacitor","Sweeping Beam","Turbo+1"],"picked":"SKIP","floor":18},{"not_picked":["Skim","Sunder","Barrage"],"picked":"SKIP","floor":20},{"not_picked":["Rebound","Auto Shields"],"picked":"Static Discharge","floor":21},{"not_picked":["Rainbow","Compile Driver"],"picked":"White Noise","floor":24}],"player_experience":1479343,"relics_obtained":[{"floor":6,"key":"Centennial Puzzle"},{"floor":9,"key":"Potion Belt"},{"floor":24,"key":"Bag of Marbles"},{"floor":25,"key":"Smiling Mask"},{"floor":26,"key":"Whetstone"}],"event_choices":[{"damage_healed":0,"gold_gain":0,"player_choice":"Grow","damage_taken":0,"max_hp_gain":0,"max_hp_loss":0,"event_name":"Living Wall","floor":5,"gold_loss":0,"cards_upgraded":["Loop"]},{"damage_healed":0,"gold_gain":150,"player_choice":"AGREE","damage_taken":0,"max_hp_gain":0,"max_hp_loss":0,"event_name":"Liars Game","floor":7,"gold_loss":0,"cards_obtained":["Doubt"]},{"damage_healed":0,"gold_gain":0,"cards_transformed":["Strike_B","Strike_B"],"player_choice":"Became Test Subject","damage_taken":0,"max_hp_gain":0,"max_hp_loss":0,"event_name":"Drug Dealer","floor":19,"gold_loss":0,"cards_obtained":["Tempest","Rainbow"]},{"damage_healed":0,"gold_gain":0,"player_choice":"Simplicity","damage_taken":0,"max_hp_gain":0,"max_hp_loss":0,"event_name":"Back to Basics","floor":22,"gold_loss":0,"cards_upgraded":["Defend_B","Defend_B","Defend_B","Defend_B"]}],"is_beta":false,"boss_relics":[{"not_picked":["Eternal Feather","Ectoplasm"],"picked":"Empty Cage"}],"items_purged_floors":[11],"is_endless":false,"potions_floor_spawned":[1,13,14,16,18],"killed_by":"Book of Stabbing","ascension_level":20}