{"gold_per_floor":[119,34,53,71,71,71,71,103,129,191,191,218,65,65,65,138,138,150,176,190,203,218,218,251,251,251,251,271,285,303,333,333,406,406,417,417,517,517,564,564,564],"floor_reached":41,"playtime":2656,"items_purged":["Strike_G"],"score":944,"play_id":"7520a729-d262-4236-ae6b-e48ce3ffc885","local_time":"20190403200555","is_ascension_mode":true,"campfire_choices":[{"data":"Backstab","floor":6,"key":"SMITH"},{"floor":11,"key":"REST"},{"data":"Catalyst","floor":15,"key":"SMITH"},{"floor":23,"key":"REST"},{"floor":25,"key":"REST"},{"data":"Crippling Poison","floor":27,"key":"SMITH"},{"data":"Noxious Fumes","floor":32,"key":"SMITH"},{"floor":40,"key":"REST"}],"neow_cost":"NONE","seed_source_timestamp":35048978810859,"circlet_count":0,"master_deck":["AscendersBane","Defend_G","Defend_G","Defend_G","Defend_G","Defend_G","Strike_G","Strike_G","Strike_G","Strike_G","Survivor","Neutralize+1","Caltrops+1","Backstab+1","Well Laid Plans","PiercingWail","Catalyst+1","Poisoned Stab","Noxious Fumes+1","PiercingWail","Bouncing Flask","Malaise","Bouncing Flask","Crippling Poison+1","PiercingWail+1","Catalyst+1","Backflip+1","Corpse Explosion","Dark Shackles"],"relics":["Ring of the Snake","Regal Pillow","The Courier","Bag of Marbles","Tiny Chest","Happy Flower","Pear","Snecko Eye","Smiling Mask","Ninja Scroll","Shuriken","Bag of Preparation","Busted Crown","Prayer Wheel","Incense Burner"],"potions_floor_usage":[10,10,33,35,41,41],"damage_taken":[{"damage":1,"enemies":"2 Louse","floor":1,"turns":3},{"damage":0,"enemies":"Jaw Worm","floor":3,"turns":3},{"damage":0,"enemies":"Cultist","floor":4,"turns":4},{"damage":27,"enemies":"3 Sentries","floor":8,"turns":11},{"damage":19,"enemies":"Gremlin Nob","floor":10,"turns":4},{"damage":14,"enemies":"3 Sentries","floor":12,"turns":10},{"damage":18,"enemies":"Hexaghost","floor":16,"turns":6},{"damage":0,"enemies":"Spheric Guardian","floor":18,"turns":3},{"damage":17,"enemies":"Shell Parasite","floor":20,"turns":4},{"damage":10,"enemies":"Snecko","floor":21,"turns":5},{"damage":30,"enemies":"Shelled Parasite and Fungi","floor":22,"turns":6},{"damage":26,"enemies":"Gremlin Leader","floor":24,"turns":7},{"damage":0,"enemies":"Cultist and Chosen","floor":28,"turns":5},{"damage":0,"enemies":"Snake Plant","floor":29,"turns":3},{"damage":7,"enemies":"Centurion and Healer","floor":30,"turns":6},{"damage":10,"enemies":"Book of Stabbing","floor":31,"turns":4},{"damage":16,"enemies":"Automaton","floor":33,"turns":8},{"damage":18,"enemies":"3 Shapes","floor":35,"turns":4},{"damage":0,"enemies":"Mind Bloom Boss Battle","floor":37,"turns":4},{"damage":27,"enemies":"2 Orb Walkers","floor":39,"turns":2},{"damage":49,"enemies":"Reptomancer","floor":41,"turns":3}],"seed_played":"-1905294139604326460","potions_obtained":[{"floor":1,"key":"SkillPotion"},{"floor":3,"key":"Poison Potion"},{"floor":10,"key":"Explosive Potion"},{"floor":12,"key":"Swift Potion"},{"floor":20,"key":"GhostInAJar"},{"floor":33,"key":"Energy Potion"},{"floor":37,"key":"Energy Potion"}],"is_trial":false,"path_per_floor":["M","$","M","M","?","R","T","E","T","E","R","E","$","T","R","B",null,"M","T","M","M","M","R","E","R","T","R","M","M","M","E","R","B",null,"M","?","?","?","?","R","E"],"character_chosen":"THE_SILENT","items_purchased":["Backstab","PiercingWail","Bouncing Flask"],"campfire_rested":4,"item_purchase_floors":[2,13,13],"current_hp_per_floor":[58,58,58,58,58,58,58,31,31,12,46,32,32,42,42,24,63,63,63,46,36,6,43,17,54,54,54,54,54,47,37,37,21,62,44,44,44,34,7,44,0],"gold":564,"neow_bonus":"UPGRADE_CARD","is_prod":false,"is_daily":false,"chose_seed":false,"campfire_upgraded":4,"win_rate":0,"timestamp":1554314755,"path_taken":["M","$","M","M","?","R","?","E","T","E","R","E","?","?","R","BOSS","M","?","?","M","M","R","E","R","T","R","M","M","M","E","R","BOSS","M","?","?","?","?","R","E"],"build_version":"2019-01-23","purchased_purges":1,"victory":false,"max_hp_per_floor":[66,66,66,66,66,66,66,66,66,66,66,66,66,76,76,76,76,76,76,76,76,76,76,76,76,76,76,76,76,76,76,76,76,76,76,76,76,76,76,76,76],"card_choices":[{"not_picked":["Reflex","Underhanded Strike"],"picked":"Caltrops","floor":1},{"not_picked":["Cloak And Dagger","Dodge and Roll"],"picked":"Well Laid Plans","floor":3},{"not_picked":["Underhanded Strike","Outmaneuver"],"picked":"PiercingWail","floor":4},{"not_picked":["Unload","Terror"],"picked":"Catalyst","floor":8},{"not_picked":["Glass Knife","Endless Agony"],"picked":"Poisoned Stab","floor":10},{"not_picked":["Escape Plan","Bouncing Flask"],"picked":"Noxious Fumes","floor":12},{"not_picked":["Unload","Burst"],"picked":"Malaise","floor":16},{"not_picked":["Slice","Sucker Punch"],"picked":"Bouncing Flask","floor":18},{"not_picked":["Flying Knee","Underhanded Strike"],"picked":"Crippling Poison","floor":20},{"not_picked":["Bouncing Flask","Poisoned Stab+1","Blade Dance"],"picked":"SKIP","floor":21},{"not_picked":["Blade Dance","Deadly Poison","Dagger Spray"],"picked":"SKIP","floor":22},{"not_picked":["Bouncing Flask","Underhanded Strike","Prepared"],"picked":"SKIP","floor":24},{"not_picked":["Quick Slash","Riddle With Holes"],"picked":"PiercingWail+1","floor":28},{"not_picked":["Escape Plan","Slice","Phantasmal Killer"],"picked":"SKIP","floor":29},{"not_picked":["Outmaneuver+1","PiercingWail"],"picked":"Catalyst+1","floor":30},{"not_picked":["Dash","Distraction"],"picked":"Backflip+1","floor":31},{"not_picked":["Burst","Tools of the Trade"],"picked":"Corpse Explosion","floor":33},{"not_picked":["Heel Hook+1"],"picked":"SKIP","floor":35},{"not_picked":[],"picked":"Dark Shackles","floor":38}],"player_experience":1537758,"relics_obtained":[{"floor":7,"key":"Regal Pillow"},{"floor":8,"key":"The Courier"},{"floor":9,"key":"Bag of Marbles"},{"floor":10,"key":"Tiny Chest"},{"floor":12,"key":"Happy Flower"},{"floor":14,"key":"Pear"},{"floor":19,"key":"Smiling Mask"},{"floor":24,"key":"Ninja Scroll"},{"floor":26,"key":"Shuriken"},{"floor":31,"key":"Bag of Preparation"},{"floor":37,"key":"Prayer Wheel"},{"floor":39,"key":"Incense Burner"}],"event_choices":[{"damage_healed":0,"gold_gain":0,"player_choice":"Grow","damage_taken":0,"max_hp_gain":0,"max_hp_loss":0,"event_name":"Living Wall","floor":5,"gold_loss":0,"cards_upgraded":["Caltrops"]},{"damage_healed":0,"gold_gain":0,"player_choice":"Ignored","damage_taken":0,"max_hp_gain":0,"max_hp_loss":0,"event_name":"Tomb of Lord Red Mask","floor":36,"gold_loss":0},{"damage_healed":0,"gold_gain":0,"player_choice":"Fight","damage_taken":0,"max_hp_gain":0,"max_hp_loss":0,"event_name":"MindBloom","floor":37,"gold_loss":0},{"damage_healed":0,"gold_gain":0,"player_choice":"Memory 3","damage_taken":10,"max_hp_gain":0,"max_hp_loss":0,"event_name":"SensoryStone","floor":38,"gold_loss":0},{"damage_healed":0,"gold_gain":0,"player_choice":"Fight","damage_taken":0,"max_hp_gain":0,"max_hp_loss":0,"event_name":"Mysterious Sphere","floor":39,"gold_loss":0}],"is_beta":false,"boss_relics":[{"not_picked":["Tiny House","HoveringKite"],"picked":"Snecko Eye"},{"not_picked":["WristBlade","Velvet Choker"],"picked":"Busted Crown"}],"items_purged_floors":[13],"is_endless":false,"potions_floor_spawned":[1,3,4,10,12,20,21,28,30,33,37],"killed_by":"Reptomancer","ascension_level":20}