{"path_per_floor":["M","?","$","?","M","R","M","R","T","$","M","M","R","M","R","B",null,"M","$","M","?","M","R","E","M","T","?","M","R","E"],"character_chosen":"THE_SILENT","items_purchased":["Dagger Spray","Noxious Fumes","Snake Skull","Regen Potion"],"gold_per_floor":[119,194,142,142,155,155,165,165,215,135,146,160,160,171,171,267,267,283,57,70,70,83,83,111,128,210,160,180,180,206,206],"floor_reached":31,"campfire_rested":3,"playtime":1055,"item_purchase_floors":[3,10,19,19],"current_hp_per_floor":[53,42,42,29,29,29,29,29,29,29,29,25,25,24,42,41,58,48,48,35,35,18,36,33,19,19,19,17,35,7,0],"items_purged":[],"gold":206,"score":360,"play_id":"e3d781e4-1ae6-4dc1-8a2f-35f9b4bcf822","local_time":"20180608223557","is_prod":false,"is_daily":false,"chose_seed":false,"is_ascension_mode":true,"campfire_upgraded":0,"win_rate":0,"timestamp":1528490157,"campfire_choices":[{"data":"1","floor":6,"key":"LIFT"},{"data":"2","floor":8,"key":"LIFT"},{"data":"3","floor":13,"key":"LIFT"},{"floor":15,"key":"REST"},{"floor":23,"key":"REST"},{"floor":29,"key":"REST"}],"path_taken":["M","?","$","?","M","R","M","R","T","?","M","M","R","M","R","BOSS","M","$","M","?","M","R","E","M","T","?","?","R","E","M"],"build_version":"2018-06-07v2","seed_source_timestamp":49643141150187,"purchased_purges":0,"victory":false,"master_deck":["Defend_G+1","Defend_G","Defend_G","Defend_G+1","Defend_G","Strike_G","Strike_G","Strike_G","Strike_G","Strike_G","Survivor","Neutralize","Skewer","Dagger Spray","Flying Knee","Well Laid Plans","Noxious Fumes","Infinite Blades","Noxious Fumes","Accuracy","Phantasmal Killer","Deflect+1","Backflip+1","Slice","Dash","Poisoned Stab","Pain","Concentrate+1","Quick Slash+1"],"max_hp_per_floor":[63,63,63,63,63,63,63,63,63,63,63,63,63,63,63,63,63,63,63,63,63,63,63,63,63,63,63,63,63,63,63],"relics":["Ring of the Snake","Girya","Singing Bowl","Cursed Key","Snake Skull","Dead Branch","Matryoshka","Anchor"],"card_choices":[{"not_picked":["Terror","Underhanded Strike"],"picked":"Skewer","floor":1},{"not_picked":["Eviscerate","Backflip"],"picked":"Flying Knee","floor":5},{"not_picked":["Expertise","Catalyst"],"picked":"Well Laid Plans","floor":7},{"not_picked":["Outmaneuver","Reflex"],"picked":"Infinite Blades","floor":11},{"not_picked":["Dagger Throw","PiercingWail"],"picked":"Noxious Fumes","floor":12},{"not_picked":["Underhanded Strike","Flechettes"],"picked":"Accuracy","floor":14},{"not_picked":["Corpse Explosion","Tactician"],"picked":"Phantasmal Killer","floor":16},{"not_picked":["Quick Slash","Calculated Gamble+1"],"picked":"Deflect+1","floor":18},{"not_picked":["Dagger Throw","Tools of the Trade"],"picked":"Backflip+1","floor":20},{"not_picked":["Concentrate","Bane"],"picked":"Slice","floor":22},{"not_picked":["Reflex+1","Doppelganger"],"picked":"Dash","floor":24},{"not_picked":["Terror","Outmaneuver"],"picked":"Poisoned Stab","floor":25},{"not_picked":["Sucker Punch","Infinite Blades"],"picked":"Concentrate+1","floor":28},{"not_picked":["Underhanded Strike","Prepared"],"picked":"Quick Slash+1","floor":30}],"player_experience":292388,"potions_floor_usage":[7,12,16,18,24,24,28,30],"damage_taken":[{"damage":10,"enemies":"Jaw Worm","floor":1,"turns":7},{"damage":0,"enemies":"2 Louse","floor":5,"turns":2},{"damage":0,"enemies":"Small Slimes","floor":7,"turns":2},{"damage":0,"enemies":"3 Louse","floor":11,"turns":4},{"damage":4,"enemies":"Exordium Thugs","floor":12,"turns":4},{"damage":1,"enemies":"Blue Slaver","floor":14,"turns":2},{"damage":1,"enemies":"Slime Boss","floor":16,"turns":5},{"damage":10,"enemies":"Chosen","floor":18,"turns":5},{"damage":13,"enemies":"Spheric Guardian","floor":20,"turns":5},{"damage":17,"enemies":"Snake Plant","floor":22,"turns":4},{"damage":18,"enemies":"Book of Stabbing","floor":24,"turns":5},{"damage":14,"enemies":"Centurion and Healer","floor":25,"turns":5},{"damage":2,"enemies":"Snecko","floor":28,"turns":4},{"damage":28,"enemies":"Slavers","floor":30,"turns":4},{"damage":17,"enemies":"Snake Plant","floor":31,"turns":3}],"relics_obtained":[{"floor":9,"key":"Singing Bowl"},{"floor":24,"key":"Dead Branch"},{"floor":26,"key":"Matryoshka"},{"floor":30,"key":"Anchor"}],"event_choices":[{"event_name":"World of Goop","player_choice":"Gather Gold","floor":2,"damage_taken":0},{"event_name":"Shining Light","player_choice":"Entered Light","floor":4,"damage_taken":0},{"event_name":"Addict","player_choice":"Ignored","floor":21,"damage_taken":0},{"event_name":"The Joust","player_choice":"Bet on Murderer","floor":27,"damage_taken":0}],"boss_relics":[{"not_picked":["Runic Pyramid","White Beast Statue"],"picked":"Cursed Key"}],"items_purged_floors":[],"potions_floor_spawned":[1,5,11,12,22,25,28,30],"seed_played":"7733401319781991430","killed_by":"Snake Plant","ascension_level":7,"potions_obtained":[{"floor":1,"key":"GamblersBrew"},{"floor":5,"key":"Strength Potion"},{"floor":11,"key":"Explosive Potion"},{"floor":12,"key":"GhostInAJar"},{"floor":22,"key":"Dexterity Potion"},{"floor":25,"key":"GhostInAJar"},{"floor":28,"key":"FearPotion"},{"floor":30,"key":"FairyPotion"}],"is_trial":false}