{"gold_per_floor":[117,42,42,54,54,80,80,95,95,118,136,136,136,151,170,170,244,244,260,45,45,58,77,77,111,36,121,121,121,121,121,121,133,133,210,210,228,228,241,241],"floor_reached":40,"playtime":2157,"items_purged":[],"score":908,"play_id":"8453b15e-ab9f-4d82-a94b-9c99df4525ef","local_time":"20181219183851","is_ascension_mode":true,"campfire_choices":[{"data":"Neutralize","floor":7,"key":"SMITH"},{"data":"Deadly Poison","floor":13,"key":"SMITH"},{"data":"Dash","floor":16,"key":"SMITH"},{"data":"Poisoned Stab","floor":24,"key":"SMITH"},{"floor":29,"key":"REST"},{"data":"Fluid Movement","floor":32,"key":"SMITH"}],"neow_cost":"NONE","seed_source_timestamp":34343050104807,"circlet_count":0,"master_deck":["AscendersBane","Survivor","Neutralize+1","Deadly Poison+1","Cloak And Dagger","Escape Plan+1","Dash+1","Distraction+1","Poisoned Stab+1","Draining Mist+1","Escape Plan+1","Malaise+1","ReplayTheSpireMod:Speed Training+1","Backstab","All Out Attack","Cloak And Dagger+1","Crippling Poison+1","Caltrops+1","Bullet Time+1","Replay:Poison Smokescreen+1","Bouncing Flask+1","Blur+1","Eviscerate","Reflex+1","RitualDagger","Night Terror+1","Leg Sweep+1"],"relics":["NeowsBlessing","Sizzling Blood","Sundial","Toxic Egg 2","Replay:Ringing Soul","Odd Mushroom","Pandora\u0027s Box","Vajra","Tiny Chest","Replay_Grab Bag","Cursed Key","White Beast Statue"],"potions_floor_usage":[17,25,40],"damage_taken":[{"damage":0,"enemies":"2 Louse","floor":1,"turns":1},{"damage":0,"enemies":"Jaw Worm","floor":4,"turns":1},{"damage":0,"enemies":"3 Sentries","floor":6,"turns":2},{"damage":0,"enemies":"Small Slimes","floor":8,"turns":4},{"damage":2,"enemies":"The Mushroom Lair","floor":10,"turns":5},{"damage":8,"enemies":"Exordium Wildlife","floor":11,"turns":5},{"damage":2,"enemies":"3 Louse","floor":14,"turns":3},{"damage":0,"enemies":"Blue Slaver","floor":15,"turns":4},{"damage":63,"enemies":"Fading Forest","floor":17,"turns":13},{"damage":18,"enemies":"Chosen","floor":19,"turns":4},{"damage":16,"enemies":"Spheric Guardian","floor":22,"turns":4},{"damage":17,"enemies":"Chosen and Byrds","floor":23,"turns":7},{"damage":29,"enemies":"Slavers","floor":25,"turns":5},{"damage":6,"enemies":"Centurion and Healer","floor":33,"turns":7},{"damage":35,"enemies":"Automaton","floor":35,"turns":12},{"damage":8,"enemies":"Orb Walker","floor":37,"turns":3},{"damage":33,"enemies":"3 Shapes","floor":39,"turns":4},{"damage":59,"enemies":"2 Orb Walkers","floor":40,"turns":3}],"seed_played":"-6730748655769289270","potions_obtained":[{"floor":1,"key":"SpeedPotion"},{"floor":11,"key":"SteroidPotion"},{"floor":14,"key":"PowerPotion"},{"floor":22,"key":"GamblersBrew"},{"floor":25,"key":"Swift Potion"},{"floor":37,"key":"Toxic Potion"}],"is_trial":false,"path_per_floor":["M","?","?","M","?","E","R","M","T","?","M","PTL","R","M","M","R","B",null,"M","$","?","M","M","R","E","?","T","?","R","PTL","?","R","M","R","B",null,"M","?","M","?"],"character_chosen":"THE_SILENT","items_purchased":["Bullet Time+1","Replay:Poison Smokescreen+1"],"campfire_rested":1,"item_purchase_floors":[20,20],"current_hp_per_floor":[59,59,63,67,56,60,60,64,64,69,68,68,68,73,80,80,36,76,65,68,68,59,49,49,24,24,24,24,54,54,57,57,55,52,24,88,87,87,58,0],"gold":241,"neow_bonus":"THREE_ENEMY_KILL","is_prod":false,"is_daily":false,"chose_seed":false,"campfire_upgraded":5,"win_rate":0,"timestamp":1545241131,"path_taken":["M","?","?","M","?","E","R","M","T","?","?","PTL","R","M","M","R","BOSS","M","$","?","M","M","R","E","?","T","?","R","PTL","?","R","M","R","BOSS","M","?","M","?"],"build_version":"2018-12-13","purchased_purges":0,"victory":false,"max_hp_per_floor":[66,66,70,70,70,70,70,70,70,73,76,76,76,79,82,82,85,88,91,94,94,97,100,100,100,100,100,100,100,100,103,103,103,106,109,109,112,112,112,112],"card_choices":[{"not_picked":["Distraction","Dodge and Roll"],"picked":"Deadly Poison","floor":1},{"not_picked":["Riddle With Holes","Heel Hook"],"picked":"Cloak And Dagger","floor":4},{"not_picked":["Dagger Throw","Flying Knee"],"picked":"Escape Plan","floor":6},{"not_picked":["Wraith Form v2","Concentrate+1"],"picked":"Dash","floor":8},{"not_picked":["Caltrops","Underhanded Strike"],"picked":"Distraction+1","floor":10},{"not_picked":["Sucker Punch","Underhanded Strike"],"picked":"Poisoned Stab","floor":11},{"not_picked":["Deadly Poison+1","Die Die Die"],"picked":"Draining Mist+1","floor":14},{"not_picked":["Terror+1","Deflect+1"],"picked":"Escape Plan+1","floor":15},{"not_picked":["Die Die Die","Grand Finale"],"picked":"Malaise+1","floor":17},{"not_picked":["Accuracy","Fluid Movement"],"picked":"Caltrops+1","floor":19},{"not_picked":["Finisher","ReplayTheSpireMod:Exploit Weakness+1"],"picked":"Bouncing Flask+1","floor":22},{"not_picked":["Sucker Punch","Deadly Poison+1"],"picked":"Blur+1","floor":23},{"not_picked":["Finisher","Bane","Dagger Spray"],"picked":"SKIP","floor":25},{"not_picked":["Sucker Punch","Quick Slash","Outmaneuver+1"],"picked":"SKIP","floor":33},{"not_picked":["Atom Bomb","After Image"],"picked":"Night Terror+1","floor":35},{"not_picked":["ReplayTheSpireMod:Shiv Toss+1","PiercingWail+1"],"picked":"Leg Sweep+1","floor":37},{"not_picked":["Poisoned Stab","Blade Dance+1","Sucker Punch"],"picked":"SKIP","floor":39}],"player_experience":1049122,"relics_obtained":[{"floor":6,"key":"Toxic Egg 2"},{"floor":9,"key":"Replay:Ringing Soul"},{"floor":10,"key":"Odd Mushroom"},{"floor":25,"key":"Vajra"},{"floor":27,"key":"Tiny Chest"}],"event_choices":[{"cards_removed":["Strike_G"],"damage_healed":0,"gold_gain":0,"player_choice":"Card Removal","damage_taken":0,"max_hp_gain":0,"max_hp_loss":0,"event_name":"The Cleric","floor":2,"gold_loss":75},{"damage_healed":0,"gold_gain":0,"player_choice":"Success","damage_taken":11,"relics_obtained":["Sundial"],"max_hp_gain":0,"max_hp_loss":0,"event_name":"Scrap Ooze","floor":5,"gold_loss":0},{"damage_healed":0,"gold_gain":0,"player_choice":"Fought Mushrooms","damage_taken":0,"max_hp_gain":0,"max_hp_loss":0,"event_name":"Mushrooms","floor":10,"gold_loss":0},{"cards_removed":["Envenom"],"damage_healed":0,"gold_gain":0,"player_choice":"Gave Gold","damage_taken":0,"max_hp_gain":0,"max_hp_loss":0,"event_name":"Beggar","floor":26,"gold_loss":75},{"damage_healed":0,"gold_gain":0,"player_choice":"Ignored","damage_taken":0,"max_hp_gain":0,"max_hp_loss":0,"event_name":"Vampires","floor":28,"gold_loss":0},{"damage_healed":0,"gold_gain":0,"cards_transformed":["Predator","Predator"],"player_choice":"Became Test Subject","damage_taken":0,"max_hp_gain":0,"max_hp_loss":0,"event_name":"Drug Dealer","floor":31,"gold_loss":0,"cards_obtained":["Eviscerate","Reflex"]},{"damage_healed":0,"gold_gain":0,"player_choice":"Joined the Cult","damage_taken":6,"max_hp_gain":0,"max_hp_loss":0,"event_name":"Nest","floor":34,"gold_loss":0,"cards_obtained":["RitualDagger"]},{"cards_removed":["Fluid Movement"],"damage_healed":0,"gold_gain":0,"player_choice":"Removed Power","damage_taken":0,"max_hp_gain":0,"max_hp_loss":0,"event_name":"Falling","floor":38,"gold_loss":0},{"damage_healed":0,"gold_gain":0,"player_choice":"Fight","damage_taken":0,"max_hp_gain":0,"max_hp_loss":0,"event_name":"Mysterious Sphere","floor":40,"gold_loss":0}],"is_beta":false,"boss_relics":[{"not_picked":["Calling Bell","Fusion Hammer"],"picked":"Pandora\u0027s Box"},{"not_picked":["Snecko Scales","Empty Cage"],"picked":"Replay_Grab Bag"},{"not_picked":["HoveringKite","Busted Crown"],"picked":"Cursed Key"},{"not_picked":["Kintsugi","Eternal Feather"],"picked":"White Beast Statue"}],"items_purged_floors":[],"is_endless":false,"potions_floor_spawned":[1,11,14,22,25,37,39],"killed_by":"2 Orb Walkers","ascension_level":20}