{"gold_per_floor":[111,111,111,129,141,141,171,204,228,257,257,63,63,98,98,177,177,197,34,34,44,119,154,154,187,236,236,286,286,316,327,327,403,403,420,420,420,438,456,456,466,477,503,536,536,550,550,567,567,567,567],"floor_reached":51,"playtime":3260,"items_purged":["Strike_G"],"score":1552,"play_id":"f49b6eb1-adf8-4e50-bc1d-fa9c4a63eb56","local_time":"20190313233808","is_ascension_mode":true,"campfire_choices":[{"data":"Footwork","floor":6.0,"key":"SMITH"},{"floor":11.0,"key":"REST"},{"floor":13.0,"key":"REST"},{"data":"Noxious Fumes","floor":15.0,"key":"SMITH"},{"floor":24.0,"key":"REST"},{"floor":27.0,"key":"REST"},{"data":"Wraith Form v2","floor":29.0,"key":"SMITH"},{"floor":32,"key":"REST"},{"floor":45,"key":"REST"},{"data":"After Image","floor":47,"key":"SMITH"},{"floor":49,"key":"REST"}],"neow_cost":"NONE","seed_source_timestamp":47812575983242,"circlet_count":0,"master_deck":["AscendersBane","Defend_G","Defend_G","Defend_G","Defend_G","Defend_G","Strike_G","Strike_G","Survivor","Neutralize+1","PiercingWail","infinitespire:Virus","Footwork+1","Acrobatics","Well Laid Plans","Deadly Poison","Noxious Fumes+1","Backflip","Deadly Poison","PiercingWail","Wraith Form v2+1","Prepared+1","Blur","Leg Sweep","Bouncing Flask","Wraith Form v2","PiercingWail","Footwork","Dodge and Roll","infinitespire:Virus","After Image+1"],"special_seed":0,"relics":["Ring of the Snake","hubris:KleinBottle","Odd Mushroom","Pen Nib","Bronze Scales","Potion Belt","Black Star","Nloth\u0027s Gift","Tingsha","hubris:Metronome","Bag of Preparation","Vajra","Boot","infinitespire:Lucky Rock","Happy Flower","infinitespire:Beetle Shell","hubris:ScarierMask","hubris:Icosahedron","Centennial Puzzle","hubris:DeckOfHolding","Letter Opener"],"potions_floor_usage":[30,33,44,44,44],"damage_taken":[{"damage":0.0,"enemies":"Small Slimes","floor":1.0,"turns":4.0},{"damage":2.0,"enemies":"Cultist","floor":4.0,"turns":6.0},{"damage":0.0,"enemies":"Jaw Worm","floor":5.0,"turns":5.0},{"damage":0.0,"enemies":"The Mushroom Lair","floor":7.0,"turns":6.0},{"damage":30.0,"enemies":"3 Sentries","floor":8.0,"turns":17.0},{"damage":25.0,"enemies":"Gremlin Nob","floor":10.0,"turns":4.0},{"damage":0.0,"enemies":"Lagavulin","floor":14.0,"turns":6.0},{"damage":0.0,"enemies":"The Guardian","floor":16.0,"turns":7.0},{"damage":15.0,"enemies":"Spheric Guardian","floor":18.0,"turns":4.0},{"damage":9.0,"enemies":"Shell Parasite","floor":21.0,"turns":7.0},{"damage":41.0,"enemies":"Slavers","floor":23.0,"turns":9.0},{"damage":1.0,"enemies":"Book of Stabbing","floor":25.0,"turns":5.0},{"damage":24,"enemies":"Slavers","floor":30,"turns":7},{"damage":16,"enemies":"3 Cultists","floor":31,"turns":5},{"damage":52,"enemies":"Champ","floor":33,"turns":13},{"damage":7,"enemies":"3 Darklings","floor":35,"turns":4},{"damage":11,"enemies":"3 Shapes","floor":38,"turns":5},{"damage":0,"enemies":"Sphere and 2 Shapes","floor":39,"turns":3},{"damage":13,"enemies":"Maw","floor":41,"turns":9},{"damage":12,"enemies":"3 Darklings","floor":42,"turns":5},{"damage":12,"enemies":"Nightmare","floor":44,"turns":10},{"damage":0,"enemies":"4 Shapes","floor":46,"turns":7},{"damage":10,"enemies":"Writhing Mass","floor":48,"turns":8},{"damage":18,"enemies":"infinitespire:MassOfShapes","floor":50,"turns":12},{"damage":30,"enemies":"Awakened One","floor":51,"turns":3}],"seed_played":"-5646319924612678242","potions_obtained":[{"floor":4.0,"key":"FearPotion"},{"floor":5.0,"key":"Fruit Juice"},{"floor":14.0,"key":"FearPotion"},{"floor":16.0,"key":"FearPotion"},{"floor":18.0,"key":"AttackPotion"},{"floor":25.0,"key":"SkillPotion"},{"floor":31,"key":"Regen Potion"},{"floor":33,"key":"GhostInAJar"},{"floor":41,"key":"EssenceOfSteel"},{"floor":46,"key":"Dexterity Potion"},{"floor":48,"key":"SteroidPotion"}],"is_trial":false,"path_per_floor":["M","?","$","M","M","R","?","E","T","E","R","$","R","E","R","B",null,"M","$","?","M","$","E","R","E","T","R","?","R","E","M","R","B",null,"M","?","?","M","M","?","M","M","T","NM","R","M","R","M","R","B","B"],"character_chosen":"THE_SILENT","items_purchased":["hubris:KleinBottle","Noxious Fumes","Backflip","Deadly Poison","Blur"],"campfire_rested":7,"item_purchase_floors":[3,12,12,12,19],"current_hp_per_floor":[59,59,40,42,46,46,46,26,26,3,22,22,41,43,43,45,61,46,46,46,41,41,4,23,24,24,43,43,43,21,7,26,3,50,43,43,33,22,22,22,13,1,1,2,23,25,25,19,40,28,0],"gold":567,"neow_bonus":"UPGRADE_CARD","is_prod":false,"is_daily":false,"chose_seed":false,"campfire_upgraded":4,"win_rate":0,"timestamp":1552516688,"path_taken":["M","?","?","?","M","R","?","E","T","E","R","$","R","E","R","BOSS","M","$","?","M","?","E","R","E","T","R","?","R","E","M","R","BOSS","M","?","?","M","M","?","M","M","T","NM","R","M","R","M","R","BOSS","BOSS"],"build_version":"2019-01-23","purchased_purges":1,"victory":false,"max_hp_per_floor":[66,66,66,66,66,66,66,66,66,66,66,66,66,66,66,66,66,66,66,66,66,66,66,66,66,66,66,66,66,66,66,66,66,66,66,66,66,66,66,66,66,66,66,71,71,71,71,71,71,71,71],"card_choices":[{"not_picked":["Dodge and Roll","Dagger Throw"],"picked":"PiercingWail","floor":1.0},{"not_picked":["infinitespire:Collect","infinitespire:FutureSight"],"picked":"infinitespire:Virus","floor":3.0},{"not_picked":["Deflect","Distraction"],"picked":"Footwork","floor":4.0},{"not_picked":["Burst","Slice"],"picked":"Acrobatics","floor":5.0},{"not_picked":["hubris:Sniper","Endless Agony"],"picked":"Well Laid Plans","floor":7.0},{"not_picked":["Outmaneuver","Well Laid Plans","Slice"],"picked":"SKIP","floor":8.0},{"not_picked":["hubris:SlightOfHand","Quick Slash"],"picked":"Deadly Poison","floor":10.0},{"not_picked":["Outmaneuver","Slice"],"picked":"PiercingWail","floor":14.0},{"not_picked":["Envenom","Burst"],"picked":"Wraith Form v2","floor":16.0},{"not_picked":["Skewer","hubris:TrickCloak+1"],"picked":"Prepared+1","floor":18.0},{"not_picked":["Calculated Gamble","Quick Slash"],"picked":"Leg Sweep","floor":21.0},{"not_picked":["Phantasmal Killer","Bane"],"picked":"Bouncing Flask","floor":23.0},{"not_picked":["Die Die Die","Grand Finale","Deadly Poison"],"picked":"SKIP","floor":25.0},{"not_picked":["Dagger Spray","Underhanded Strike","Phantasmal Killer"],"picked":"SKIP","floor":30},{"not_picked":["Quick Slash","Cloak And Dagger","Predator"],"picked":"SKIP","floor":31},{"not_picked":["Venomology","A Thousand Cuts"],"picked":"Wraith Form v2","floor":33},{"not_picked":["Skewer","Flying Knee"],"picked":"PiercingWail","floor":35},{"not_picked":["Deflect","PiercingWail","Cloak And Dagger"],"picked":"SKIP","floor":38},{"not_picked":["Predator","Flechettes"],"picked":"Footwork","floor":39},{"not_picked":["Outmaneuver","Endless Agony"],"picked":"Dodge and Roll","floor":41},{"not_picked":["Deadly Poison","Leg Sweep","Underhanded Strike"],"picked":"SKIP","floor":42},{"not_picked":["infinitespire:Punishment","infinitespire:Gouge"],"picked":"infinitespire:Virus","floor":44},{"not_picked":["Backflip","hubris:SlightOfHand"],"picked":"After Image","floor":44},{"not_picked":["Deadly Poison","hubris:Counter","Deflect"],"picked":"SKIP","floor":46},{"not_picked":["Dagger Throw","PiercingWail","Poisoned Stab"],"picked":"SKIP","floor":48}],"player_experience":1411810,"relics_obtained":[{"floor":7.0,"key":"Odd Mushroom"},{"floor":8.0,"key":"Pen Nib"},{"floor":9.0,"key":"hubris:TenFootPole"},{"floor":10.0,"key":"Bronze Scales"},{"floor":14.0,"key":"Potion Belt"},{"floor":23.0,"key":"hubris:Metronome"},{"floor":23.0,"key":"Bag of Preparation"},{"floor":25.0,"key":"Boot"},{"floor":25.0,"key":"infinitespire:Lucky Rock"},{"floor":26.0,"key":"Happy Flower"},{"floor":30,"key":"infinitespire:Beetle Shell"},{"floor":43,"key":"Centennial Puzzle"},{"floor":44,"key":"hubris:DeckOfHolding"},{"floor":44,"key":"Letter Opener"}],"event_choices":[{"cards_removed":["Strike_G"],"damage_healed":0.0,"max_hp_gain":0.0,"max_hp_loss":0.0,"gold_gain":0.0,"event_name":"Purifier","player_choice":"Purged","floor":2.0,"gold_loss":0.0,"damage_taken":0.0},{"damage_healed":0.0,"max_hp_gain":0.0,"max_hp_loss":0.0,"gold_gain":0.0,"event_name":"Mushrooms","player_choice":"Fought Mushrooms","floor":7.0,"gold_loss":0.0,"damage_taken":0.0},{"damage_healed":0.0,"max_hp_gain":0.0,"max_hp_loss":0.0,"gold_gain":0.0,"event_name":"N\u0027loth","player_choice":"Traded Relic","floor":20.0,"relics_lost":["hubris:TenFootPole"],"gold_loss":0.0,"damage_taken":0.0,"relics_obtained":["Nloth\u0027s Gift"]},{"damage_healed":0.0,"max_hp_gain":0.0,"max_hp_loss":0.0,"gold_gain":50.0,"event_name":"Nest","player_choice":"Stole From Cult","floor":28.0,"gold_loss":0.0,"damage_taken":0.0},{"cards_removed":["Strike_G"],"damage_healed":0,"gold_gain":0,"player_choice":"Removed Attack","damage_taken":0,"max_hp_gain":0,"max_hp_loss":0,"event_name":"Falling","floor":36,"gold_loss":0},{"damage_healed":0,"gold_gain":0,"player_choice":"Memory 3","damage_taken":10,"max_hp_gain":0,"max_hp_loss":0,"event_name":"SensoryStone","floor":37,"gold_loss":0}],"is_beta":false,"boss_relics":[{"not_picked":["hubris:RunicObelisk","Ring of the Serpent"],"picked":"Black Star"},{"not_picked":["Eternal Feather","Calling Bell"],"picked":"hubris:ScarierMask"}],"items_purged_floors":[19],"is_endless":false,"potions_floor_spawned":[4,5,14,16,18,25,31,33,38,41,46,48],"killed_by":"Awakened One","ascension_level":20}