{"gold_per_floor":[115,115,115,131,148,148,181,193,216,66,66,66],"floor_reached":12,"playtime":306,"items_purged":["Decay"],"score":156,"play_id":"7c7d58cb-fa4d-4a71-861d-f6dc66fc474f","local_time":"20190724114242","is_ascension_mode":true,"campfire_choices":[{"data":"Carnage","floor":6,"key":"SMITH"}],"neow_cost":"NONE","seed_source_timestamp":7310487811408,"circlet_count":0,"master_deck":["AscendersBane","Strike_R","Strike_R","Strike_R","Strike_R","Strike_R","Defend_R","Defend_R","Defend_R","Defend_R","Bash+1","Heavy Blade+1","Twin Strike","Carnage+1","Fiend Fire","Thunderclap","Demon Form"],"relics":["Burning Blood","Omamori","Blood Vial"],"potions_floor_usage":[12,12],"damage_taken":[{"damage":7,"enemies":"Cultist","floor":1,"turns":4},{"damage":8,"enemies":"Small Slimes","floor":4,"turns":5},{"damage":12,"enemies":"Jaw Worm","floor":5,"turns":2},{"damage":54,"enemies":"3 Sentries","floor":7,"turns":12},{"damage":9,"enemies":"2 Fungi Beasts","floor":8,"turns":2},{"damage":42,"enemies":"Exordium Thugs","floor":12,"turns":3}],"seed_played":"3751477547438941232","potions_obtained":[{"floor":1,"key":"SkillPotion"},{"floor":7,"key":"BloodPotion"}],"is_trial":false,"path_per_floor":["M","?","?","M","M","R","E","M","T","$","$","M"],"character_chosen":"IRONCLAD","items_purchased":["Demon Form"],"campfire_rested":0,"item_purchase_floors":[10],"current_hp_per_floor":[67,67,67,65,59,59,11,8,8,8,8,0],"gold":66,"neow_bonus":"UPGRADE_CARD","is_prod":false,"is_daily":false,"chose_seed":false,"campfire_upgraded":1,"win_rate":0,"timestamp":1563961362,"path_taken":["M","?","?","?","M","R","E","M","T","?","$","M"],"build_version":"2019-07-17","purchased_purges":1,"victory":false,"max_hp_per_floor":[75,75,75,75,75,75,75,75,75,75,75,75],"card_choices":[{"not_picked":["Fire Breathing","Body Slam"],"picked":"Heavy Blade","floor":1},{"not_picked":["Cleave","Thunderclap"],"picked":"Twin Strike","floor":4},{"not_picked":["Burning Pact","Entrench"],"picked":"Carnage","floor":5},{"not_picked":["Bloodletting","Clash"],"picked":"Fiend Fire","floor":7},{"not_picked":["Wild Strike","Havoc"],"picked":"Thunderclap","floor":8}],"player_experience":1835105,"relics_obtained":[{"floor":7,"key":"Omamori"},{"floor":9,"key":"Blood Vial"}],"event_choices":[{"damage_healed":0,"gold_gain":0,"player_choice":"Grow","damage_taken":0,"max_hp_gain":0,"max_hp_loss":0,"event_name":"Living Wall","floor":2,"gold_loss":0,"cards_upgraded":["Heavy Blade"]},{"damage_healed":0,"gold_gain":0,"player_choice":"Cursed","damage_taken":0,"max_hp_gain":0,"max_hp_loss":0,"event_name":"Wheel of Change","floor":3,"gold_loss":0,"cards_obtained":["Decay"]}],"is_beta":false,"boss_relics":[],"items_purged_floors":[10],"is_endless":false,"potions_floor_spawned":[1,7],"killed_by":"Exordium Thugs","ascension_level":20}