{"gold_per_floor":[109,120,138,138,138,138,171,171,171,191,208,241,50,67,67,168,168,179,193,213,62,78,112,112,123,123,123,123,123,143,143,143,143],"floor_reached":33,"playtime":7920,"items_purged":[],"score":444,"play_id":"fcb79670-bff5-4dbd-b13d-e1e294b6e2b6","local_time":"20190408060601","is_ascension_mode":true,"campfire_choices":[{"data":"Dualcast","floor":6.0,"key":"SMITH"},{"floor":15.0,"key":"REST"},{"floor":24.0,"key":"REST"},{"floor":28.0,"key":"REST"},{"data":"Creative AI","floor":32.0,"key":"SMITH"}],"neow_cost":"NONE","seed_source_timestamp":0,"circlet_count":0,"master_deck":["Strike_B","Strike_B","Strike_B","Strike_B","Defend_B","Defend_B","Defend_B","Defend_B","Zap+1","Dualcast+1","Chill","Go for the Eyes","Compile Driver","Glacier","Ball Lightning","Creative AI+1","Cold Snap","Chill","Amplify","BootSequence","Compile Driver","Heatsinks","Ball Lightning","Leap","Steam","Sunder","Beam Cell+1"],"special_seed":0,"relics":["Cracked Core","Peace Pipe","Pantograph","Gambling Chip","Pen Nib","Medical Kit","Sozu","Question Card","The Courier","Mango"],"potions_floor_usage":[],"damage_taken":[{"damage":6.0,"enemies":"Jaw Worm","floor":1.0,"turns":4.0},{"damage":0.0,"enemies":"2 Louse","floor":2.0,"turns":1.0},{"damage":0.0,"enemies":"Cultist","floor":3.0,"turns":3.0},{"damage":17.0,"enemies":"3 Sentries","floor":7.0,"turns":9.0},{"damage":4.0,"enemies":"Exordium Thugs","floor":10.0,"turns":5.0},{"damage":10.0,"enemies":"Exordium Wildlife","floor":11.0,"turns":3.0},{"damage":13.0,"enemies":"Gremlin Nob","floor":12.0,"turns":3.0},{"damage":2.0,"enemies":"Large Slime","floor":14.0,"turns":6.0},{"damage":10.0,"enemies":"Slime Boss","floor":16.0,"turns":12.0},{"damage":9.0,"enemies":"Shell Parasite","floor":18.0,"turns":10.0},{"damage":3.0,"enemies":"3 Byrds","floor":19.0,"turns":6.0},{"damage":9.0,"enemies":"Shelled Parasite and Fungi","floor":20.0,"turns":6.0},{"damage":19.0,"enemies":"Snake Plant","floor":22.0,"turns":7.0},{"damage":29.0,"enemies":"Slavers","floor":23.0,"turns":8.0},{"damage":11.0,"enemies":"Snecko","floor":25.0,"turns":4.0},{"damage":7.0,"enemies":"Book of Stabbing","floor":27.0,"turns":4.0},{"damage":0.0,"enemies":"Chosen and Byrds","floor":30.0,"turns":7.0},{"damage":94,"enemies":"Automaton","floor":33,"turns":12}],"seed_played":"449176816335257377","potions_obtained":[{"floor":1.0,"key":"Poison Potion"},{"floor":11.0,"key":"Swift Potion"},{"floor":12.0,"key":"EssenceOfSteel"},{"floor":14.0,"key":"SmokeBomb"}],"is_trial":false,"path_per_floor":["M","M","M","?","?","R","E","?","T","M","M","E","$","M","R","B",null,"M","M","M","$","M","E","R","M","T","E","R","?","M","T","R","B"],"character_chosen":"DEFECT","items_purchased":["Medical Kit","Heatsinks","Ball Lightning","Leap"],"campfire_rested":3,"item_purchase_floors":[13,21,21,21],"current_hp_per_floor":[69,69,69,51,51,51,34,34,34,30,20,7,7,5,29,44,73,64,61,52,52,33,4,28,17,17,10,34,34,34,48,48,0],"gold":143,"neow_bonus":"TEN_PERCENT_HP_BONUS","is_prod":false,"is_daily":false,"chose_seed":false,"campfire_upgraded":2,"win_rate":0,"timestamp":1554728761,"path_taken":["M","M","M","?","?","R","E","?","T","M","M","E","$","M","R","BOSS","M","M","M","$","M","E","R","M","T","E","R","?","?","?","R","BOSS"],"build_version":"2019-01-23","purchased_purges":0,"victory":false,"max_hp_per_floor":[82,82,82,82,82,82,82,82,82,82,82,82,82,82,82,82,82,82,82,82,82,82,82,82,82,82,82,82,82,82,96,96,96],"card_choices":[{"not_picked":["Hello World","Compile Driver"],"picked":"Chill","floor":1.0},{"not_picked":["Barrage","Gash"],"picked":"Go for the Eyes","floor":2.0},{"not_picked":["Streamline","Gash"],"picked":"Compile Driver","floor":3.0},{"not_picked":["Chaos","Darkness"],"picked":"Glacier","floor":7.0},{"not_picked":["Fusion","Compile Driver"],"picked":"Ball Lightning","floor":10.0},{"not_picked":["Hologram","Coolheaded"],"picked":"Creative AI","floor":11.0},{"not_picked":["Sweeping Beam","Biased Cognition"],"picked":"Cold Snap","floor":12.0},{"not_picked":["Melter","Redo"],"picked":"Chill","floor":14.0},{"not_picked":["Meteor Strike","Seek"],"picked":"Amplify","floor":16.0},{"not_picked":["Sweeping Beam","Turbo"],"picked":"BootSequence","floor":18.0},{"not_picked":["Reprogram+1","Beam Cell","Turbo"],"picked":"SKIP","floor":19.0},{"not_picked":["Sunder","Rebound"],"picked":"Compile Driver","floor":20.0},{"not_picked":["Streamline","Scrape"],"picked":"Steam","floor":22.0},{"not_picked":["Cold Snap","Reprogram","Barrage"],"picked":"SKIP","floor":23.0},{"not_picked":["Ball Lightning","Stack","Heatsinks"],"picked":"Sunder","floor":25.0},{"not_picked":["Reprogram","Recycle","Streamline"],"picked":"Beam Cell+1","floor":30.0}],"player_experience":509075,"relics_obtained":[{"floor":7.0,"key":"Pantograph"},{"floor":9.0,"key":"Gambling Chip"},{"floor":12.0,"key":"Pen Nib"},{"floor":23.0,"key":"Question Card"},{"floor":26.0,"key":"The Courier"},{"floor":31.0,"key":"Mango"}],"event_choices":[{"damage_healed":0.0,"max_hp_gain":0.0,"max_hp_loss":0.0,"gold_gain":0.0,"event_name":"Scrap Ooze","player_choice":"Success","floor":4.0,"gold_loss":0.0,"damage_taken":18.0,"relics_obtained":["Peace Pipe"]},{"damage_healed":0.0,"max_hp_gain":0.0,"max_hp_loss":0.0,"gold_gain":0.0,"event_name":"Living Wall","player_choice":"Grow","floor":5.0,"gold_loss":0.0,"damage_taken":0.0,"cards_upgraded":["Zap"]},{"damage_healed":0.0,"max_hp_gain":0.0,"max_hp_loss":0.0,"gold_gain":0.0,"event_name":"Liars Game","player_choice":"Ignored","floor":8.0,"gold_loss":0.0,"damage_taken":0.0},{"damage_healed":0.0,"max_hp_gain":0.0,"max_hp_loss":0.0,"gold_gain":0.0,"event_name":"N\u0027loth","player_choice":"Ignored","floor":29.0,"gold_loss":0.0,"damage_taken":0.0}],"is_beta":false,"boss_relics":[{"not_picked":["FrozenCore","Calling Bell"],"picked":"Sozu"}],"items_purged_floors":[],"is_endless":false,"potions_floor_spawned":[1,11,12,14,18,22,23,27],"killed_by":"Automaton","ascension_level":8}