{"gold_per_floor":[111,111,124,124,140,140,166,166,166,166,183,127,137,102,102,102],"floor_reached":16,"playtime":1449,"items_purged":[],"score":175,"play_id":"7090eacf-7c94-49c9-b775-7c1c59afe03b","local_time":"20181026233505","is_ascension_mode":true,"campfire_choices":[{"data":"Searing Blow","floor":6,"key":"SMITH"},{"data":"Searing Blow+1","floor":8,"key":"SMITH"},{"data":"Searing Blow+2","floor":10,"key":"SMITH"},{"data":"Rampage","floor":15,"key":"SMITH"}],"neow_cost":"TEN_PERCENT_HP_LOSS","seed_source_timestamp":5970742400742,"circlet_count":0,"master_deck":["Strike_R","Strike_R","Strike_R","Strike_R","Strike_R","Defend_R+1","Defend_R","Defend_R","Defend_R+1","Bash","AscendersBane","Exhume","Anger","Searing Blow+3","Rampage+1","Dual Wield","Whirlwind"],"relics":["Burning Blood","Orichalcum","Dodecahedron"],"potions_floor_usage":[7,13],"damage_taken":[{"damage":5,"enemies":"Cultist","floor":1,"turns":4},{"damage":2,"enemies":"Jaw Worm","floor":3,"turns":3},{"damage":5,"enemies":"Small Slimes","floor":5,"turns":3},{"damage":40,"enemies":"Lagavulin","floor":7,"turns":8},{"damage":10,"enemies":"Red Slaver","floor":11,"turns":3},{"damage":0,"enemies":"2 Fungi Beasts","floor":13,"turns":2},{"damage":46,"enemies":"Hexaghost","floor":16,"turns":9}],"seed_played":"2777056988954613703","potions_obtained":[{"floor":1,"key":"Regen Potion"},{"floor":11,"key":"Strength Potion"}],"is_trial":false,"path_per_floor":["M","$","M","?","M","R","E","R","T","R","M","?","M","?","R"],"character_chosen":"IRONCLAD","items_purchased":[],"campfire_rested":0,"item_purchase_floors":[],"current_hp_per_floor":[68,68,68,48,49,49,24,24,24,24,20,20,26,43,43,0],"gold":102,"neow_bonus":"THREE_RARE_CARDS","is_prod":false,"is_daily":false,"chose_seed":false,"campfire_upgraded":4,"win_rate":0,"timestamp":1540589705,"path_taken":["M","?","M","?","M","R","E","R","T","R","?","?","M","?","R","BOSS"],"build_version":"2018-10-25v2","purchased_purges":0,"victory":false,"max_hp_per_floor":[68,68,68,68,68,68,68,68,68,68,68,68,68,68,68,68],"card_choices":[{"not_picked":["Berserk","Fiend Fire"],"picked":"Exhume","floor":0},{"not_picked":["Intimidate","Pommel Strike"],"picked":"Anger","floor":1},{"not_picked":["Dual Wield","Thunderclap"],"picked":"Searing Blow","floor":3},{"not_picked":["Fire Breathing","Warcry"],"picked":"Rampage","floor":5},{"not_picked":["Clothesline","Bludgeon"],"picked":"Dual Wield","floor":7},{"not_picked":["Reckless Charge","Clash"],"picked":"Whirlwind","floor":11},{"not_picked":["Twin Strike","Body Slam","Combust"],"picked":"SKIP","floor":13}],"player_experience":685525,"relics_obtained":[{"floor":7,"key":"Orichalcum"},{"floor":9,"key":"Dodecahedron"}],"event_choices":[{"damage_healed":0,"gold_gain":0,"player_choice":"Entered Light","damage_taken":20,"max_hp_gain":0,"max_hp_loss":0,"event_name":"Shining Light","floor":4,"gold_loss":0,"cards_upgraded":["Defend_R","Defend_R"]},{"damage_healed":0,"gold_gain":0,"player_choice":"Left Gold","damage_taken":0,"max_hp_gain":0,"max_hp_loss":0,"event_name":"World of Goop","floor":12,"gold_loss":56},{"damage_healed":17,"gold_gain":0,"player_choice":"Healed","damage_taken":0,"max_hp_gain":0,"max_hp_loss":0,"event_name":"The Cleric","floor":14,"gold_loss":35}],"is_beta":true,"boss_relics":[],"items_purged_floors":[],"is_endless":false,"potions_floor_spawned":[1,11],"killed_by":"Hexaghost","ascension_level":15}