{"gold_per_floor":[119,119,119,133,147,174,99,99,123,152,162,181,206,206,206,305,305,318,338,16,33,49,49,49,78,101,117,129,140,174,174,174,279,279,299,354,365,161,175,509,509,541,567,567,601,228,228,239,239,239,239,239,24,59,59],"floor_reached":56,"playtime":6345,"items_purged":["Strike_G","Strike_G","Strike_G","Defend_G","Dagger Spray"],"score":1533,"play_id":"89d35be4-bf23-4b25-ae7a-b4983c24c3dd","local_time":"20190927012834","is_ascension_mode":true,"campfire_choices":[{"data":"Neutralize","floor":8,"key":"SMITH"},{"data":"All Out Attack","floor":15,"key":"SMITH"},{"data":"A Thousand Cuts","floor":23,"key":"SMITH"},{"floor":32,"key":"RECALL"},{"floor":44,"key":"REST"},{"floor":49,"key":"REST"},{"data":"Footwork","floor":52,"key":"SMITH"}],"neow_cost":"PERCENT_DAMAGE","seed_source_timestamp":100933379692200,"circlet_count":0,"master_deck":["Strike_G+1","Defend_G+1","Defend_G","Defend_G","Defend_G","Survivor","Neutralize+1","Die Die Die","PiercingWail+1","Quick Slash+1","Backstab","All Out Attack","Endless Agony","All Out Attack+1","A Thousand Cuts+1","Backflip+1","Backflip","Blur","Backflip+1","Footwork+1","Expertise+1","Slice","Concentrate+1","Adrenaline","Expertise+1","After Image","Footwork+1","Escape Plan+1","Flash of Steel","Prepared+1","Blur","Flash of Steel","Madness","Madness","Acrobatics+1","Footwork","After Image"],"relics":["Ring of the Serpent","PreservedInsect","Ancient Tea Set","Whetstone","Juzu Bracelet","Philosopher\u0027s Stone","Vajra","Nilry\u0027s Codex","Pocketwatch","Ninja Scroll","Calipers","Old Coin","Bag of Marbles","War Paint","Centennial Puzzle","Anchor"],"potions_floor_usage":[6,16,16,21,22,28,29,30,33,36,50,55,55,55],"damage_taken":[{"damage":7,"enemies":"Jaw Worm","floor":1,"turns":6},{"damage":0,"enemies":"2 Louse","floor":4,"turns":2},{"damage":0,"enemies":"Cultist","floor":5,"turns":3},{"damage":24,"enemies":"Gremlin Nob","floor":6,"turns":5},{"damage":2,"enemies":"3 Sentries","floor":10,"turns":6},{"damage":0,"enemies":"Large Slime","floor":11,"turns":4},{"damage":0,"enemies":"Gremlin Gang","floor":12,"turns":1},{"damage":12,"enemies":"Gremlin Nob","floor":13,"turns":3},{"damage":31,"enemies":"The Guardian","floor":16,"turns":15},{"damage":12,"enemies":"2 Thieves","floor":18,"turns":3},{"damage":7,"enemies":"Spheric Guardian","floor":19,"turns":3},{"damage":10,"enemies":"Snake Plant","floor":21,"turns":6},{"damage":0,"enemies":"Centurion and Healer","floor":22,"turns":5},{"damage":0,"enemies":"Gremlin Leader","floor":25,"turns":3},{"damage":0,"enemies":"Chosen and Byrds","floor":27,"turns":3},{"damage":0,"enemies":"Shelled Parasite and Fungi","floor":28,"turns":4},{"damage":5,"enemies":"Centurion and Healer","floor":29,"turns":4},{"damage":0,"enemies":"Slavers","floor":30,"turns":1},{"damage":14,"enemies":"Collector","floor":33,"turns":11},{"damage":0,"enemies":"3 Darklings","floor":35,"turns":3},{"damage":36,"enemies":"2 Orb Walkers","floor":36,"turns":4},{"damage":0,"enemies":"Orb Walker","floor":37,"turns":3},{"damage":20,"enemies":"Transient","floor":39,"turns":5},{"damage":4,"enemies":"Nemesis","floor":40,"turns":7},{"damage":8,"enemies":"Reptomancer","floor":42,"turns":7},{"damage":0,"enemies":"Nemesis","floor":45,"turns":3},{"damage":0,"enemies":"Jaw Worm Horde","floor":48,"turns":3},{"damage":12,"enemies":"Awakened One","floor":50,"turns":13},{"damage":63,"enemies":"Shield and Spear","floor":54,"turns":5},{"damage":5,"enemies":"The Heart","floor":55,"turns":15}],"seed_played":"8202963923183450418","potions_obtained":[{"floor":4,"key":"GamblersBrew"},{"floor":5,"key":"Weak Potion"},{"floor":10,"key":"EntropicBrew"},{"floor":21,"key":"SkillPotion"},{"floor":27,"key":"SteroidPotion"},{"floor":29,"key":"SteroidPotion"},{"floor":35,"key":"Weak Potion"},{"floor":42,"key":"Weak Potion"},{"floor":48,"key":"Strength Potion"},{"floor":54,"key":"PowerPotion"}],"is_trial":false,"path_per_floor":["M","?","?","M","M","E","$","R","T","E","M","M","E","?","R","B",null,"M","M","$","M","M","R","?","E","T","M","M","M","E","?","R","B",null,"M","?","M","$","M","E","?","E","T","R","E","$","?","M","R","B",null,"R","$","E","B",null],"character_chosen":"THE_SILENT","items_purchased":["Vajra","Blur","Footwork","Blur","Flash of Steel","Strength Potion","Footwork"],"campfire_rested":2,"item_purchase_floors":[20,20,38,46,46,46,53],"current_hp_per_floor":[42,47,47,47,47,23,23,23,23,21,21,21,9,75,75,44,75,63,56,56,46,46,46,30,30,30,30,30,25,25,25,25,11,75,75,39,39,39,19,15,15,7,7,29,29,29,20,20,42,30,75,75,75,12,7],"gold":59,"neow_bonus":"THREE_RARE_CARDS","is_prod":false,"is_daily":false,"chose_seed":false,"campfire_upgraded":4,"win_rate":0,"timestamp":1569558514,"path_taken":["M","?","?","M","M","E","$","R","T","E","M","M","E","?","R","BOSS","M","M","$","M","M","R","?","E","T","M","M","M","E","?","R","BOSS","M","?","M","$","M","E","?","E","T","R","E","$","?","M","R","BOSS","R","$","E","BOSS"],"build_version":"2019-07-17","purchased_purges":5,"victory":true,"max_hp_per_floor":[70,75,75,75,75,75,75,75,75,75,75,75,75,75,75,75,75,75,75,75,75,75,75,75,75,75,75,75,75,75,75,75,75,75,75,75,75,75,75,75,75,75,75,75,75,75,75,75,75,75,75,75,75,75,75],"card_choices":[{"not_picked":["Burst","Storm of Steel"],"picked":"Die Die Die","floor":0},{"not_picked":["Underhanded Strike","Quick Slash"],"picked":"PiercingWail","floor":1},{"not_picked":["Poisoned Stab","Dagger Spray"],"picked":"Noxious Fumes","floor":4},{"not_picked":["Cloak And Dagger","Sucker Punch"],"picked":"Quick Slash","floor":5},{"not_picked":["Riddle With Holes","Choke"],"picked":"Backstab","floor":6},{"not_picked":["Heel Hook","Outmaneuver"],"picked":"All Out Attack","floor":10},{"not_picked":["Prepared","Outmaneuver"],"picked":"Endless Agony","floor":11},{"not_picked":["Choke","Outmaneuver"],"picked":"Dagger Spray","floor":12},{"not_picked":["Flying Knee","Sucker Punch"],"picked":"All Out Attack","floor":13},{"not_picked":["Malaise","Phantasmal Killer"],"picked":"A Thousand Cuts","floor":16},{"not_picked":["Dodge and Roll+1","Dagger Throw"],"picked":"Backflip","floor":18},{"not_picked":["Dagger Throw","Acrobatics"],"picked":"Backflip","floor":19},{"not_picked":["Skewer","Noxious Fumes+1"],"picked":"Backflip+1","floor":21},{"not_picked":["Acrobatics+1","Cloak And Dagger+1"],"picked":"Footwork+1","floor":22},{"not_picked":["Blade Dance","Skewer+1"],"picked":"Expertise+1","floor":25},{"not_picked":["Dodge and Roll+1","Skewer+1"],"picked":"Slice","floor":27},{"not_picked":["Bouncing Flask","Outmaneuver"],"picked":"Concentrate+1","floor":28},{"not_picked":["Sucker Punch","Glass Knife","Acrobatics+1"],"picked":"SKIP","floor":29},{"not_picked":["Deadly Poison","Dagger Spray+1","PiercingWail+1"],"picked":"SKIP","floor":30},{"not_picked":["Envenom","Glass Knife"],"picked":"Adrenaline","floor":33},{"not_picked":["Outmaneuver","Blade Dance"],"picked":"Expertise+1","floor":35},{"not_picked":["Prepared","All Out Attack+1"],"picked":"After Image","floor":37},{"not_picked":["Expertise+1","Blade Dance","Deflect"],"picked":"SKIP","floor":39},{"not_picked":["Storm of Steel","Quick Slash"],"picked":"Escape Plan+1","floor":40},{"not_picked":["Bandage Up","The Bomb"],"picked":"Flash of Steel","floor":41},{"not_picked":["Night Terror","Slice+1"],"picked":"Prepared+1","floor":42},{"not_picked":["Riddle With Holes","Wraith Form v2","Deadly Poison"],"picked":"SKIP","floor":45},{"not_picked":["Backstab+1","Underhanded Strike"],"picked":"Acrobatics+1","floor":48},{"not_picked":["Cloak And Dagger+1","Heel Hook+1"],"picked":"After Image","floor":54}],"player_experience":114265,"relics_obtained":[{"floor":6,"key":"PreservedInsect"},{"floor":9,"key":"Ancient Tea Set"},{"floor":10,"key":"Whetstone"},{"floor":13,"key":"Juzu Bracelet"},{"floor":24,"key":"Nilry\u0027s Codex"},{"floor":25,"key":"Pocketwatch"},{"floor":30,"key":"Ninja Scroll"},{"floor":36,"key":"Calipers"},{"floor":40,"key":"Old Coin"},{"floor":42,"key":"Bag of Marbles"},{"floor":43,"key":"War Paint"},{"floor":45,"key":"Centennial Puzzle"},{"floor":54,"key":"Anchor"}],"event_choices":[{"damage_healed":0,"gold_gain":0,"player_choice":"Donut","damage_taken":0,"max_hp_gain":5,"max_hp_loss":0,"event_name":"Big Fish","floor":2,"gold_loss":0},{"cards_removed":["Strike_G"],"damage_healed":0,"gold_gain":0,"player_choice":"Forget","damage_taken":0,"max_hp_gain":0,"max_hp_loss":0,"event_name":"Living Wall","floor":3,"gold_loss":0},{"cards_removed":["Noxious Fumes"],"damage_healed":66,"gold_gain":0,"player_choice":"Offered Uncommon","damage_taken":0,"max_hp_gain":0,"max_hp_loss":0,"event_name":"Bonfire Elementals","floor":14,"gold_loss":0},{"damage_healed":0,"gold_gain":0,"player_choice":"Obtained Book","damage_taken":16,"max_hp_gain":0,"max_hp_loss":0,"event_name":"Cursed Tome","floor":24,"gold_loss":0},{"damage_healed":0,"gold_gain":0,"player_choice":"Forge","damage_taken":0,"max_hp_gain":0,"max_hp_loss":0,"event_name":"Accursed Blacksmith","floor":31,"gold_loss":0,"cards_upgraded":["PiercingWail"]},{"damage_healed":0,"gold_gain":0,"player_choice":"Fight","damage_taken":0,"max_hp_gain":0,"max_hp_loss":0,"event_name":"Mysterious Sphere","floor":36,"gold_loss":0},{"damage_healed":0,"gold_gain":0,"player_choice":"Memory 1","damage_taken":0,"max_hp_gain":0,"max_hp_loss":0,"event_name":"SensoryStone","floor":41,"gold_loss":0},{"damage_healed":0,"gold_gain":0,"player_choice":"Embrace Madness","damage_taken":9,"max_hp_gain":0,"max_hp_loss":0,"event_name":"Winding Halls","floor":47,"gold_loss":0,"cards_obtained":["Madness","Madness"]}],"is_beta":false,"boss_relics":[{"not_picked":["Ectoplasm","Busted Crown"],"picked":"Philosopher\u0027s Stone"},{"not_picked":["Astrolabe","Snecko Eye"],"picked":"Ring of the Serpent"}],"items_purged_floors":[7,20,38,46,53],"is_endless":false,"potions_floor_spawned":[4,5,10,16,19,21,27,29,35,42,48,54],"ascension_level":3}