{"path_per_floor":["M","M","?","M","$","R","E","R","T","E","M","M","E","M","R","B",null,"M","?","M","$","M","E","M","R","T","E","?","$","E","M","R"],"character_chosen":"IRONCLAD","items_purchased":["Thunderclap","Dramatic Entrance","Blood Vial"],"gold_per_floor":[115,126,126,139,94,94,126,126,152,180,194,214,246,266,266,368,368,387,310,325,83,101,135,153,153,153,185,100,100,131,145,145,145],"floor_reached":33,"campfire_rested":2,"playtime":1567,"item_purchase_floors":[],"current_hp_per_floor":[78,73,73,69,69,69,57,57,57,63,69,73,45,54,54,49,78,73,73,67,67,53,33,11,39,39,27,27,27,18,24,54,0],"items_purged":[],"gold":145,"score":465,"play_id":"e670df2b-80db-4a7f-a690-d32ccf87d712","local_time":"20180523133823","is_prod":false,"is_daily":false,"chose_seed":false,"is_ascension_mode":true,"campfire_upgraded":3,"win_rate":0.19512194,"timestamp":1527075503,"campfire_choices":[{"data":"Perfected Strike","floor":6.0,"key":"SMITH"},{"data":"Warcry","floor":8.0,"key":"SMITH"},{"data":"Feed","floor":15.0,"key":"SMITH"},{"floor":25,"key":"REST"},{"floor":32,"key":"REST"}],"path_taken":["M","M","?","?","?","R","E","R","T","E","M","M","E","M","R","BOSS","M","?","M","$","M","E","M","R","T","E","?","?","E","M","R","BOSS"],"build_version":"2018-05-22","seed_source_timestamp":0,"purchased_purges":0,"victory":false,"master_deck":["Strike_R","Strike_R","Strike_R","Strike_R","Strike_R","Defend_R","Defend_R","Defend_R","Defend_R","Bash","Warcry+1","Anger","Perfected Strike+1","Thunderclap","Wild Strike","Iron Wave","Cleave","Metallicize","Feed+1","Rage","Double Tap","Shrug It Off+1","J.A.X.","Cleave","Dramatic Entrance","Feed","Power Through+1","Clash+1","Heavy Blade+1","Inflame+1","Perfected Strike+1","Perfected Strike"],"max_hp_per_floor":[80,80,80,80,80,80,80,80,80,80,80,80,80,83,83,87,87,91,91,91,91,91,91,95,95,95,95,95,95,95,102,102,102],"relics":["Burning Blood","Lantern","Oddly Smooth Stone","Bag of Marbles","Art of War","Dodecahedron","Velvet Choker","Blood Vial","Matryoshka","Happy Flower","Letter Opener","Dream Catcher","Mummified Hand","Pen Nib"],"card_choices":[{"not_picked":["Second Wind","Sword Boomerang"],"picked":"Warcry","floor":1.0},{"not_picked":["Havoc","Spot Weakness"],"picked":"Anger","floor":2.0},{"not_picked":["Armaments","Sword Boomerang"],"picked":"Perfected Strike","floor":4.0},{"not_picked":["Warcry","Body Slam"],"picked":"Wild Strike","floor":7.0},{"not_picked":["True Grit","Ghostly Armor"],"picked":"Iron Wave","floor":10.0},{"not_picked":["Searing Blow","Hemokinesis"],"picked":"Cleave","floor":11.0},{"not_picked":["Ghostly Armor","Anger"],"picked":"Metallicize","floor":12.0},{"not_picked":["Sentinel","Twin Strike"],"picked":"Feed","floor":13.0},{"not_picked":["Uppercut","Twin Strike"],"picked":"Rage","floor":14.0},{"not_picked":["Feed","Juggernaut"],"picked":"Double Tap","floor":16.0},{"not_picked":["Clothesline","Sword Boomerang"],"picked":"Shrug It Off+1","floor":18.0},{"not_picked":["Shrug It Off","Seeing Red"],"picked":"Cleave","floor":20.0},{"not_picked":["Carnage","Spot Weakness"],"picked":"Feed","floor":22.0},{"not_picked":["Shrug It Off","Clothesline"],"picked":"Power Through+1","floor":23},{"not_picked":["Thunderclap","Twin Strike"],"picked":"Clash+1","floor":24},{"not_picked":["Havoc","Flex"],"picked":"Heavy Blade+1","floor":27},{"not_picked":["Cleave","Pommel Strike"],"picked":"Inflame+1","floor":30},{"not_picked":["Spot Weakness","Warcry+1"],"picked":"Perfected Strike+1","floor":31},{"not_picked":["Clothesline","Rage+1"],"picked":"Perfected Strike","floor":32}],"player_experience":190408,"potions_floor_usage":[23,33],"damage_taken":[{"damage":8.0,"enemies":"2 Louse","floor":1.0,"turns":3.0},{"damage":11.0,"enemies":"Cultist","floor":2.0,"turns":4.0},{"damage":10.0,"enemies":"Small Slimes","floor":4.0,"turns":2.0},{"damage":18.0,"enemies":"3 Sentries","floor":7.0,"turns":7.0},{"damage":0.0,"enemies":"Gremlin Nob","floor":10.0,"turns":2.0},{"damage":0.0,"enemies":"Red Slaver","floor":11.0,"turns":2.0},{"damage":2.0,"enemies":"Lots of Slimes","floor":12.0,"turns":3.0},{"damage":34.0,"enemies":"Lagavulin","floor":13.0,"turns":4.0},{"damage":0.0,"enemies":"Blue Slaver","floor":14.0,"turns":3.0},{"damage":15.0,"enemies":"Slime Boss","floor":16.0,"turns":10.0},{"damage":15.0,"enemies":"2 Thieves","floor":18.0,"turns":3.0},{"damage":12.0,"enemies":"Spheric Guardian","floor":20.0,"turns":4.0},{"damage":31.0,"enemies":"Slaver and Parasite","floor":22.0,"turns":7.0},{"damage":28,"enemies":"Gremlin Leader","floor":23,"turns":7},{"damage":34,"enemies":"Cultist and Chosen","floor":24,"turns":6},{"damage":20,"enemies":"Slavers","floor":27,"turns":3},{"damage":17,"enemies":"Book of Stabbing","floor":30,"turns":3},{"damage":9,"enemies":"3 Cultists","floor":31,"turns":3},{"damage":65,"enemies":"Automaton","floor":33,"turns":6}],"relics_obtained":[{"floor":7.0,"key":"Oddly Smooth Stone"},{"floor":9.0,"key":"Bag of Marbles"},{"floor":10.0,"key":"Art of War"},{"floor":13.0,"key":"Dodecahedron"},{"floor":23,"key":"Matryoshka"},{"floor":26,"key":"Happy Flower"},{"floor":26,"key":"Letter Opener"},{"floor":27,"key":"Dream Catcher"},{"floor":30,"key":"Pen Nib"}],"event_choices":[{"event_name":"The Lab","player_choice":"Got Potions","floor":3.0,"damage_taken":0.0},{"event_name":"Drug Dealer","player_choice":"Got JAXXED","floor":19.0,"damage_taken":0.0},{"event_name":"Addict","player_choice":"Obtained Relic","floor":28,"damage_taken":0}],"boss_relics":[],"items_purged_floors":[],"potions_floor_spawned":[1,10,13,16,20,30],"seed_played":"951173365326305019","killed_by":"Automaton","ascension_level":5,"potions_obtained":[{"floor":1.0,"key":"SteroidPotion"},{"floor":3.0,"key":"BloodPotion"},{"floor":3.0,"key":"Energy Potion"},{"floor":10.0,"key":"EssenceOfSteel"},{"floor":13.0,"key":"SpeedPotion"},{"floor":16.0,"key":"SkillPotion"},{"floor":30,"key":"AttackPotion"}],"is_trial":false}