{"gold_per_floor":[113,131,131,50,63,63,91,108,133,133,74,103,120,132,132,132],"floor_reached":16,"playtime":317,"items_purged":[],"score":224,"play_id":"8a978d2c-fac3-4dbf-92fd-e30b9dbcedfd","local_time":"20190414174337","is_ascension_mode":true,"campfire_choices":[{"data":"Zap","floor":6,"key":"SMITH"},{"data":"Doom and Gloom","floor":10,"key":"SMITH"},{"floor":15,"key":"REST"}],"neow_cost":"NONE","seed_source_timestamp":1572194023760,"circlet_count":0,"master_deck":["AscendersBane","Strike_B","Strike_B","Strike_B","Defend_B","Defend_B","Defend_B","Defend_B","Zap+1","Dualcast","Cold Snap","Doom and Gloom+1","Compile Driver","Cold Snap","Gash","Conserve Battery","Doom and Gloom","Reinforced Body","Static Discharge"],"relics":["Cracked Core","NeowsBlessing","Pen Nib","Boot","Omamori"],"potions_floor_usage":[13,14,16],"damage_taken":[{"damage":0,"enemies":"Cultist","floor":1,"turns":1},{"damage":0,"enemies":"Jaw Worm","floor":2,"turns":1},{"damage":0,"enemies":"2 Louse","floor":5,"turns":1},{"damage":21,"enemies":"Lagavulin","floor":7,"turns":5},{"damage":4,"enemies":"Looter","floor":8,"turns":3},{"damage":11,"enemies":"3 Sentries","floor":12,"turns":8},{"damage":10,"enemies":"Gremlin Gang","floor":13,"turns":2},{"damage":13,"enemies":"Exordium Thugs","floor":14,"turns":4},{"damage":27,"enemies":"The Guardian","floor":16,"turns":2}],"seed_played":"2980070003942743875","potions_obtained":[{"floor":1,"key":"EssenceOfSteel"},{"floor":8,"key":"FearPotion"},{"floor":13,"key":"PowerPotion"}],"is_trial":false,"path_per_floor":["M","M","?","$","M","R","E","M","T","R","$","E","M","M","R","B"],"character_chosen":"DEFECT","items_purchased":["Doom and Gloom","Conserve Battery"],"campfire_rested":1,"item_purchase_floors":[4,11],"current_hp_per_floor":[64,64,64,64,64,64,43,39,39,39,39,28,18,5,26,0],"gold":132,"neow_bonus":"THREE_ENEMY_KILL","is_prod":false,"is_daily":false,"chose_seed":false,"campfire_upgraded":2,"win_rate":0,"timestamp":1555256617,"path_taken":["M","?","?","$","M","R","E","?","T","R","?","E","M","M","R","BOSS"],"build_version":"2019-01-23","purchased_purges":0,"victory":false,"max_hp_per_floor":[71,71,71,71,71,71,71,71,71,71,71,71,71,71,71,71],"card_choices":[{"not_picked":["Hologram","Reprogram","Turbo"],"picked":"SKIP","floor":1},{"not_picked":["Compile Driver","Barrage"],"picked":"Cold Snap","floor":2},{"not_picked":["Sweeping Beam","Streamline"],"picked":"Compile Driver","floor":5},{"not_picked":["Sweeping Beam","Stack"],"picked":"Cold Snap","floor":7},{"not_picked":["Beam Cell","Tempest"],"picked":"Gash","floor":8},{"not_picked":["Hyperbeam","Go for the Eyes"],"picked":"Doom and Gloom","floor":12},{"not_picked":["Storm","Redo"],"picked":"Reinforced Body","floor":13},{"not_picked":["Auto Shields","Cold Snap"],"picked":"Static Discharge","floor":14}],"player_experience":1597921,"relics_obtained":[{"floor":7,"key":"Pen Nib"},{"floor":9,"key":"Boot"},{"floor":12,"key":"Omamori"}],"event_choices":[{"cards_removed":["Strike_B"],"damage_healed":0,"gold_gain":0,"player_choice":"Purged","damage_taken":0,"max_hp_gain":0,"max_hp_loss":0,"event_name":"Purifier","floor":3,"gold_loss":0}],"is_beta":false,"boss_relics":[],"items_purged_floors":[],"is_endless":false,"potions_floor_spawned":[1,8,13],"killed_by":"The Guardian","ascension_level":20}