{"gold_per_floor":[116,133,133,149,149,149,11,44,69,87,87,113,139,180,192,277,289,320,332,367,379,391,403,447,459],"floor_reached":25,"playtime":972,"items_purged":[],"score":499,"play_id":"817f96d8-e901-4ef3-90d8-300cd5a7c515","local_time":"20190323193749","is_ascension_mode":true,"campfire_choices":[{"data":"Zap","floor":6,"key":"SMITH"},{"data":"Defragment","floor":11,"key":"SMITH"},{"floor":15,"key":"REST"},{"data":"Rainbow","floor":23,"key":"SMITH"}],"neow_cost":"NONE","seed_source_timestamp":8660521653048,"circlet_count":0,"master_deck":["AscendersBane","Strike_B","Strike_B","Strike_B","Strike_B","Defend_B","Defend_B","Defend_B","Defend_B","Zap+1","Dualcast","Gash","Compile Driver","Glacier","Defragment+1","Sweeping Beam","Cold Snap","Capacitor","Creative AI","Conserve Battery","Genetic Algorithm","Rainbow+1","Defragment"],"relics":["Cracked Core","Orichalcum","Darkstone Periapt","Strawberry","MawBank","Bronze Scales","Snecko Eye","Regal Pillow","Calipers"],"potions_floor_usage":[12,12],"damage_taken":[{"damage":1,"enemies":"Cultist","floor":1,"turns":3},{"damage":4,"enemies":"Jaw Worm","floor":2,"turns":4},{"damage":0,"enemies":"2 Louse","floor":4,"turns":2},{"damage":15,"enemies":"3 Sentries","floor":8,"turns":9},{"damage":6,"enemies":"Exordium Wildlife","floor":10,"turns":4},{"damage":14,"enemies":"Gremlin Nob","floor":12,"turns":4},{"damage":6,"enemies":"Looter","floor":13,"turns":3},{"damage":6,"enemies":"3 Sentries","floor":14,"turns":14},{"damage":24,"enemies":"Slime Boss","floor":16,"turns":11},{"damage":2,"enemies":"Chosen","floor":18,"turns":6},{"damage":11,"enemies":"Gremlin Leader","floor":24,"turns":10},{"damage":33,"enemies":"3 Byrds","floor":25,"turns":2}],"seed_played":"531117684806338662","potions_obtained":[{"floor":4,"key":"GamblersBrew"},{"floor":8,"key":"Regen Potion"},{"floor":13,"key":"SneckoOil"},{"floor":14,"key":"Energy Potion"},{"floor":18,"key":"Block Potion"}],"is_trial":false,"path_per_floor":["M","M","?","M","?","R","$","E","T","M","R","E","M","E","R","B",null,"M","?","T","?","$","R","E","M"],"character_chosen":"DEFECT","items_purchased":["Defragment","Sweeping Beam"],"campfire_rested":1,"item_purchase_floors":[7,7],"current_hp_per_floor":[70,66,71,71,45,45,45,30,37,31,31,29,23,17,44,20,73,71,44,44,44,44,44,33,0],"gold":459,"neow_bonus":"TEN_PERCENT_HP_BONUS","is_prod":false,"is_daily":false,"chose_seed":false,"campfire_upgraded":3,"win_rate":0,"timestamp":1553366269,"path_taken":["M","M","?","M","?","R","$","E","T","M","R","E","M","E","R","BOSS","M","?","?","?","$","R","E","?"],"build_version":"2019-01-23","purchased_purges":0,"victory":false,"max_hp_per_floor":[78,78,83,83,83,83,83,83,90,90,90,90,90,90,90,90,90,90,95,95,95,95,95,95,95],"card_choices":[{"not_picked":["Recycle","Sunder"],"picked":"Gash","floor":1},{"not_picked":["Streamline","Double Energy"],"picked":"Compile Driver","floor":2},{"not_picked":["Redo","Rebound"],"picked":"Glacier","floor":4},{"not_picked":["Chaos","Tempest"],"picked":"Cold Snap","floor":8},{"not_picked":["Stack","Lockon"],"picked":"Capacitor","floor":10},{"not_picked":["Hologram","Go for the Eyes"],"picked":"Creative AI","floor":12},{"not_picked":["Stack","Go for the Eyes"],"picked":"Conserve Battery","floor":13},{"not_picked":["Redo","Multi-Cast"],"picked":"Genetic Algorithm","floor":14},{"not_picked":["Meteor Strike","Hyperbeam"],"picked":"Rainbow","floor":16},{"not_picked":["Compile Driver","Skim","Redo"],"picked":"SKIP","floor":18},{"not_picked":["Beam Cell","Hello World"],"picked":"Defragment","floor":24}],"player_experience":1465871,"relics_obtained":[{"floor":8,"key":"Darkstone Periapt"},{"floor":9,"key":"Strawberry"},{"floor":12,"key":"MawBank"},{"floor":14,"key":"Bronze Scales"},{"floor":20,"key":"Regal Pillow"},{"floor":24,"key":"Calipers"}],"event_choices":[{"damage_healed":0,"gold_gain":0,"player_choice":"Donut","damage_taken":0,"max_hp_gain":5,"max_hp_loss":0,"event_name":"Big Fish","floor":3,"gold_loss":0},{"damage_healed":0,"gold_gain":0,"player_choice":"Success","damage_taken":26,"relics_obtained":["Orichalcum"],"max_hp_gain":0,"max_hp_loss":0,"event_name":"Scrap Ooze","floor":5,"gold_loss":0},{"damage_healed":0,"gold_gain":0,"player_choice":"Shed Blood","damage_taken":32,"max_hp_gain":5,"max_hp_loss":0,"event_name":"Forgotten Altar","floor":19,"gold_loss":0},{"damage_healed":0,"gold_gain":0,"player_choice":"Ignored","damage_taken":0,"max_hp_gain":0,"max_hp_loss":0,"event_name":"Vampires","floor":21,"gold_loss":0}],"is_beta":false,"boss_relics":[{"not_picked":["FrozenCore","Calling Bell"],"picked":"Snecko Eye"}],"items_purged_floors":[],"is_endless":false,"potions_floor_spawned":[4,8,13,14,16,18,24],"killed_by":"3 Byrds","ascension_level":20}