{"gold_per_floor":[20,33,43,43,8,41,56,84,108,120,120,132,143,175,187,274,286,314,342,368,380,411,423,469,167,167,201,201,226,237,251,251,329,329,347,347,396,396,216,241,259,285,285,319,336,367,384,86,86,86,86,86,86,27,54,54],"floor_reached":57,"playtime":3460,"items_purged":["Strike_R+1","Strike_R+1","Strike_R+1"],"score":3258,"play_id":"729ee82b-f5dd-4a44-8452-c30936de3917","local_time":"20190720021833","is_ascension_mode":true,"campfire_choices":[{"data":"Armaments","floor":11,"key":"SMITH"},{"data":"Feel No Pain","floor":15,"key":"SMITH"},{"data":"Armaments","floor":28,"key":"SMITH"},{"data":"Disarm","floor":32,"key":"SMITH"},{"floor":49,"key":"RECALL"},{"data":"Feel No Pain","floor":53,"key":"SMITH"}],"neow_cost":"NO_GOLD","seed_source_timestamp":62367538360252,"circlet_count":0,"master_deck":["AscendersBane","Strike_R+1","Strike_R+1","Defend_R+1","Defend_R+1","Defend_R+1","Defend_R+1","Bash","Cleave+1","Shrug It Off","Perfected Strike+1","Whirlwind","Clothesline","Armaments+1","Shockwave","Twin Strike","Feel No Pain+1","Feed","Shrug It Off","Armaments+1","Disarm+1","Corruption","Feed","Reaper","Sentinel","Seeing Red","Pummel","Juggernaut","Spot Weakness","Chrysalis","Heavy Blade+1","Corruption","Feel No Pain+1","Armaments+1","Heavy Blade","Inflame","Shrug It Off","Shockwave+1"],"relics":["Burning Blood","Pocketwatch","Ancient Tea Set","Red Skull","Anchor","MawBank","Snecko Eye","MutagenicStrength","Bottled Lightning","Bag of Marbles","Letter Opener","Coffee Dripper","Dead Branch","Potion Belt","Art of War","Shuriken","Pear","Centennial Puzzle","Bronze Scales","Unceasing Top"],"potions_floor_usage":[42],"damage_taken":[{"damage":4,"enemies":"Jaw Worm","floor":1,"turns":5},{"damage":10,"enemies":"2 Louse","floor":2,"turns":2},{"damage":0,"enemies":"Small Slimes","floor":3,"turns":2},{"damage":27,"enemies":"3 Sentries","floor":6,"turns":7},{"damage":3,"enemies":"Exordium Wildlife","floor":7,"turns":4},{"damage":27,"enemies":"Lagavulin","floor":8,"turns":7},{"damage":11,"enemies":"Large Slime","floor":10,"turns":4},{"damage":0,"enemies":"Red Slaver","floor":12,"turns":2},{"damage":0,"enemies":"Lots of Slimes","floor":13,"turns":1},{"damage":0,"enemies":"3 Sentries","floor":14,"turns":4},{"damage":8,"enemies":"The Guardian","floor":16,"turns":10},{"damage":25,"enemies":"Shell Parasite","floor":18,"turns":5},{"damage":5,"enemies":"Chosen","floor":19,"turns":6},{"damage":31,"enemies":"Shelled Parasite and Fungi","floor":20,"turns":7},{"damage":0,"enemies":"Sentry and Sphere","floor":22,"turns":3},{"damage":13,"enemies":"Slavers","floor":24,"turns":6},{"damage":0,"enemies":"Book of Stabbing","floor":27,"turns":4},{"damage":19,"enemies":"Gremlin Leader","floor":29,"turns":6},{"damage":0,"enemies":"Snecko","floor":30,"turns":5},{"damage":0,"enemies":"Centurion and Healer","floor":31,"turns":6},{"damage":55,"enemies":"Champ","floor":33,"turns":14},{"damage":0,"enemies":"3 Darklings","floor":35,"turns":6},{"damage":7,"enemies":"2 Orb Walkers","floor":37,"turns":5},{"damage":9,"enemies":"Giant Head","floor":40,"turns":4},{"damage":0,"enemies":"3 Shapes","floor":41,"turns":2},{"damage":18,"enemies":"Nemesis","floor":42,"turns":4},{"damage":7,"enemies":"Giant Head","floor":44,"turns":4},{"damage":0,"enemies":"Jaw Worm Horde","floor":45,"turns":3},{"damage":4,"enemies":"Reptomancer","floor":46,"turns":3},{"damage":10,"enemies":"Transient","floor":47,"turns":6},{"damage":38,"enemies":"Time Eater","floor":50,"turns":10},{"damage":19,"enemies":"Awakened One","floor":51,"turns":4},{"damage":27,"enemies":"Shield and Spear","floor":55,"turns":5},{"damage":45,"enemies":"The Heart","floor":56,"turns":7}],"seed_played":"-4152225453149923203","potions_obtained":[{"floor":3,"key":"Swift Potion"},{"floor":6,"key":"Energy Potion"},{"floor":42,"key":"SkillPotion"},{"floor":44,"key":"Poison Potion"},{"floor":45,"key":"Fire Potion"}],"is_trial":false,"path_per_floor":["M","M","M","?","?","E","M","E","T","M","R","M","M","E","R","B",null,"M","M","M","?","M","?","E","$","T","E","R","E","M","M","R","B",null,"M","?","?","?","$","E","M","E","T","E","M","E","M","$","R","B","B",null,"R","$","E","B",null],"character_chosen":"IRONCLAD","items_purchased":["Corruption","Feed","Corruption","Bronze Scales","Shrug It Off"],"campfire_rested":0,"item_purchase_floors":[25,25,39,48,54],"current_hp_per_floor":[70,66,72,49,67,46,49,28,28,23,23,29,35,41,41,39,66,51,56,34,34,44,44,40,40,40,49,49,51,67,81,81,41,96,105,95,102,102,102,114,120,111,111,123,132,137,139,139,139,107,123,141,141,141,124,89],"gold":54,"neow_bonus":"ONE_RARE_RELIC","is_prod":false,"is_daily":false,"chose_seed":false,"campfire_upgraded":5,"win_rate":0,"timestamp":1563581913,"path_taken":["M","M","M","?","?","E","M","E","T","M","R","M","M","E","R","BOSS","M","M","M","?","M","?","E","$","T","E","R","E","?","M","R","BOSS","M","?","?","?","$","E","M","E","T","E","M","E","M","$","R","BOSS","BOSS","R","$","E","BOSS"],"build_version":"2019-07-17","purchased_purges":3,"victory":true,"max_hp_per_floor":[75,75,75,75,75,75,75,75,75,75,75,75,75,75,75,75,75,79,83,86,86,90,90,93,93,93,96,96,99,103,111,111,114,114,117,117,121,121,121,121,121,124,124,137,140,143,143,143,143,143,147,147,147,147,151,155],"card_choices":[{"not_picked":["True Grit","Thunderclap"],"picked":"Cleave","floor":1},{"not_picked":["Reckless Charge","Havoc"],"picked":"Shrug It Off","floor":2},{"not_picked":["Intimidate","Sword Boomerang"],"picked":"Perfected Strike","floor":3},{"not_picked":["Shrug It Off","Clash"],"picked":"Whirlwind","floor":6},{"not_picked":["Burning Pact","Sever Soul"],"picked":"Clothesline","floor":7},{"not_picked":["Sword Boomerang","Warcry"],"picked":"Armaments","floor":8},{"not_picked":["Whirlwind","Iron Wave","Thunderclap"],"picked":"SKIP","floor":10},{"not_picked":["Sword Boomerang","Clothesline"],"picked":"Shockwave","floor":12},{"not_picked":["Thunderclap","Perfected Strike"],"picked":"Twin Strike","floor":13},{"not_picked":["Perfected Strike","Double Tap"],"picked":"Feel No Pain","floor":14},{"not_picked":["Reaper","Immolate"],"picked":"Feed","floor":16},{"not_picked":["Anger","Armaments","Power Through"],"picked":"SKIP","floor":18},{"not_picked":["Evolve","Blood for Blood"],"picked":"Shrug It Off","floor":19},{"not_picked":["Cleave","Burning Pact"],"picked":"Armaments","floor":20},{"not_picked":["Seeing Red+1","Uppercut","Battle Trance"],"picked":"SKIP","floor":22},{"not_picked":["Flame Barrier","Thunderclap"],"picked":"Disarm","floor":24},{"not_picked":["Headbutt","Clothesline"],"picked":"Reaper","floor":27},{"not_picked":["Shrug It Off","Carnage"],"picked":"Sentinel","floor":29},{"not_picked":["Thunderclap","Rage"],"picked":"Seeing Red","floor":30},{"not_picked":["Wild Strike","Warcry"],"picked":"Pummel","floor":31},{"not_picked":["Limit Break","Immolate"],"picked":"Juggernaut","floor":33},{"not_picked":["Cleave","Headbutt+1"],"picked":"Spot Weakness","floor":35},{"not_picked":["Mayhem","Secret Technique"],"picked":"Chrysalis","floor":36},{"not_picked":["Rupture+1","Sentinel"],"picked":"Heavy Blade+1","floor":37},{"not_picked":["Body Slam","Berserk"],"picked":"Feel No Pain","floor":40},{"not_picked":["True Grit","Ghostly Armor","Thunderclap"],"picked":"SKIP","floor":41},{"not_picked":["Blood for Blood","Combust"],"picked":"Armaments+1","floor":42},{"not_picked":["Flex+1","Wild Strike"],"picked":"Heavy Blade","floor":44},{"not_picked":["Havoc+1","Evolve+1","Cleave"],"picked":"SKIP","floor":45},{"not_picked":["Burning Pact+1","Clash"],"picked":"Inflame","floor":46},{"not_picked":["Sever Soul+1","Twin Strike","Fire Breathing+1"],"picked":"SKIP","floor":47},{"not_picked":["Sever Soul+1","Infernal Blade"],"picked":"Shockwave+1","floor":55}],"player_experience":1821802,"relics_obtained":[{"floor":6,"key":"Ancient Tea Set"},{"floor":8,"key":"Red Skull"},{"floor":9,"key":"Anchor"},{"floor":14,"key":"MawBank"},{"floor":24,"key":"Bottled Lightning"},{"floor":27,"key":"Bag of Marbles"},{"floor":29,"key":"Letter Opener"},{"floor":37,"key":"Dead Branch"},{"floor":40,"key":"Potion Belt"},{"floor":42,"key":"Art of War"},{"floor":43,"key":"Shuriken"},{"floor":44,"key":"Pear"},{"floor":46,"key":"Centennial Puzzle"},{"floor":55,"key":"Unceasing Top"}],"event_choices":[{"damage_healed":0,"gold_gain":0,"player_choice":"Entered Light","damage_taken":23,"max_hp_gain":0,"max_hp_loss":0,"event_name":"Shining Light","floor":4,"gold_loss":0,"cards_upgraded":["Cleave","Perfected Strike"]},{"damage_healed":18,"gold_gain":0,"player_choice":"Healed","damage_taken":0,"max_hp_gain":0,"max_hp_loss":0,"event_name":"The Cleric","floor":5,"gold_loss":35},{"damage_healed":0,"gold_gain":0,"player_choice":"Simplicity","damage_taken":0,"max_hp_gain":0,"max_hp_loss":0,"event_name":"Back to Basics","floor":21,"gold_loss":0,"cards_upgraded":["Strike_R","Strike_R","Strike_R","Strike_R","Strike_R","Defend_R","Defend_R","Defend_R","Defend_R"]},{"damage_healed":0,"gold_gain":0,"player_choice":"Inject Mutagens","damage_taken":0,"relics_obtained":["MutagenicStrength"],"max_hp_gain":0,"max_hp_loss":0,"event_name":"Drug Dealer","floor":23,"gold_loss":0},{"damage_healed":0,"gold_gain":0,"player_choice":"Memory 3","damage_taken":10,"max_hp_gain":0,"max_hp_loss":0,"event_name":"SensoryStone","floor":36,"gold_loss":0},{"damage_healed":0,"gold_gain":0,"player_choice":"Fight","damage_taken":0,"max_hp_gain":0,"max_hp_loss":0,"event_name":"Mysterious Sphere","floor":37,"gold_loss":0},{"damage_healed":0,"gold_gain":0,"player_choice":"Ignored","damage_taken":0,"max_hp_gain":0,"max_hp_loss":0,"event_name":"Tomb of Lord Red Mask","floor":38,"gold_loss":0}],"is_beta":false,"boss_relics":[{"not_picked":["Tiny House","Sozu"],"picked":"Snecko Eye"},{"not_picked":["Calling Bell","Black Blood"],"picked":"Coffee Dripper"}],"items_purged_floors":[25,39,48],"is_endless":false,"potions_floor_spawned":[3,6,8,10,14,19,20,27,29,31,33,42,44,45,46],"ascension_level":20}