{"gold_per_floor":[112,37,37,6,19,19,54,69,69,69,93,109,59,97,97,97],"floor_reached":16,"playtime":705,"items_purged":["Strike_G"],"score":149,"play_id":"358c0b9b-dac0-4c50-8b50-7ae25cdffa53","local_time":"20190812122724","is_ascension_mode":true,"campfire_choices":[{"floor":6,"key":"REST"},{"data":"Neutralize","floor":10,"key":"SMITH"},{"floor":15,"key":"REST"}],"neow_cost":"NONE","seed_source_timestamp":1954975142389900,"circlet_count":0,"master_deck":["Strike_G","Strike_G","Strike_G","Strike_G","Defend_G","Defend_G","Defend_G","Defend_G","Survivor","Neutralize+1","Bane","All Out Attack","Dagger Spray","Leg Sweep","Dash"],"relics":["Runic Dome","Golden Idol","Juzu Bracelet","Ancient Tea Set"],"potions_floor_usage":[16,16],"damage_taken":[{"damage":12,"enemies":"Jaw Worm","floor":1,"turns":4},{"damage":1,"enemies":"Small Slimes","floor":5,"turns":4},{"damage":12,"enemies":"3 Sentries","floor":7,"turns":8},{"damage":8,"enemies":"2 Louse","floor":8,"turns":2},{"damage":4,"enemies":"Large Slime","floor":11,"turns":7},{"damage":1,"enemies":"Looter","floor":12,"turns":3},{"damage":24,"enemies":"Gremlin Nob","floor":14,"turns":5},{"damage":33,"enemies":"Hexaghost","floor":16,"turns":12}],"seed_played":"1057180359813569389","potions_obtained":[{"floor":7,"key":"EssenceOfSteel"},{"floor":8,"key":"Poison Potion"},{"floor":11,"key":"GhostInAJar"},{"floor":12,"key":"Energy Potion"},{"floor":14,"key":"Fruit Juice"}],"is_trial":false,"path_per_floor":["M","$","?","?","M","R","E","M","T","R","M","M","?","E","R","B"],"character_chosen":"THE_SILENT","items_purchased":[],"campfire_rested":2,"item_purchase_floors":[],"current_hp_per_floor":[51,51,34,34,33,54,42,34,34,34,30,29,29,5,26,0],"gold":97,"neow_bonus":"BOSS_RELIC","is_prod":false,"is_daily":false,"chose_seed":false,"campfire_upgraded":1,"win_rate":0,"timestamp":1565584044,"path_taken":["M","$","?","?","M","R","E","M","T","R","M","M","?","E","R","BOSS"],"build_version":"2019-07-17","purchased_purges":1,"victory":false,"max_hp_per_floor":[70,70,70,70,70,70,70,70,70,70,70,70,70,70,70,75],"card_choices":[{"not_picked":["Sucker Punch","Deflect"],"picked":"Bane","floor":1},{"not_picked":["Outmaneuver","Deadly Poison"],"picked":"All Out Attack","floor":5},{"not_picked":["Sucker Punch","Well Laid Plans"],"picked":"Dagger Spray","floor":7},{"not_picked":["Well Laid Plans","Dodge and Roll"],"picked":"Leg Sweep","floor":8},{"not_picked":["Unload","Prepared","Blade Dance"],"picked":"SKIP","floor":11},{"not_picked":["Reflex","Sucker Punch","Dodge and Roll"],"picked":"SKIP","floor":12},{"not_picked":["Flying Knee","Quick Slash"],"picked":"Dash","floor":14}],"player_experience":288061,"relics_obtained":[{"floor":7,"key":"Juzu Bracelet"},{"floor":14,"key":"Ancient Tea Set"}],"event_choices":[{"damage_healed":0,"gold_gain":0,"player_choice":"Take Damage","damage_taken":17,"relics_obtained":["Golden Idol"],"max_hp_gain":0,"max_hp_loss":0,"event_name":"Golden Idol","floor":3,"gold_loss":0},{"damage_healed":0,"gold_gain":0,"player_choice":"Left Gold","damage_taken":0,"max_hp_gain":0,"max_hp_loss":0,"event_name":"World of Goop","floor":4,"gold_loss":31},{"cards_removed":["Defend_G"],"damage_healed":0,"gold_gain":0,"player_choice":"Card Removal","damage_taken":0,"max_hp_gain":0,"max_hp_loss":0,"event_name":"The Cleric","floor":13,"gold_loss":50}],"is_beta":false,"boss_relics":[],"items_purged_floors":[2],"is_endless":false,"potions_floor_spawned":[7,8,11,12,14],"killed_by":"Hexaghost","ascension_level":7}