{"path_per_floor":["M","$","M","?","M","E","R","E","T","?","?","M","R","E","R","B",null,"M","?","M","?","M","R","E","M","T","R","M","M"],"character_chosen":"THE_SILENT","items_purchased":["Infinite Blades"],"gold_per_floor":[109,27,40,40,51,79,79,110,137,137,103,118,118,152,152,255,255,255,255,255,170,170,170,170,170,170,170,170,170,170],"floor_reached":30,"campfire_rested":2,"playtime":1614,"item_purchase_floors":[2],"current_hp_per_floor":[63,63,58,58,55,37,37,22,22,22,22,24,24,26,47,30,60,53,53,22,22,35,35,30,14,14,35,16,14,0],"items_purged":[],"gold":170,"score":413,"play_id":"71bfc7a8-3b49-40f7-8c80-b802089641f2","local_time":"20180612223612","is_prod":false,"is_daily":false,"chose_seed":false,"is_ascension_mode":true,"campfire_upgraded":3,"win_rate":0,"timestamp":1528835772,"campfire_choices":[{"data":"Neutralize","floor":7,"key":"SMITH"},{"data":"After Image","floor":13,"key":"SMITH"},{"floor":15,"key":"REST"},{"data":"A Thousand Cuts","floor":23,"key":"SMITH"},{"floor":27,"key":"REST"}],"path_taken":["M","?","M","?","M","E","R","E","T","?","?","M","R","E","R","BOSS","M","?","M","?","?","R","E","M","T","R","M","?","E"],"build_version":"2018-06-11","seed_source_timestamp":43961796535628,"purchased_purges":0,"victory":false,"master_deck":["Defend_G","Defend_G","Defend_G","Defend_G","Defend_G","Strike_G","Strike_G","Strike_G","Strike_G","Strike_G","Survivor","Neutralize+1","Dagger Throw","Infinite Blades+1","Deadly Poison","Heel Hook","Flying Knee","Bane+1","After Image+1","Deadly Poison","Noxious Fumes","A Thousand Cuts+1","Heel Hook","Predator+1","Predator","Infinite Blades","Deflect+1","Underhanded Strike","Storm of Steel"],"max_hp_per_floor":[70,70,70,70,70,70,70,70,70,70,70,70,70,70,70,70,70,70,70,70,70,70,70,70,70,70,70,70,70,70],"special_seed":0,"relics":["Runic Dome","Omamori","Blood Vial","Tough Bandages","Ectoplasm","Nloth\u0027s Gift","Calipers","Old Coin","Pen Nib"],"card_choices":[{"not_picked":["Riddle With Holes","Finisher"],"picked":"Dagger Throw","floor":1},{"not_picked":["Setup","Dagger Spray"],"picked":"Deadly Poison","floor":3},{"not_picked":["Terror","Leg Sweep"],"picked":"Heel Hook","floor":5},{"not_picked":["Cloak And Dagger","Acrobatics"],"picked":"Flying Knee","floor":6},{"not_picked":["Dagger Throw","Poisoned Stab"],"picked":"Bane","floor":8},{"not_picked":["Caltrops","Dodge and Roll"],"picked":"After Image","floor":12},{"not_picked":["Outmaneuver","Prepared"],"picked":"Deadly Poison","floor":14},{"not_picked":["Deadly Poison","Backflip"],"picked":"Noxious Fumes","floor":15},{"not_picked":["Glass Knife","Grand Finale"],"picked":"A Thousand Cuts","floor":16},{"not_picked":["Deflect+1","Dodge and Roll"],"picked":"Heel Hook","floor":18},{"not_picked":["Distraction","Phantasmal Killer"],"picked":"Predator+1","floor":20},{"not_picked":["Heel Hook","Deadly Poison"],"picked":"Predator","floor":22},{"not_picked":["Cloak And Dagger+1","Distraction"],"picked":"Infinite Blades","floor":24},{"not_picked":["Predator","PiercingWail"],"picked":"Deflect+1","floor":25},{"not_picked":["Prepared","Quick Slash+1"],"picked":"Underhanded Strike","floor":28},{"not_picked":["Escape Plan","Night Terror"],"picked":"Storm of Steel","floor":29}],"player_experience":319549,"potions_floor_usage":[14,16,22,22,24],"damage_taken":[{"damage":0,"enemies":"Cultist","floor":1,"turns":5},{"damage":5,"enemies":"Jaw Worm","floor":3,"turns":5},{"damage":3,"enemies":"2 Louse","floor":5,"turns":3},{"damage":18,"enemies":"Gremlin Nob","floor":6,"turns":4},{"damage":15,"enemies":"Lagavulin","floor":8,"turns":6},{"damage":0,"enemies":"2 Fungi Beasts","floor":12,"turns":3},{"damage":0,"enemies":"3 Sentries","floor":14,"turns":6},{"damage":19,"enemies":"Slime Boss","floor":16,"turns":8},{"damage":9,"enemies":"3 Byrds","floor":18,"turns":4},{"damage":33,"enemies":"Chosen","floor":20,"turns":5},{"damage":4,"enemies":"Centurion and Healer","floor":22,"turns":6},{"damage":7,"enemies":"Gremlin Leader","floor":24,"turns":6},{"damage":18,"enemies":"Snake Plant","floor":25,"turns":4},{"damage":21,"enemies":"Slaver and Parasite","floor":28,"turns":5},{"damage":4,"enemies":"Snecko","floor":29,"turns":3},{"damage":21,"enemies":"Book of Stabbing","floor":30,"turns":4}],"relics_obtained":[{"floor":6,"key":"Omamori"},{"floor":8,"key":"Blood Vial"},{"floor":9,"key":"Dream Catcher"},{"floor":14,"key":"Tough Bandages"},{"floor":24,"key":"Old Coin"},{"floor":26,"key":"Pen Nib"}],"event_choices":[{"event_name":"Living Wall","player_choice":"Grow","floor":4,"damage_taken":0},{"event_name":"Upgrade Shrine","player_choice":"Upgraded","floor":10,"damage_taken":0},{"event_name":"World of Goop","player_choice":"Left","floor":11,"damage_taken":0},{"event_name":"N\u0027loth","player_choice":"Traded a Dream Catcher","floor":19,"damage_taken":0},{"event_name":"Addict","player_choice":"Obtained Relic","floor":21,"damage_taken":0}],"boss_relics":[{"not_picked":["Snecko Eye","Busted Crown"],"picked":"Ectoplasm"}],"items_purged_floors":[],"potions_floor_spawned":[5,8,18,20,22],"seed_played":"769808795724762407","killed_by":"Book of Stabbing","ascension_level":8,"potions_obtained":[{"floor":5,"key":"Explosive Potion"},{"floor":8,"key":"Swift Potion"},{"floor":18,"key":"Regen Potion"},{"floor":20,"key":"SkillPotion"},{"floor":22,"key":"SneckoOil"}],"is_trial":false}