{"gold_per_floor":[19,19,32,32,45,78,78,111,111,142,158,169,169,117,117,190,190,210,85,85,114,127,127,127,143,170,193,212,247,262,281,281,355,355,371,222,222,222,232,232],"floor_reached":40,"playtime":2349,"items_purged":["Strike_B"],"score":895,"play_id":"d2602418-77fd-4dca-8a64-a1ecfc23f3af","local_time":"20181129202000","is_ascension_mode":true,"campfire_choices":[{"data":"Tempest","floor":7.0,"key":"SMITH"},{"data":"Consume","floor":13.0,"key":"SMITH"},{"data":"Capacitor","floor":15.0,"key":"SMITH"},{"floor":23.0,"key":"REST"},{"floor":32,"key":"REST"}],"neow_cost":"NO_GOLD","seed_source_timestamp":0,"circlet_count":0,"master_deck":["AscendersBane","Strike_B","Strike_B","Strike_B","Defend_B+1","Defend_B","Defend_B","Defend_B","Zap","Dualcast","Core Surge","Lockon","Zap","Sunder","Lockon","Tempest+1","Capacitor+1","Consume+1","Chill","Cold Snap","Coolheaded","Turbo+1","Electrodynamics","FTL+1","Self Repair","Coolheaded","FTL","Defragment","Rainbow","Go for the Eyes+1","Recycle","Compile Driver","Fusion+1","Meteor Strike","Chill","Steam Power","Coolheaded","Seek","Self Repair","Barrage","Tempest","Mind Blast","Master of Strategy","Discovery"],"special_seed":0,"relics":["Cracked Core","Symbiotic Virus","Pen Nib","Incense Burner","Prayer Wheel","Mango","Inserter","Red Mask","Blood Vial","War Paint","Torii","Velvet Choker","Unceasing Top"],"potions_floor_usage":[24,28],"damage_taken":[{"damage":2.0,"enemies":"Jaw Worm","floor":1.0,"turns":3.0},{"damage":1.0,"enemies":"Cultist","floor":3.0,"turns":3.0},{"damage":0.0,"enemies":"Small Slimes","floor":5.0,"turns":2.0},{"damage":10.0,"enemies":"3 Sentries","floor":6.0,"turns":4.0},{"damage":6.0,"enemies":"Gremlin Nob","floor":8.0,"turns":3.0},{"damage":25.0,"enemies":"3 Sentries","floor":10.0,"turns":6.0},{"damage":13.0,"enemies":"Exordium Wildlife","floor":11.0,"turns":4.0},{"damage":3.0,"enemies":"Exordium Thugs","floor":12.0,"turns":3.0},{"damage":7.0,"enemies":"Hexaghost","floor":16.0,"turns":7.0},{"damage":9.0,"enemies":"Chosen","floor":18.0,"turns":4.0},{"damage":35.0,"enemies":"Masked Bandits","floor":21.0,"turns":3.0},{"damage":11.0,"enemies":"Spheric Guardian","floor":22.0,"turns":4.0},{"damage":0,"enemies":"Book of Stabbing","floor":24,"turns":1},{"damage":6,"enemies":"3 Cultists","floor":25,"turns":6},{"damage":9,"enemies":"Snecko","floor":28,"turns":5},{"damage":20,"enemies":"Gremlin Leader","floor":29,"turns":5},{"damage":23,"enemies":"Snake Plant","floor":30,"turns":4},{"damage":6,"enemies":"Centurion and Healer","floor":31,"turns":7},{"damage":3,"enemies":"Champ","floor":33,"turns":8},{"damage":0,"enemies":"3 Shapes","floor":35,"turns":5},{"damage":17,"enemies":"Orb Walker","floor":39,"turns":3},{"damage":95,"enemies":"Reptomancer","floor":40,"turns":5}],"seed_played":"6116871468922475955","potions_obtained":[{"floor":3.0,"key":"AttackPotion"},{"floor":6.0,"key":"SmokeBomb"},{"floor":10.0,"key":"SteroidPotion"},{"floor":12.0,"key":"Strength Potion"},{"floor":22.0,"key":"SteroidPotion"},{"floor":25,"key":"Swift Potion"},{"floor":28,"key":"Dexterity Potion"}],"is_trial":false,"path_per_floor":["M","?","M","T","M","E","R","E","T","E","M","M","R","$","R","B",null,"M","$","?","?","M","R","E","M","T","T","M","E","M","M","R","B",null,"M","$","?","?","M","E"],"character_chosen":"DEFECT","items_purchased":["Turbo","Coolheaded","Tempest","Mind Blast"],"campfire_rested":2,"item_purchase_floors":[14,19,36,36],"current_hp_per_floor":[62,62,61,61,61,51,51,45,45,34,21,18,18,18,18,11,67,58,58,58,23,19,44,44,45,45,45,45,27,6,9,34,33,72,81,81,71,71,63,0],"gold":232,"neow_bonus":"THREE_RARE_CARDS","is_prod":false,"is_daily":false,"chose_seed":false,"campfire_upgraded":3,"win_rate":0,"timestamp":1543519200,"path_taken":["M","?","?","?","M","E","R","E","T","E","M","M","R","?","R","BOSS","M","$","?","?","?","R","E","M","T","?","M","E","M","M","R","BOSS","M","$","?","?","?","E"],"build_version":"2018-11-15","purchased_purges":1,"victory":false,"max_hp_per_floor":[71,71,71,71,71,71,71,71,71,85,85,85,85,85,85,85,85,85,85,85,85,85,85,85,85,85,85,85,85,85,85,85,85,85,85,85,85,85,85,85],"card_choices":[{"not_picked":["Multi-Cast","Buffer"],"picked":"Core Surge","floor":0.0},{"not_picked":["Gash","Conserve Battery"],"picked":"Lockon","floor":1.0},{"not_picked":["Melter","Scrape"],"picked":"Sunder","floor":3.0},{"not_picked":["Stack","Genetic Algorithm"],"picked":"Lockon","floor":5.0},{"not_picked":["White Noise","Genetic Algorithm"],"picked":"Tempest","floor":6.0},{"not_picked":["Melter","Blizzard"],"picked":"Sunder","floor":8.0},{"not_picked":["Force Field","Blizzard"],"picked":"Capacitor","floor":10.0},{"not_picked":["Rebound","Stack"],"picked":"Consume","floor":11.0},{"not_picked":["Go for the Eyes","Multi-Cast"],"picked":"Chill","floor":11.0},{"not_picked":["Consume","Steam"],"picked":"Cold Snap","floor":12.0},{"not_picked":["Steam","Rip and Tear"],"picked":"Coolheaded","floor":12.0},{"not_picked":["Fission","Seek"],"picked":"Electrodynamics","floor":16.0},{"not_picked":["Storm","Steam Power+1"],"picked":"FTL+1","floor":18.0},{"not_picked":["Cold Snap","Streamline"],"picked":"Self Repair","floor":18.0},{"not_picked":["Fusion+1","Barrage"],"picked":"FTL","floor":21.0},{"not_picked":["Auto Shields","Leap"],"picked":"Defragment","floor":22.0},{"not_picked":["Redo","Turbo"],"picked":"Rainbow","floor":22.0},{"not_picked":["Loop","Redo"],"picked":"Go for the Eyes+1","floor":25},{"not_picked":["Heatsinks+1","Streamline","Conserve Battery"],"picked":"SKIP","floor":25},{"not_picked":["Steam","Go for the Eyes"],"picked":"Recycle","floor":28},{"not_picked":["Barrage","Scrape"],"picked":"Compile Driver","floor":28},{"not_picked":["Aggregate","Rebound"],"picked":"Fusion+1","floor":29},{"not_picked":["Cold Snap+1","BootSequence"],"picked":"Meteor Strike","floor":30},{"not_picked":["Ball Lightning","Reprogram"],"picked":"Chill","floor":30},{"not_picked":["Turbo","Recycle"],"picked":"Steam Power","floor":31},{"not_picked":["Streamline","Scrape"],"picked":"Coolheaded","floor":31},{"not_picked":["Core Surge","Rainbow"],"picked":"Seek","floor":33},{"not_picked":["Redo","Leap+1"],"picked":"Self Repair","floor":35},{"not_picked":["Streamline","Cold Snap"],"picked":"Barrage","floor":35},{"not_picked":["Purity","Flash of Steel"],"picked":"Master of Strategy","floor":37},{"not_picked":["Forethought","Blind"],"picked":"Discovery","floor":37},{"not_picked":["Chill","BootSequence","Coolheaded"],"picked":"SKIP","floor":39},{"not_picked":["Go for the Eyes","Lockon+1","Beam Cell+1"],"picked":"SKIP","floor":39}],"player_experience":917704,"relics_obtained":[{"floor":4.0,"key":"Symbiotic Virus"},{"floor":6.0,"key":"Pen Nib"},{"floor":8.0,"key":"Incense Burner"},{"floor":9.0,"key":"Prayer Wheel"},{"floor":10.0,"key":"Mango"},{"floor":21.0,"key":"Red Mask"},{"floor":26,"key":"Blood Vial"},{"floor":27,"key":"War Paint"},{"floor":29,"key":"Torii"}],"event_choices":[{"damage_healed":0.0,"max_hp_gain":0.0,"max_hp_loss":0.0,"gold_gain":0.0,"event_name":"Match and Keep!","player_choice":"1 cards matched","floor":2.0,"gold_loss":0.0,"damage_taken":0.0,"cards_obtained":["Zap"]},{"damage_healed":0.0,"max_hp_gain":0.0,"max_hp_loss":0.0,"gold_gain":0.0,"event_name":"Ghosts","player_choice":"Ignored","floor":20.0,"gold_loss":0.0,"damage_taken":0.0},{"damage_healed":0.0,"max_hp_gain":0.0,"max_hp_loss":0.0,"gold_gain":0.0,"event_name":"Masked Bandits","player_choice":"Fought Bandits","floor":21.0,"gold_loss":0.0,"damage_taken":0.0},{"damage_healed":0,"gold_gain":0,"player_choice":"Memory 3","damage_taken":10,"max_hp_gain":0,"max_hp_loss":0,"event_name":"SensoryStone","floor":37,"gold_loss":0},{"cards_removed":["Sunder"],"damage_healed":0,"gold_gain":0,"player_choice":"Gave Card","damage_taken":0,"relics_obtained":["Unceasing Top"],"max_hp_gain":0,"max_hp_loss":0,"event_name":"WeMeetAgain","floor":38,"gold_loss":0}],"is_beta":true,"boss_relics":[{"not_picked":["Lizard Tail","Calling Bell"],"picked":"Inserter"},{"not_picked":["Empty Cage","Orrery"],"picked":"Velvet Choker"}],"items_purged_floors":[19],"is_endless":false,"potions_floor_spawned":[3,6,10,12,22,25,28,33],"killed_by":"Reptomancer","ascension_level":19}