{"gold_per_floor":[116,9,29,104,114,145,145,180,180,180,191,222,222,239,239,317,317,332,363,375,387,398,398,408,408,408,408,67,67],"floor_reached":29,"playtime":1164,"items_purged":[],"score":453,"play_id":"6f0fb49a-fd61-442a-8822-d1ba18e02f87","local_time":"20181117232155","is_ascension_mode":true,"campfire_choices":[{"data":"Clothesline","floor":7,"key":"SMITH"},{"floor":10,"key":"REST"},{"data":"Dual Wield","floor":15,"key":"SMITH"},{"floor":23,"key":"RECALL"},{"data":"Flame Barrier","floor":27,"key":"SMITH"}],"neow_cost":"NONE","seed_source_timestamp":49541818613777,"circlet_count":0,"master_deck":["AscendersBane","Strike_R","Strike_R","Strike_R","Strike_R","Strike_R","Defend_R","Defend_R","Defend_R","Defend_R","Bash","Pommel Strike","Anger","Rampage","Carnage","Clothesline+1","Shrug It Off","Reaper","Dual Wield+1","Thunderclap","Rage","Juggernaut","Sword Boomerang","Pummel","Corruption","Twin Strike+1","Flame Barrier+1","Infernal Blade"],"relics":["Burning Blood","Bag of Marbles","Champion Belt","Shuriken","Turnip","Oddly Smooth Stone","Coffee Dripper","Red Mask","SsserpentHead","Ancient Tea Set","FossilizedHelix"],"potions_floor_usage":[12,22],"damage_taken":[{"damage":7,"enemies":"Cultist","floor":1,"turns":4},{"damage":7,"enemies":"Small Slimes","floor":3,"turns":3},{"damage":7,"enemies":"Jaw Worm","floor":5,"turns":3},{"damage":40,"enemies":"3 Sentries","floor":6,"turns":7},{"damage":17,"enemies":"Lagavulin","floor":8,"turns":5},{"damage":3,"enemies":"Blue Slaver","floor":11,"turns":3},{"damage":12,"enemies":"3 Sentries","floor":12,"turns":6},{"damage":4,"enemies":"Lots of Slimes","floor":14,"turns":2},{"damage":48,"enemies":"Hexaghost","floor":16,"turns":10},{"damage":14,"enemies":"Chosen","floor":18,"turns":4},{"damage":20,"enemies":"Masked Bandits","floor":19,"turns":4},{"damage":12,"enemies":"Spheric Guardian","floor":20,"turns":4},{"damage":13,"enemies":"Centurion and Healer","floor":21,"turns":6},{"damage":31,"enemies":"Cultist and Chosen","floor":22,"turns":5},{"damage":20,"enemies":"Chosen and Byrds","floor":24,"turns":7},{"damage":34,"enemies":"Book of Stabbing","floor":29,"turns":4}],"seed_played":"8802728608323195551","potions_obtained":[{"floor":1,"key":"Strength Potion"},{"floor":6,"key":"Dexterity Potion"},{"floor":12,"key":"Fire Potion"},{"floor":22,"key":"Fire Potion"}],"is_trial":false,"path_per_floor":["M","$","M","?","M","E","R","E","T","R","M","E","?","M","R","B",null,"M","?","M","M","M","R","M","?","T","R","$","E"],"character_chosen":"IRONCLAD","items_purchased":["Anger","Rampage","FossilizedHelix"],"campfire_rested":1,"item_purchase_floors":[2,2,28],"current_hp_per_floor":[74,74,73,62,61,27,27,16,16,40,43,52,34,61,61,19,66,65,56,50,43,30,30,28,28,28,28,28,0],"gold":67,"neow_bonus":"TEN_PERCENT_HP_BONUS","is_prod":false,"is_daily":false,"chose_seed":false,"campfire_upgraded":3,"win_rate":0,"timestamp":1542493315,"path_taken":["M","$","M","?","M","E","R","E","T","R","M","E","?","M","R","BOSS","M","?","M","M","M","R","M","?","T","R","$","E"],"build_version":"2018-11-15","purchased_purges":0,"victory":false,"max_hp_per_floor":[82,82,82,82,82,82,82,82,82,82,82,82,82,82,82,82,82,82,82,82,82,82,82,82,82,82,82,82,82],"card_choices":[{"not_picked":["Dual Wield","Fire Breathing"],"picked":"Pommel Strike","floor":1},{"not_picked":["Warcry","Disarm"],"picked":"Carnage","floor":3},{"not_picked":["Havoc","Reckless Charge"],"picked":"Clothesline","floor":5},{"not_picked":["Double Tap","Heavy Blade"],"picked":"Shrug It Off","floor":6},{"not_picked":["Burning Pact","Evolve"],"picked":"Reaper","floor":8},{"not_picked":["Clash","Pommel Strike"],"picked":"Dual Wield","floor":11},{"not_picked":["Pommel Strike","Reckless Charge"],"picked":"Thunderclap","floor":12},{"not_picked":["Body Slam","Hemokinesis"],"picked":"Rage","floor":14},{"not_picked":["Barricade","Exhume"],"picked":"Juggernaut","floor":16},{"not_picked":["Intimidate","Warcry+1"],"picked":"Sword Boomerang","floor":18},{"not_picked":["Burning Pact","Thunderclap"],"picked":"Pummel","floor":19},{"not_picked":["Clash","Entrench"],"picked":"Corruption","floor":20},{"not_picked":["Pummel","Havoc"],"picked":"Twin Strike+1","floor":21},{"not_picked":["Twin Strike","Anger"],"picked":"Flame Barrier","floor":22},{"not_picked":["Sword Boomerang","Seeing Red"],"picked":"Infernal Blade","floor":24}],"player_experience":834944,"relics_obtained":[{"floor":6,"key":"Bag of Marbles"},{"floor":8,"key":"Champion Belt"},{"floor":9,"key":"Shuriken"},{"floor":12,"key":"Turnip"},{"floor":19,"key":"Red Mask"},{"floor":26,"key":"Ancient Tea Set"}],"event_choices":[{"damage_healed":0,"gold_gain":75,"player_choice":"Gather Gold","damage_taken":11,"max_hp_gain":0,"max_hp_loss":0,"event_name":"World of Goop","floor":4,"gold_loss":0},{"damage_healed":0,"gold_gain":0,"player_choice":"Success","damage_taken":18,"relics_obtained":["Oddly Smooth Stone"],"max_hp_gain":0,"max_hp_loss":0,"event_name":"Scrap Ooze","floor":13,"gold_loss":0},{"damage_healed":0,"gold_gain":0,"player_choice":"Fought Bandits","damage_taken":0,"max_hp_gain":0,"max_hp_loss":0,"event_name":"Masked Bandits","floor":19,"gold_loss":0},{"damage_healed":0,"gold_gain":0,"player_choice":"Trade","damage_taken":0,"relics_obtained":["SsserpentHead"],"max_hp_gain":0,"max_hp_loss":0,"event_name":"FaceTrader","floor":25,"gold_loss":0}],"is_beta":true,"boss_relics":[{"not_picked":["Black Blood","Eternal Feather"],"picked":"Coffee Dripper"}],"items_purged_floors":[],"is_endless":false,"potions_floor_spawned":[1,6,12,16,21,22,24],"killed_by":"Book of Stabbing","ascension_level":17}