{"gold_per_floor":[119,119,134,134,59,59,89,65,90,115,133,149,149,174,174,248,248,264,264,23,38,49,74,87,87,165,195,210,242,242,25,25,97,97,116,116,16,35,435,435,464,464,464,464,482,509,509,542,542,542],"floor_reached":50,"playtime":2421,"items_purged":["Strike_B","Normality","Decay"],"score":1170,"play_id":"4eede934-c6a6-46ea-8ae0-4b2192b753db","local_time":"20190509194452","is_ascension_mode":true,"campfire_choices":[{"data":"Zap","floor":6.0,"key":"SMITH"},{"data":"Reinforced Body","floor":15.0,"key":"SMITH"},{"floor":25.0,"key":"REST"},{"floor":32.0,"key":"REST"},{"data":"Fission","floor":40.0,"key":"SMITH"},{"data":"Darkness","floor":42.0,"key":"SMITH"},{"data":"Normality","floor":47.0,"key":"PURGE"},{"floor":49.0,"key":"RECALL"}],"neow_cost":"NONE","seed_source_timestamp":0,"circlet_count":0,"master_deck":["AscendersBane","Defend_B+1","Defend_B","Defend_B","Zap+1","Dualcast","Doom and Gloom+1","Coolheaded+1","White Noise","Ball Lightning","Reinforced Body+1","Undo","FTL","Darkness+1","Ball Lightning","Streamline","Hologram","Glacier","Fission+1","Self Repair","Heatsinks+1","Capacitor+1","Coolheaded","Creative AI+1","Glacier","All For One","Biased Cognition+1","Consume+1"],"special_seed":0,"relics":["FrozenCore","NeowsBlessing","Mummified Hand","PreservedInsect","Potion Belt","Regal Pillow","Cursed Key","Mercury Hourglass","The Courier","Frozen Egg 2","Pen Nib","Pantograph","Old Coin","Peace Pipe","Kunai"],"potions_floor_usage":[],"damage_taken":[{"damage":0.0,"enemies":"Jaw Worm","floor":1.0,"turns":1.0},{"damage":0.0,"enemies":"2 Louse","floor":3.0,"turns":1.0},{"damage":0.0,"enemies":"Lagavulin","floor":7.0,"turns":1.0},{"damage":9.0,"enemies":"Gremlin Nob","floor":10.0,"turns":3.0},{"damage":0.0,"enemies":"Cultist","floor":11.0,"turns":2.0},{"damage":0.0,"enemies":"Large Slime","floor":12.0,"turns":4.0},{"damage":0.0,"enemies":"3 Sentries","floor":14.0,"turns":4.0},{"damage":8.0,"enemies":"Hexaghost","floor":16.0,"turns":9.0},{"damage":0.0,"enemies":"Shell Parasite","floor":18.0,"turns":4.0},{"damage":2.0,"enemies":"2 Thieves","floor":21.0,"turns":3.0},{"damage":10.0,"enemies":"Snecko","floor":22.0,"turns":4.0},{"damage":19.0,"enemies":"Book of Stabbing","floor":23.0,"turns":4.0},{"damage":0.0,"enemies":"Chosen and Byrds","floor":24.0,"turns":4.0},{"damage":22.0,"enemies":"Slavers","floor":27.0,"turns":4.0},{"damage":40.0,"enemies":"Cultist and Chosen","floor":28.0,"turns":6.0},{"damage":21.0,"enemies":"Book of Stabbing","floor":29.0,"turns":6.0},{"damage":43.0,"enemies":"Automaton","floor":33.0,"turns":10.0},{"damage":3.0,"enemies":"3 Shapes","floor":35.0,"turns":3.0},{"damage":0.0,"enemies":"Orb Walker","floor":38.0,"turns":4.0},{"damage":0.0,"enemies":"Mind Bloom Boss Battle","floor":39.0,"turns":5.0},{"damage":8.0,"enemies":"Giant Head","floor":41.0,"turns":7.0},{"damage":24.0,"enemies":"Sphere and 2 Shapes","floor":45.0,"turns":7.0},{"damage":30.0,"enemies":"Nemesis","floor":46.0,"turns":7.0},{"damage":6.0,"enemies":"Reptomancer","floor":48.0,"turns":3.0},{"damage":0,"enemies":"Time Eater","floor":50,"turns":1}],"seed_played":"-7397485796745586210","potions_obtained":[{"floor":3.0,"key":"FairyPotion"},{"floor":10.0,"key":"FairyPotion"},{"floor":14.0,"key":"LiquidBronze"},{"floor":16.0,"key":"LiquidBronze"},{"floor":18.0,"key":"EssenceOfSteel"},{"floor":22.0,"key":"Block Potion"},{"floor":29.0,"key":"Swift Potion"},{"floor":33.0,"key":"Block Potion"},{"floor":48.0,"key":"Ancient Potion"}],"is_trial":false,"path_per_floor":["M","?","M","?","$","R","E","$","T","E","M","M","?","E","R","B",null,"M","?","$","M","M","E","M","R","T","E","M","E","?","$","R","B",null,"M","?","$","M","?","R","E","R","T","?","M","E","R","E","R","B"],"character_chosen":"DEFECT","items_purchased":["Ball Lightning","Mercury Hourglass","Heatsinks+1","Capacitor+1","Coolheaded"],"campfire_rested":2,"item_purchase_floors":[8,20,31,31,31],"current_hp_per_floor":[64,64,64,57,57,57,57,57,57,48,48,48,27,27,27,19,58,58,58,58,56,46,27,27,63,63,48,15,12,12,12,48,35,62,66,66,66,71,71,71,70,70,70,70,53,30,30,31,31,56],"gold":542,"neow_bonus":"THREE_ENEMY_KILL","is_prod":false,"is_daily":false,"chose_seed":false,"campfire_upgraded":4,"win_rate":0,"timestamp":1557423892,"path_taken":["M","?","M","?","$","R","E","?","T","E","M","M","?","E","R","BOSS","M","?","$","M","M","E","M","R","T","E","M","E","?","$","R","BOSS","M","?","$","M","?","R","E","R","T","?","?","E","R","E","R","BOSS"],"build_version":"2019-01-23","purchased_purges":3,"victory":false,"max_hp_per_floor":[71,71,71,71,71,71,71,71,71,71,71,71,71,71,71,71,71,71,71,71,71,71,71,71,71,71,71,71,71,71,71,71,71,71,71,71,71,71,71,71,71,71,71,71,71,71,71,71,71,71],"card_choices":[{"not_picked":["Sweeping Beam","Redo"],"picked":"Doom and Gloom","floor":1.0},{"not_picked":["Leap","Hologram"],"picked":"Coolheaded","floor":3.0},{"not_picked":["Sweeping Beam","Streamline"],"picked":"White Noise","floor":7.0},{"not_picked":["Tempest","Reprogram","Rip and Tear"],"picked":"SKIP","floor":10.0},{"not_picked":["Sweeping Beam","Leap"],"picked":"Reinforced Body","floor":11.0},{"not_picked":["Consume","Cold Snap"],"picked":"Undo","floor":12.0},{"not_picked":["Machine Learning","Stack"],"picked":"FTL","floor":14.0},{"not_picked":["Redo","Self Repair"],"picked":"Darkness","floor":18.0},{"not_picked":["Stack","Gash"],"picked":"Hologram","floor":21.0},{"not_picked":["Stack","Static Discharge+1"],"picked":"Glacier","floor":22.0},{"not_picked":["Reprogram","Genetic Algorithm"],"picked":"Fission","floor":23.0},{"not_picked":["Turbo","Static Discharge"],"picked":"Self Repair","floor":24.0},{"not_picked":["Turbo","Hello World+1","Redo"],"picked":"SKIP","floor":27.0},{"not_picked":["Rebound","Double Energy","Steam"],"picked":"SKIP","floor":28.0},{"not_picked":["Leap+1","Double Energy","Amplify"],"picked":"SKIP","floor":29.0},{"not_picked":["Multi-Cast","Fission"],"picked":"Creative AI+1","floor":33.0},{"not_picked":["Redo","Lockon","Aggregate"],"picked":"SKIP","floor":35.0},{"not_picked":["Reprogram","Melter","Streamline"],"picked":"SKIP","floor":38.0},{"not_picked":["Beam Cell","Meteor Strike"],"picked":"Glacier","floor":41.0},{"not_picked":["Tempest","Auto Shields+1","Sweeping Beam"],"picked":"SKIP","floor":45.0},{"not_picked":["Lockon","Electrodynamics+1"],"picked":"Biased Cognition+1","floor":46.0},{"not_picked":["Chaos","Capacitor+1"],"picked":"Consume+1","floor":48.0}],"player_experience":1676750,"relics_obtained":[{"floor":7.0,"key":"Mummified Hand"},{"floor":9.0,"key":"PreservedInsect"},{"floor":10.0,"key":"Potion Belt"},{"floor":14.0,"key":"Regal Pillow"},{"floor":23.0,"key":"The Courier"},{"floor":26.0,"key":"Frozen Egg 2"},{"floor":27.0,"key":"Pen Nib"},{"floor":29.0,"key":"Pantograph"},{"floor":39.0,"key":"Old Coin"},{"floor":41.0,"key":"Peace Pipe"},{"floor":48.0,"key":"Kunai"}],"event_choices":[{"damage_healed":0.0,"max_hp_gain":0.0,"max_hp_loss":0.0,"gold_gain":0.0,"event_name":"Living Wall","player_choice":"Grow","floor":2.0,"gold_loss":0.0,"damage_taken":0.0,"cards_upgraded":["Doom and Gloom"]},{"cards_removed":["Strike_B"],"damage_healed":0.0,"max_hp_gain":0.0,"max_hp_loss":0.0,"gold_gain":0.0,"event_name":"Golden Wing","player_choice":"Card Removal","floor":4.0,"gold_loss":0.0,"damage_taken":7.0},{"damage_healed":0.0,"max_hp_gain":0.0,"max_hp_loss":0.0,"gold_gain":0.0,"event_name":"Shining Light","player_choice":"Entered Light","floor":13.0,"gold_loss":0.0,"damage_taken":21.0,"cards_upgraded":["Coolheaded","Defend_B"]},{"damage_healed":0.0,"max_hp_gain":0.0,"max_hp_loss":0.0,"gold_gain":0.0,"cards_transformed":["Strike_B","Strike_B"],"event_name":"Drug Dealer","player_choice":"Became Test Subject","floor":19.0,"gold_loss":0.0,"damage_taken":0.0,"cards_obtained":["Ball Lightning","Streamline"]},{"damage_healed":0.0,"max_hp_gain":0.0,"max_hp_loss":0.0,"gold_gain":0.0,"event_name":"Forgotten Altar","player_choice":"Smashed Altar","floor":30.0,"gold_loss":0.0,"damage_taken":0.0,"cards_obtained":["Decay"]},{"damage_healed":0.0,"max_hp_gain":0.0,"max_hp_loss":0.0,"gold_gain":0.0,"event_name":"Tomb of Lord Red Mask","player_choice":"Ignored","floor":36.0,"gold_loss":0.0,"damage_taken":0.0},{"damage_healed":0.0,"max_hp_gain":0.0,"max_hp_loss":0.0,"gold_gain":0.0,"event_name":"MindBloom","player_choice":"Fight","floor":39.0,"gold_loss":0.0,"damage_taken":0.0},{"damage_healed":0.0,"max_hp_gain":0.0,"max_hp_loss":0.0,"gold_gain":0.0,"cards_transformed":["Defend_B"],"event_name":"Transmorgrifier","player_choice":"Transformed","floor":44.0,"gold_loss":0.0,"damage_taken":0.0,"cards_obtained":["All For One"]}],"is_beta":false,"boss_relics":[{"not_picked":["Velvet Choker","Coffee Dripper"],"picked":"Cursed Key"},{"not_picked":["Pandora\u0027s Box","White Beast Statue"],"picked":"FrozenCore"}],"items_purged_floors":[5,31,37],"is_endless":false,"potions_floor_spawned":[3,10,14,16,18,22,24,27,29,33,39,45,48],"killed_by":"Time Eater","ascension_level":15}