{"gold_per_floor":[213,231,156,172,172,172,206,206,206,206],"floor_reached":10,"playtime":939,"items_purged":[],"score":122,"play_id":"63e7d562-64f6-47f3-9e24-cbcdf5c6ab84","local_time":"20181206130139","is_ascension_mode":true,"campfire_choices":[{"data":"Neutralize","floor":6,"key":"SMITH"},{"data":"Wraith Form v2","floor":8,"key":"SMITH"}],"neow_cost":"NONE","seed_source_timestamp":9900789279271,"circlet_count":0,"master_deck":["AscendersBane","Defend_G","Defend_G","Defend_G","Defend_G","Defend_G","Strike_G","Strike_G","Strike_G","Strike_G","Survivor","Neutralize+1","Endless Agony","Wraith Form v2+1","Catalyst","Quick Slash"],"relics":["Ring of the Snake","Frozen Egg 2","Ninja Scroll"],"potions_floor_usage":[],"damage_taken":[{"damage":1,"enemies":"2 Louse","floor":1,"turns":3},{"damage":2,"enemies":"Jaw Worm","floor":2,"turns":4},{"damage":1,"enemies":"Small Slimes","floor":4,"turns":4},{"damage":42,"enemies":"3 Sentries","floor":7,"turns":15},{"damage":29,"enemies":"Gremlin Nob","floor":10,"turns":6}],"seed_played":"1614581824908263557","potions_obtained":[{"floor":2,"key":"Weak Potion"}],"is_trial":false,"path_per_floor":["M","M","?","M","?","R","E","R","T","E"],"character_chosen":"THE_SILENT","items_purchased":[],"campfire_rested":0,"item_purchase_floors":[],"current_hp_per_floor":[58,56,56,55,60,60,18,18,18,0],"gold":206,"neow_bonus":"HUNDRED_GOLD","is_prod":false,"is_daily":false,"chose_seed":false,"campfire_upgraded":2,"win_rate":0,"timestamp":1544097699,"path_taken":["M","M","?","M","?","R","E","R","T","E"],"build_version":"2018-12-06","purchased_purges":0,"victory":false,"max_hp_per_floor":[66,66,66,66,71,71,71,71,71,71],"card_choices":[{"not_picked":["Cloak And Dagger","Bane"],"picked":"Endless Agony","floor":1},{"not_picked":["Bane","Sucker Punch"],"picked":"Wraith Form v2","floor":2},{"not_picked":["Tactician","Dodge and Roll"],"picked":"Catalyst","floor":4},{"not_picked":["Doppelganger","Terror"],"picked":"Quick Slash","floor":7}],"player_experience":962970,"relics_obtained":[{"floor":7,"key":"Frozen Egg 2"},{"floor":9,"key":"Ninja Scroll"}],"event_choices":[{"cards_removed":["Strike_G"],"damage_healed":0,"gold_gain":0,"player_choice":"Card Removal","damage_taken":0,"max_hp_gain":0,"max_hp_loss":0,"event_name":"The Cleric","floor":3,"gold_loss":75},{"damage_healed":0,"gold_gain":0,"player_choice":"Donut","damage_taken":0,"max_hp_gain":5,"max_hp_loss":0,"event_name":"Big Fish","floor":5,"gold_loss":0}],"is_beta":true,"boss_relics":[],"items_purged_floors":[],"is_endless":false,"potions_floor_spawned":[2],"killed_by":"Gremlin Nob","ascension_level":17}