{"gold_per_floor":[116,116,20,39,54,89,89,121,121,121,151,151,170,245,245,346,346,358,432,432,156,168,200,200,231,279,295,328,328,23,38,38,142,192,203,203,222,242,43,72,72,72,126,146,146,158,52,85,85,85],"floor_reached":50,"playtime":3824,"items_purged":["Strike_R"],"score":776,"play_id":"96862ed5-c79b-4dd5-9dac-e0c0524bb1dd","local_time":"20190326102318","is_ascension_mode":true,"campfire_choices":[{"data":"Armaments","floor":7,"key":"SMITH"},{"data":"Whirlwind","floor":10,"key":"SMITH"},{"data":"Bash","floor":12,"key":"SMITH"},{"data":"Searing Blow","floor":15,"key":"SMITH"},{"data":"Armaments","floor":24,"key":"SMITH"},{"floor":32,"key":"REST"},{"data":"Barricade","floor":42,"key":"SMITH"},{"data":"1","floor":45,"key":"LIFT"},{"floor":49,"key":"REST"}],"neow_cost":"NONE","seed_source_timestamp":80460403093142,"circlet_count":0,"master_deck":["Strike_R","Strike_R","Strike_R","Defend_R","Defend_R","Defend_R","Defend_R","Bash+1","Dark Embrace","Flex","Armaments+1","Feel No Pain","Pummel","Spot Weakness","Searing Blow+1","Whirlwind+1","Fiend Fire","Metallicize","Limit Break+1","Thunderclap","Armaments+1","Inflame","Limit Break","Barricade+1","Heavy Blade+1","Metallicize","Disarm+1","Rage","Metallicize","Pummel"],"relics":["Burning Blood","Incense Burner","Torii","Pear","Champion Belt","Meat on the Bone","Sozu","Sundial","Ginger","Girya","Blood Vial","Orichalcum","Boot","Turnip","Tiny House","Lee\u0027s Waffle","Oddly Smooth Stone","Omamori","Unceasing Top"],"potions_floor_usage":[6,8,11,25],"damage_taken":[{"damage":9,"enemies":"Jaw Worm","floor":1,"turns":3},{"damage":0,"enemies":"Small Slimes","floor":4,"turns":5},{"damage":1,"enemies":"Cultist","floor":5,"turns":4},{"damage":19,"enemies":"Gremlin Nob","floor":6,"turns":4},{"damage":31,"enemies":"3 Sentries","floor":8,"turns":8},{"damage":2,"enemies":"Lagavulin","floor":11,"turns":6},{"damage":1,"enemies":"2 Fungi Beasts","floor":13,"turns":2},{"damage":17,"enemies":"The Guardian","floor":16,"turns":12},{"damage":23,"enemies":"Shell Parasite","floor":18,"turns":5},{"damage":12,"enemies":"Spheric Guardian","floor":22,"turns":4},{"damage":21,"enemies":"Book of Stabbing","floor":23,"turns":5},{"damage":21,"enemies":"Gremlin Leader","floor":25,"turns":8},{"damage":21,"enemies":"Centurion and Healer","floor":27,"turns":3},{"damage":37,"enemies":"Slavers","floor":28,"turns":6},{"damage":22,"enemies":"Shelled Parasite and Fungi","floor":31,"turns":6},{"damage":48,"enemies":"Champ","floor":33,"turns":10},{"damage":30,"enemies":"3 Shapes","floor":35,"turns":6},{"damage":14,"enemies":"3 Darklings","floor":37,"turns":6},{"damage":10,"enemies":"Maw","floor":38,"turns":6},{"damage":9,"enemies":"Nemesis","floor":40,"turns":5},{"damage":48,"enemies":"Spire Growth","floor":44,"turns":7},{"damage":2,"enemies":"Jaw Worm Horde","floor":46,"turns":4},{"damage":48,"enemies":"Giant Head","floor":48,"turns":9},{"damage":91,"enemies":"Donu and Deca","floor":50,"turns":6}],"seed_played":"9178493064131908904","potions_obtained":[{"floor":4,"key":"AttackPotion"},{"floor":5,"key":"GamblersBrew"},{"floor":6,"key":"AttackPotion"},{"floor":8,"key":"Block Potion"}],"is_trial":false,"path_per_floor":["M","?","$","M","M","E","R","E","T","R","E","R","M","?","R","B",null,"M","T","?","$","M","E","R","E","T","M","E","T","$","M","R","B",null,"M","?","M","M","$","E","?","R","T","M","R","M","$","E","R","B"],"character_chosen":"IRONCLAD","items_purchased":["Armaments","Feel No Pain","Metallicize","Limit Break","Turnip","Lee\u0027s Waffle","Metallicize","Pummel"],"campfire_rested":2,"item_purchase_floors":[3,3,21,21,30,39,47,47],"current_hp_per_floor":[77,70,70,76,80,67,67,52,52,52,56,56,61,52,52,53,81,64,64,46,46,52,49,49,46,46,45,28,28,28,26,54,26,83,61,61,67,65,107,104,104,104,104,64,64,70,70,42,74,0],"gold":85,"neow_bonus":"ONE_RANDOM_RARE_CARD","is_prod":false,"is_daily":false,"chose_seed":false,"campfire_upgraded":6,"win_rate":0,"timestamp":1553620998,"path_taken":["M","?","$","M","M","E","R","E","T","R","E","R","M","?","R","BOSS","M","?","?","$","M","E","R","E","T","M","E","?","$","M","R","BOSS","M","?","?","?","$","E","?","R","T","M","R","M","?","E","R","BOSS"],"build_version":"2019-01-23","purchased_purges":1,"victory":false,"max_hp_per_floor":[80,80,80,80,80,80,80,90,90,90,90,90,90,90,90,90,90,90,90,95,95,95,95,95,95,95,95,95,95,95,95,95,95,100,100,100,100,100,107,107,107,107,107,107,107,107,107,107,107,107],"card_choices":[{"not_picked":["Iron Wave","True Grit"],"picked":"Flex","floor":1},{"not_picked":["Iron Wave","Rampage"],"picked":"Pummel","floor":4},{"not_picked":["Berserk","Heavy Blade"],"picked":"Spot Weakness","floor":5},{"not_picked":["Power Through","Corruption"],"picked":"Searing Blow","floor":6},{"not_picked":["Heavy Blade","Shrug It Off"],"picked":"Whirlwind","floor":8},{"not_picked":["Perfected Strike","Wild Strike","Armaments"],"picked":"SKIP","floor":11},{"not_picked":["Burning Pact","Warcry","Armaments"],"picked":"SKIP","floor":13},{"not_picked":["Brutality","Dark Embrace"],"picked":"Fiend Fire","floor":16},{"not_picked":["Body Slam","Wild Strike","Corruption"],"picked":"SKIP","floor":18},{"not_picked":["Twin Strike","Wild Strike"],"picked":"Thunderclap","floor":22},{"not_picked":["Sever Soul","Thunderclap"],"picked":"Armaments","floor":23},{"not_picked":["Perfected Strike+1","Wild Strike","Blood for Blood"],"picked":"SKIP","floor":25},{"not_picked":["Heavy Blade","Clash"],"picked":"Inflame","floor":27},{"not_picked":["Rage+1","Headbutt"],"picked":"Limit Break","floor":28},{"not_picked":["Perfected Strike","Second Wind","Combust"],"picked":"SKIP","floor":31},{"not_picked":["Limit Break","Bludgeon"],"picked":"Barricade","floor":33},{"not_picked":["Havoc+1","Carnage"],"picked":"Heavy Blade+1","floor":35},{"not_picked":["Cleave+1","Flex","Clash"],"picked":"SKIP","floor":37},{"not_picked":["True Grit","Dropkick+1","Heavy Blade"],"picked":"SKIP","floor":38},{"not_picked":["True Grit","Heavy Blade"],"picked":"Disarm+1","floor":40},{"not_picked":["Rupture","Clash","Body Slam"],"picked":"SKIP","floor":44},{"not_picked":["Pommel Strike+1","True Grit+1"],"picked":"Rage","floor":46},{"not_picked":["Spot Weakness+1","Dropkick","Carnage"],"picked":"SKIP","floor":48}],"player_experience":429552,"relics_obtained":[{"floor":6,"key":"Torii"},{"floor":8,"key":"Pear"},{"floor":9,"key":"Champion Belt"},{"floor":11,"key":"Meat on the Bone"},{"floor":19,"key":"Sundial"},{"floor":23,"key":"Ginger"},{"floor":25,"key":"Girya"},{"floor":26,"key":"Blood Vial"},{"floor":28,"key":"Orichalcum"},{"floor":29,"key":"Boot"},{"floor":40,"key":"Oddly Smooth Stone"},{"floor":43,"key":"Omamori"},{"floor":48,"key":"Unceasing Top"}],"event_choices":[{"damage_healed":0,"gold_gain":0,"player_choice":"Success","damage_taken":7,"relics_obtained":["Incense Burner"],"max_hp_gain":0,"max_hp_loss":0,"event_name":"Scrap Ooze","floor":2,"gold_loss":0},{"damage_healed":0,"gold_gain":75,"player_choice":"Touch","damage_taken":9,"max_hp_gain":0,"max_hp_loss":0,"event_name":"FaceTrader","floor":14,"gold_loss":0},{"damage_healed":0,"gold_gain":0,"player_choice":"Shed Blood","damage_taken":23,"max_hp_gain":5,"max_hp_loss":0,"event_name":"Forgotten Altar","floor":20,"gold_loss":0},{"damage_healed":0,"gold_gain":0,"player_choice":"Copied","damage_taken":0,"max_hp_gain":0,"max_hp_loss":0,"event_name":"Duplicator","floor":36,"gold_loss":0,"cards_obtained":["Metallicize"]},{"cards_removed":["Strike_R"],"damage_healed":0,"gold_gain":0,"player_choice":"Offered Basic","damage_taken":0,"max_hp_gain":0,"max_hp_loss":0,"event_name":"Bonfire Elementals","floor":41,"gold_loss":0}],"is_beta":false,"boss_relics":[{"not_picked":["Black Blood","Ectoplasm"],"picked":"Sozu"},{"not_picked":["White Beast Statue","Orrery"],"picked":"Tiny House"}],"items_purged_floors":[21],"is_endless":false,"potions_floor_spawned":[4,5,6,8,18,31,33,35,38,44,48],"killed_by":"Donu and Deca","ascension_level":5}