{"path_per_floor":["M","M","M","?","?","R","$","E","T","M","M","M","R","M","R","B",null,"M","$","?","M","?","R","T","R","T","E","M","M","M","E","R"],"character_chosen":"DEFECT","items_purchased":["Doom and Gloom","Matryoshka"],"gold_per_floor":[111,125,138,138,213,213,71,103,149,165,180,190,190,209,209,308,308,319,79,79,97,97,97,121,121,121,151,162,180,194,225,225,225],"floor_reached":33,"campfire_rested":1,"playtime":1921,"current_hp_per_floor":[75,75,75,75,64,64,64,46,46,46,46,46,46,36,36,8,75,75,75,75,60,46,46,46,46,46,34,36,36,32,27,51,0],"items_purged":["Regret"],"gold":225,"score":303,"play_id":"76bee890-2620-47b5-a3f2-185dccca0c52","local_time":"20180517225929","is_prod":false,"is_daily":false,"chose_seed":false,"is_ascension_mode":true,"campfire_upgraded":5,"timestamp":1526590769,"campfire_choices":[{"data":"Zap","floor":6,"key":"SMITH"},{"data":"Double Energy","floor":13,"key":"SMITH"},{"data":"Buffer","floor":15,"key":"SMITH"},{"data":"Electrodynamics","floor":23,"key":"SMITH"},{"data":"Chaos","floor":25,"key":"SMITH"},{"floor":32,"key":"REST"}],"path_taken":["M","M","?","?","?","R","$","E","T","M","M","M","R","M","R","BOSS","M","$","?","M","?","R","?","R","T","E","M","M","?","E","R","BOSS"],"build_version":"2018-05-17","seed_source_timestamp":48386783049118,"purchased_purges":1,"victory":false,"master_deck":["Strike_B","Strike_B","Strike_B","Strike_B","Defend_B","Defend_B","Defend_B","Defend_B","Zap+1","Dualcast","Cold Snap","Chaos+1","Leap","Doom and Gloom","Recycle","Buffer+1","Turbo","Double Energy+1","Conserve Battery","Electrodynamics+1","Ball Lightning","Storm+1","Loop","Reinforced Body+1","Double Energy+1","Sweeping Beam+1","Tempest+1","Glacier+1"],"max_hp_per_floor":[75,75,75,75,75,75,75,75,75,75,75,75,75,75,75,75,75,75,75,75,75,80,80,80,80,80,80,80,80,80,80,80,80],"relics":["Cracked Core","NeowsBlessing","Anchor","Gambling Chip","Lantern","Velvet Choker","Matryoshka","Toolbox","Boot","Toxic Egg 2","Molten Egg 2","Dream Catcher","Oddly Smooth Stone"],"card_choices":[{"not_picked":["Aggregate","Go for the Eyes"],"picked":"Cold Snap","floor":1},{"not_picked":["BootSequence","Rip and Tear"],"picked":"Chaos","floor":2},{"not_picked":["Steam","Streamline"],"picked":"Leap","floor":3},{"not_picked":["Cold Snap","Reprogram"],"picked":"Recycle","floor":8},{"not_picked":["Coolheaded","Stack"],"picked":"Buffer","floor":10},{"not_picked":["Ball Lightning","Hologram"],"picked":"Turbo","floor":11},{"not_picked":["Loop","Axe Kick"],"picked":"Double Energy","floor":12},{"not_picked":["Stack","Sweeping Beam"],"picked":"Conserve Battery","floor":14},{"not_picked":["Buffer","Creative AI"],"picked":"Electrodynamics","floor":16},{"not_picked":["Leap","Skim+1"],"picked":"Ball Lightning","floor":18},{"not_picked":["Rebound+1","Defragment"],"picked":"Storm+1","floor":21},{"not_picked":["Genetic Algorithm+1","Steam Power+1"],"picked":"Loop","floor":27},{"not_picked":["Axe Kick+1","Turbo+1"],"picked":"Reinforced Body+1","floor":28},{"not_picked":["Capacitor","Barrage+1"],"picked":"Double Energy+1","floor":29},{"not_picked":["Reboot+1","Barrage+1"],"picked":"Sweeping Beam+1","floor":30},{"not_picked":["Fusion+1","Steam+1"],"picked":"Tempest+1","floor":31},{"not_picked":["Chaos+1","Melter+1"],"picked":"Glacier+1","floor":32}],"player_experience":159737,"potions_floor_usage":[14,16,18,27,27,28,28,30,30,31],"damage_taken":[{"damage":0,"enemies":"Cultist","floor":1,"turns":1},{"damage":0,"enemies":"2 Louse","floor":2,"turns":1},{"damage":0,"enemies":"Small Slimes","floor":3,"turns":1},{"damage":18,"enemies":"Gremlin Nob","floor":8,"turns":3},{"damage":0,"enemies":"Looter","floor":10,"turns":3},{"damage":0,"enemies":"Lots of Slimes","floor":11,"turns":3},{"damage":0,"enemies":"2 Fungi Beasts","floor":12,"turns":3},{"damage":10,"enemies":"Large Slime","floor":14,"turns":5},{"damage":28,"enemies":"Hexaghost","floor":16,"turns":9},{"damage":0,"enemies":"Spheric Guardian","floor":18,"turns":5},{"damage":15,"enemies":"2 Thieves","floor":21,"turns":4},{"damage":12,"enemies":"Gremlin Leader","floor":27,"turns":8},{"damage":7,"enemies":"Snake Plant","floor":28,"turns":3},{"damage":0,"enemies":"Snecko","floor":29,"turns":3},{"damage":4,"enemies":"Slaver and Parasite","floor":30,"turns":7},{"damage":14,"enemies":"Book of Stabbing","floor":31,"turns":4},{"damage":51,"enemies":"Champ","floor":33,"turns":9}],"relics_obtained":[{"floor":8,"key":"Gambling Chip"},{"floor":9,"key":"Lantern"},{"floor":24,"key":"Toolbox"},{"floor":24,"key":"Boot"},{"floor":26,"key":"Toxic Egg 2"},{"floor":26,"key":"Molten Egg 2"},{"floor":27,"key":"Dream Catcher"},{"floor":31,"key":"Oddly Smooth Stone"}],"event_choices":[{"event_name":"Big Fish","player_choice":"Box","floor":4,"damage_taken":0},{"event_name":"World of Goop","player_choice":"Gather Gold","floor":5,"damage_taken":0},{"event_name":"Addict","player_choice":"Ignored","floor":20,"damage_taken":0},{"event_name":"Forgotten Altar","player_choice":"Shed Blood","floor":22,"damage_taken":0}],"boss_relics":[{"not_picked":["Runic Dome","Orrery"],"picked":"Velvet Choker"}],"potions_floor_spawned":[2,8,14,16,21,27,28,30],"seed_played":"2010020208031272740","killed_by":"Champ","ascension_level":1,"potions_obtained":[{"floor":2,"key":"SpeedPotion"},{"floor":8,"key":"AttackPotion"},{"floor":14,"key":"SteroidPotion"},{"floor":16,"key":"SpeedPotion"},{"floor":21,"key":"EntropicBrew"},{"floor":27,"key":"Regen Potion"},{"floor":28,"key":"SpeedPotion"},{"floor":30,"key":"Regen Potion"}],"is_trial":false}