{"gold_per_floor":[111,126,143,23,39,64,37,49,49,49,49,60,60,77,77,180,180,200,216,228,228,21,52,52,68,68,68],"floor_reached":27,"playtime":3964,"items_purged":["Strike_B","Defend_B"],"score":237,"play_id":"e59476da-010d-41dd-a588-35dd76ec302a","local_time":"20190206213730","is_ascension_mode":false,"campfire_choices":[{"data":"Coolheaded","floor":10,"key":"SMITH"},{"data":"Redo","floor":13,"key":"SMITH"},{"data":"Chaos","floor":15,"key":"SMITH"},{"floor":24,"key":"REST"}],"neow_cost":"NONE","seed_source_timestamp":223323588961771,"circlet_count":0,"master_deck":["Strike_B","Defend_B","Defend_B","Zap","Dualcast","Tempest","Melter","Go for the Eyes","Coolheaded+1","BootSequence","Conserve Battery","Go for the Eyes","Gash","Chaos+1","Redo+1","Machine Learning","Conserve Battery","Storm","Double Energy","Skim"],"relics":["Cracked Core","Lantern","Pen Nib","Incense Burner","Empty Cage","Calipers","Frozen Egg 2"],"potions_floor_usage":[6,8,16,23,23,23],"damage_taken":[{"damage":0,"enemies":"2 Louse","floor":1,"turns":2},{"damage":0,"enemies":"Cultist","floor":2,"turns":3},{"damage":7,"enemies":"Jaw Worm","floor":3,"turns":3},{"damage":10,"enemies":"Looter","floor":5,"turns":3},{"damage":8,"enemies":"3 Sentries","floor":6,"turns":9},{"damage":0,"enemies":"Large Slime","floor":8,"turns":3},{"damage":0,"enemies":"2 Fungi Beasts","floor":12,"turns":3},{"damage":3,"enemies":"Exordium Thugs","floor":14,"turns":3},{"damage":14,"enemies":"The Guardian","floor":16,"turns":11},{"damage":4,"enemies":"3 Byrds","floor":18,"turns":5},{"damage":4,"enemies":"Chosen","floor":19,"turns":5},{"damage":5,"enemies":"3 Cultists","floor":20,"turns":6},{"damage":59,"enemies":"Gremlin Leader","floor":23,"turns":7},{"damage":17,"enemies":"Centurion and Healer","floor":25,"turns":7},{"damage":26,"enemies":"Cultist and Chosen","floor":27,"turns":4}],"seed_played":"2168338008706950867","potions_obtained":[{"floor":2,"key":"Block Potion"},{"floor":3,"key":"FocusPotion"},{"floor":8,"key":"Block Potion"},{"floor":14,"key":"SteroidPotion"},{"floor":16,"key":"Block Potion"},{"floor":19,"key":"LiquidBronze"},{"floor":23,"key":"EssenceOfSteel"}],"is_trial":false,"path_per_floor":["M","M","M","$","M","E","$","M","T","R","?","M","R","M","R","B",null,"M","M","M","?","$","E","R","M","T","M"],"character_chosen":"DEFECT","items_purchased":["Coolheaded","Go for the Eyes","Storm","Double Energy"],"campfire_rested":1,"item_purchase_floors":[4,7,22,22],"current_hp_per_floor":[75,75,68,68,58,50,50,50,50,50,50,50,50,47,47,33,75,71,67,62,62,62,3,25,8,8,0],"gold":68,"neow_bonus":"RANDOM_COMMON_RELIC","is_prod":false,"is_daily":false,"chose_seed":false,"campfire_upgraded":3,"win_rate":0.0,"timestamp":1549517850,"path_taken":["M","M","M","$","M","E","$","M","T","R","?","M","R","?","R","BOSS","M","M","M","?","$","E","R","?","T","M"],"build_version":"2019-01-23","purchased_purges":2,"victory":false,"max_hp_per_floor":[75,75,75,75,75,75,75,75,75,75,75,75,75,75,75,75,75,75,75,75,75,75,75,75,75,75,75],"card_choices":[{"not_picked":["Stack","Compile Driver"],"picked":"Tempest","floor":1},{"not_picked":["Undo","Stack"],"picked":"Melter","floor":2},{"not_picked":["Recycle","Gash"],"picked":"Go for the Eyes","floor":3},{"not_picked":["Streamline","FTL"],"picked":"BootSequence","floor":5},{"not_picked":["Double Energy","Stack"],"picked":"Conserve Battery","floor":6},{"not_picked":["Steam","Cold Snap"],"picked":"Gash","floor":8},{"not_picked":["Reinforced Body","Streamline"],"picked":"Redo","floor":12},{"not_picked":["Stack","Conserve Battery","Fission"],"picked":"SKIP","floor":14},{"not_picked":["Fission","Creative AI"],"picked":"Machine Learning","floor":16},{"not_picked":["Go for the Eyes","Rip and Tear"],"picked":"Conserve Battery","floor":18},{"not_picked":["Stack","Recycle","Tempest"],"picked":"SKIP","floor":19},{"not_picked":["Cold Snap","Lockon","Hologram"],"picked":"SKIP","floor":20},{"not_picked":["Conserve Battery","Sweeping Beam","Reinforced Body"],"picked":"SKIP","floor":23},{"not_picked":["Compile Driver","Leap+1"],"picked":"Skim","floor":25}],"player_experience":82005,"relics_obtained":[{"floor":6,"key":"Pen Nib"},{"floor":9,"key":"Incense Burner"},{"floor":23,"key":"Calipers"},{"floor":26,"key":"Frozen Egg 2"}],"event_choices":[{"damage_healed":0,"gold_gain":0,"cards_transformed":["Strike_B"],"player_choice":"Transformed","damage_taken":0,"max_hp_gain":0,"max_hp_loss":0,"event_name":"Transmorgrifier","floor":11,"gold_loss":0,"cards_obtained":["Chaos"]},{"damage_healed":0,"gold_gain":0,"player_choice":"Bought 0 Potions","damage_taken":0,"max_hp_gain":0,"max_hp_loss":0,"event_name":"The Woman in Blue","floor":21,"gold_loss":0}],"is_beta":false,"boss_relics":[{"not_picked":["Calling Bell","Runic Pyramid"],"picked":"Empty Cage"}],"items_purged_floors":[4,22],"is_endless":false,"potions_floor_spawned":[2,3,8,14,16,19,23],"killed_by":"Cultist and Chosen","ascension_level":0}