{"gold_per_floor":[18,18,30,44,44,44,70,82,82,82],"floor_reached":10,"playtime":388,"items_purged":[],"score":136,"play_id":"f46d3fe8-507e-4bce-97a3-af61c6103634","local_time":"20190115015422","is_ascension_mode":true,"campfire_choices":[{"data":"Poisoned Stab","floor":6.0,"key":"SMITH"}],"neow_cost":"NO_GOLD","seed_source_timestamp":0,"circlet_count":0,"master_deck":["AscendersBane","Defend_G","Defend_G","Defend_G","Defend_G","Defend_G","Strike_G","Strike_G","Strike_G","Strike_G","Strike_G","Survivor","Neutralize+1","Backstab","Backflip","Poisoned Stab+1","Footwork","Blade Dance"],"special_seed":0,"relics":["Ring of the Snake","Ginger","Ninja Scroll","Question Card"],"potions_floor_usage":[10,10],"damage_taken":[{"damage":4.0,"enemies":"Small Slimes","floor":1.0,"turns":4.0},{"damage":0.0,"enemies":"Jaw Worm","floor":3.0,"turns":5.0},{"damage":0.0,"enemies":"2 Louse","floor":4.0,"turns":2.0},{"damage":45.0,"enemies":"3 Sentries","floor":7.0,"turns":12.0},{"damage":0.0,"enemies":"Large Slime","floor":8.0,"turns":6.0},{"damage":31,"enemies":"Gremlin Nob","floor":10,"turns":4}],"seed_played":"-6085845431287666582","potions_obtained":[{"floor":1.0,"key":"SkillPotion"},{"floor":3.0,"key":"Regen Potion"}],"is_trial":false,"path_per_floor":["M","?","M","M","?","R","E","M","T","E"],"character_chosen":"THE_SILENT","items_purchased":[],"campfire_rested":0,"item_purchase_floors":[],"current_hp_per_floor":[55,55,55,55,55,55,10,10,10,0],"gold":82,"neow_bonus":"ONE_RARE_RELIC","is_prod":false,"is_daily":false,"chose_seed":false,"campfire_upgraded":1,"win_rate":0,"timestamp":1547513662,"path_taken":["M","?","M","M","?","R","E","M","T","E"],"build_version":"2019-01-10","purchased_purges":0,"victory":false,"max_hp_per_floor":[66,66,66,66,66,66,66,66,66,66],"card_choices":[{"not_picked":["Outmaneuver","Masterful Stab"],"picked":"Backstab","floor":1.0},{"not_picked":["Dagger Throw","hubris:SlightOfHand"],"picked":"Backflip","floor":3.0},{"not_picked":["Flechettes","Bane"],"picked":"Poisoned Stab","floor":4.0},{"not_picked":["Dagger Throw","Sucker Punch"],"picked":"Footwork","floor":7.0},{"not_picked":["Prepared","Bane"],"picked":"Blade Dance","floor":8.0}],"player_experience":1111846,"relics_obtained":[{"floor":7.0,"key":"Ninja Scroll"},{"floor":9.0,"key":"Question Card"}],"event_choices":[{"damage_healed":0.0,"max_hp_gain":0.0,"max_hp_loss":0.0,"gold_gain":0.0,"event_name":"Living Wall","player_choice":"Grow","floor":2.0,"gold_loss":0.0,"damage_taken":0.0,"cards_upgraded":["Neutralize"]},{"damage_healed":0.0,"max_hp_gain":0.0,"max_hp_loss":0.0,"gold_gain":0.0,"event_name":"The Cleric","player_choice":"Leave","floor":5.0,"gold_loss":0.0,"damage_taken":0.0}],"is_beta":false,"boss_relics":[],"items_purged_floors":[],"is_endless":false,"potions_floor_spawned":[1,3,4],"killed_by":"Gremlin Nob","ascension_level":20}