{"gold_per_floor":[114,114,128,144,157,157,187,203,203,218,218,246,321,63,63,140,140,156,35,47,97,108,108,119,119],"floor_reached":25,"playtime":1393,"items_purged":["Strike_G"],"score":376,"play_id":"34d5f1b3-ba50-433e-9a33-fab7876c416b","local_time":"20190508211431","is_ascension_mode":true,"campfire_choices":[{"data":"Poisoned Stab","floor":6.0,"key":"SMITH"},{"floor":11.0,"key":"REST"},{"data":"Footwork","floor":15.0,"key":"SMITH"},{"data":"Deadly Poison","floor":23,"key":"SMITH"}],"neow_cost":"NONE","seed_source_timestamp":37672889148693,"circlet_count":0,"master_deck":["AscendersBane","Defend_G","Defend_G","Defend_G","Defend_G","Defend_G","Strike_G","Strike_G","Strike_G","Strike_G","Survivor","Neutralize","Poisoned Stab+1","Deadly Poison+1","Footwork+1","Well Laid Plans","PiercingWail","Leg Sweep","Deadly Poison","Blur","Glass Knife","Dagger Spray","Backflip","Dodge and Roll","Backstab"],"special_seed":0,"relics":["Ring of the Snake","Tough Bandages","Dodecahedron","Paper Crane","White Beast Statue"],"potions_floor_usage":[22,25],"damage_taken":[{"damage":1.0,"enemies":"2 Louse","floor":1.0,"turns":5.0},{"damage":2.0,"enemies":"Cultist","floor":3.0,"turns":5.0},{"damage":0.0,"enemies":"Jaw Worm","floor":4.0,"turns":5.0},{"damage":2.0,"enemies":"Blue Slaver","floor":5.0,"turns":6.0},{"damage":27.0,"enemies":"Gremlin Nob","floor":7.0,"turns":4.0},{"damage":16.0,"enemies":"Lots of Slimes","floor":8.0,"turns":5.0},{"damage":0.0,"enemies":"Large Slime","floor":10.0,"turns":8.0},{"damage":1.0,"enemies":"Lagavulin","floor":12.0,"turns":7.0},{"damage":1.0,"enemies":"Hexaghost","floor":16.0,"turns":10.0},{"damage":4,"enemies":"Chosen","floor":18,"turns":7},{"damage":9,"enemies":"Spheric Guardian","floor":20,"turns":6},{"damage":6,"enemies":"3 Cultists","floor":22,"turns":7},{"damage":1,"enemies":"Centurion and Healer","floor":24,"turns":12},{"damage":49,"enemies":"Gremlin Leader","floor":25,"turns":9}],"seed_played":"7726776676520171604","potions_obtained":[{"floor":4.0,"key":"Poison Potion"},{"floor":8.0,"key":"Poison Potion"},{"floor":16.0,"key":"Explosive Potion"},{"floor":18,"key":"SteroidPotion"},{"floor":22,"key":"Fire Potion"}],"is_trial":false,"path_per_floor":["M","?","M","M","M","R","E","M","T","M","R","E","?","$","R","B",null,"M","$","M","?","M","R","M","E"],"character_chosen":"THE_SILENT","items_purchased":["Paper Crane","Backflip"],"campfire_rested":1,"item_purchase_floors":[14,19],"current_hp_per_floor":[64,64,62,62,60,60,33,17,17,17,38,37,26,26,26,25,60,56,56,47,47,41,41,40,0],"gold":119,"neow_bonus":"TEN_PERCENT_HP_BONUS","is_prod":false,"is_daily":false,"chose_seed":false,"campfire_upgraded":3,"win_rate":0,"timestamp":1557342871,"path_taken":["M","?","M","M","?","R","E","M","T","M","R","E","?","$","R","BOSS","M","$","M","?","M","R","?","E"],"build_version":"2019-01-23","purchased_purges":1,"victory":false,"max_hp_per_floor":[72,72,72,72,72,72,72,72,72,72,72,72,72,72,72,72,72,72,72,72,72,72,72,72,72],"card_choices":[{"not_picked":["Dagger Throw","Backflip"],"picked":"Poisoned Stab","floor":1.0},{"not_picked":["Dagger Throw","Acrobatics"],"picked":"Deadly Poison","floor":3.0},{"not_picked":["Finisher","Flying Knee"],"picked":"Footwork","floor":4.0},{"not_picked":["Distraction","Quick Slash"],"picked":"Well Laid Plans","floor":5.0},{"not_picked":["Dagger Spray","Setup"],"picked":"PiercingWail","floor":7.0},{"not_picked":["Prepared","Dagger Throw"],"picked":"Leg Sweep","floor":8.0},{"not_picked":["Cloak And Dagger","Bane"],"picked":"Deadly Poison","floor":10.0},{"not_picked":["PiercingWail","Underhanded Strike"],"picked":"Blur","floor":12.0},{"not_picked":["Grand Finale","Storm of Steel"],"picked":"Glass Knife","floor":16.0},{"not_picked":["Quick Slash","Accuracy"],"picked":"Dagger Spray","floor":18},{"not_picked":["Prepared","Dagger Throw"],"picked":"Dodge and Roll","floor":20},{"not_picked":["Prepared","Outmaneuver","Blade Dance"],"picked":"SKIP","floor":22},{"not_picked":["Dagger Throw+1","Blade Dance"],"picked":"Backstab","floor":24}],"player_experience":1675357,"relics_obtained":[{"floor":9.0,"key":"Tough Bandages"},{"floor":12.0,"key":"Dodecahedron"}],"event_choices":[{"damage_healed":0.0,"max_hp_gain":0.0,"max_hp_loss":0.0,"gold_gain":0.0,"event_name":"Match and Keep!","player_choice":"0 cards matched","floor":2.0,"gold_loss":0.0,"damage_taken":0.0,"cards_obtained":[]},{"damage_healed":0.0,"max_hp_gain":0.0,"max_hp_loss":0.0,"gold_gain":75.0,"event_name":"World of Goop","player_choice":"Gather Gold","floor":13.0,"gold_loss":0.0,"damage_taken":11.0},{"damage_healed":0,"gold_gain":50,"player_choice":"Pray","damage_taken":0,"max_hp_gain":0,"max_hp_loss":0,"event_name":"Golden Shrine","floor":21,"gold_loss":0}],"is_beta":false,"boss_relics":[{"not_picked":["WristBlade","Busted Crown"],"picked":"White Beast Statue"}],"items_purged_floors":[19],"is_endless":false,"potions_floor_spawned":[4,8,16,18,20,22,24],"killed_by":"Gremlin Leader","ascension_level":15}