{"gold_per_floor":[163,163,163,183,183,183,217,277,277,327,358,358],"floor_reached":12,"playtime":315,"items_purged":[],"score":90,"play_id":"60befd97-e1ad-4fa2-8d85-6fb60420e4c7","local_time":"20190911013101","is_ascension_mode":true,"campfire_choices":[{"data":"LessonLearned","floor":6,"key":"SMITH"}],"neow_cost":"NONE","seed_source_timestamp":51728206314280,"circlet_count":0,"master_deck":["Strike_P","Strike_P","Strike_P+1","Strike_P","Defend_P+1","Defend_P+1","Defend_P","Defend_P+1","Eruption","Vigilance+1","BowlingBash","Weave","LessonLearned+1","CutThroughFate","ClearTheMind"],"relics":["Tiny House","SsserpentHead","Mercury Hourglass","Question Card","Sundial"],"potions_floor_usage":[11,11],"damage_taken":[{"damage":5,"enemies":"Small Slimes","floor":1,"turns":3},{"damage":0,"enemies":"2 Louse","floor":4,"turns":2},{"damage":21,"enemies":"3 Sentries","floor":7,"turns":6},{"damage":6,"enemies":"Cultist","floor":8,"turns":3},{"damage":27,"enemies":"Gremlin Nob","floor":11,"turns":4},{"damage":9,"enemies":"2 Fungi Beasts","floor":12,"turns":1}],"seed_played":"5492933309330179121","potions_obtained":[{"floor":0,"key":"SteroidPotion"},{"floor":4,"key":"EssenceOfSteel"}],"is_trial":false,"path_per_floor":["M","?","?","M","?","R","E","M","T","?","E","M"],"character_chosen":"WATCHER","items_purchased":[],"campfire_rested":0,"item_purchase_floors":[],"current_hp_per_floor":[65,65,70,70,70,70,49,43,43,28,1,0],"gold":358,"neow_bonus":"BOSS_RELIC","is_prod":false,"is_daily":false,"chose_seed":false,"campfire_upgraded":1,"win_rate":0,"timestamp":1568158261,"path_taken":["M","?","?","M","?","R","E","?","T","?","E","M"],"build_version":"2019-09-09v2","purchased_purges":0,"victory":false,"max_hp_per_floor":[70,70,75,75,75,75,75,75,75,75,75,75],"card_choices":[{"not_picked":["FollowUp","EmptyFist"],"picked":"BowlingBash","floor":0},{"not_picked":["WaveOfTheHand","Sanctity"],"picked":"Weave","floor":1},{"not_picked":["Evaluate","Sanctity"],"picked":"LessonLearned","floor":4},{"not_picked":["Consecrate","PathToVictory"],"picked":"CutThroughFate","floor":7},{"not_picked":["BowlingBash","EmptyMind"],"picked":"ClearTheMind","floor":8},{"not_picked":["Prostrate","Fasting","Meditate","Collect"],"picked":"SKIP","floor":11}],"player_experience":2022261,"relics_obtained":[{"floor":7,"key":"Mercury Hourglass"},{"floor":9,"key":"Question Card"},{"floor":11,"key":"Sundial"}],"event_choices":[{"damage_healed":0,"gold_gain":0,"player_choice":"Ignored","damage_taken":0,"max_hp_gain":0,"max_hp_loss":0,"event_name":"Liars Game","floor":2,"gold_loss":0},{"damage_healed":0,"gold_gain":0,"player_choice":"Donut","damage_taken":0,"max_hp_gain":5,"max_hp_loss":0,"event_name":"Big Fish","floor":3,"gold_loss":0},{"damage_healed":0,"gold_gain":0,"player_choice":"Trade","damage_taken":0,"relics_obtained":["SsserpentHead"],"max_hp_gain":0,"max_hp_loss":0,"event_name":"FaceTrader","floor":5,"gold_loss":0},{"damage_healed":0,"gold_gain":0,"player_choice":"Entered Light","damage_taken":15,"max_hp_gain":0,"max_hp_loss":0,"event_name":"Shining Light","floor":10,"gold_loss":0,"cards_upgraded":["Strike_P","Defend_P"]}],"is_beta":true,"boss_relics":[],"items_purged_floors":[],"is_endless":false,"potions_floor_spawned":[4],"killed_by":"2 Fungi Beasts","ascension_level":1}