{"gold_per_floor":[114,264,1,1,1,36,36,74,110,146,172,184,240,271,283,384,396,423,451,378,390,415,427],"floor_reached":23,"playtime":565,"items_purged":["Doubt"],"score":518,"play_id":"80f0d7cb-d240-43b5-a277-a82eeefbf05e","local_time":"20190724115347","is_ascension_mode":true,"campfire_choices":[{"data":"Noxious Fumes","floor":12,"key":"SMITH"},{"data":"Backstab","floor":15,"key":"SMITH"}],"neow_cost":"NONE","seed_source_timestamp":7715978002951,"circlet_count":0,"master_deck":["AscendersBane","Strike_G","Strike_G","Strike_G","Strike_G","Strike_G","Defend_G","Defend_G","Defend_G","Defend_G","Defend_G","Survivor","Neutralize","Noxious Fumes+1","Apotheosis+1","Dagger Spray","Backstab+1","Cloak And Dagger","Dodge and Roll","Quick Slash","Envenom","Noxious Fumes","Blade Dance","Writhe","Distraction+1"],"relics":["Ring of the Snake","NeowsBlessing","Golden Idol","Blood Vial","MawBank","Oddly Smooth Stone","Boot","Sozu","Vajra","Sundial"],"potions_floor_usage":[23,23],"damage_taken":[{"damage":0,"enemies":"2 Louse","floor":1,"turns":1},{"damage":0,"enemies":"3 Sentries","floor":6,"turns":2},{"damage":0,"enemies":"Lagavulin","floor":8,"turns":1},{"damage":0,"enemies":"Jaw Worm","floor":10,"turns":4},{"damage":0,"enemies":"Cultist","floor":11,"turns":3},{"damage":22,"enemies":"Gremlin Nob","floor":13,"turns":4},{"damage":0,"enemies":"Blue Slaver","floor":14,"turns":3},{"damage":32,"enemies":"Slime Boss","floor":16,"turns":8},{"damage":2,"enemies":"Chosen","floor":18,"turns":4},{"damage":17,"enemies":"Spheric Guardian","floor":19,"turns":6},{"damage":21,"enemies":"Snake Plant","floor":22,"turns":4},{"damage":18,"enemies":"Gremlin Leader","floor":23,"turns":4}],"seed_played":"-7917367384451744651","potions_obtained":[{"floor":1,"key":"PowerPotion"},{"floor":11,"key":"Regen Potion"},{"floor":13,"key":"AttackPotion"}],"is_trial":false,"path_per_floor":["M","?","$","?","$","E","?","E","T","M","M","R","E","M","R","B",null,"M","M","?","?","M","E"],"character_chosen":"THE_SILENT","items_purchased":["Apotheosis"],"campfire_rested":0,"item_purchase_floors":[3],"current_hp_per_floor":[59,59,59,59,59,59,59,60,60,60,60,60,38,40,40,10,48,48,33,33,33,14,0],"gold":427,"neow_bonus":"THREE_ENEMY_KILL","is_prod":false,"is_daily":false,"chose_seed":false,"campfire_upgraded":2,"win_rate":0,"timestamp":1563962027,"path_taken":["M","?","$","?","$","E","?","E","T","M","M","R","E","M","R","BOSS","M","M","?","?","M","E"],"build_version":"2019-07-17","purchased_purges":1,"victory":false,"max_hp_per_floor":[66,66,66,60,60,60,60,60,60,60,60,60,60,60,60,60,60,60,60,60,60,60,60],"card_choices":[{"not_picked":["Tactician","Deflect"],"picked":"Noxious Fumes","floor":1},{"not_picked":["Eviscerate","Dagger Throw"],"picked":"Dagger Spray","floor":6},{"not_picked":["Caltrops","Reflex"],"picked":"Backstab","floor":8},{"not_picked":["Flechettes","Prepared","Choke"],"picked":"SKIP","floor":10},{"not_picked":["Dagger Throw","Slice"],"picked":"Cloak And Dagger","floor":11},{"not_picked":["Bane","Concentrate"],"picked":"Dodge and Roll","floor":13},{"not_picked":["Slice","Riddle With Holes"],"picked":"Quick Slash","floor":14},{"not_picked":["Bullet Time","Doppelganger"],"picked":"Envenom","floor":16},{"not_picked":["Distraction+1","Prepared"],"picked":"Noxious Fumes","floor":18},{"not_picked":["Acrobatics","Masterful Stab"],"picked":"Blade Dance","floor":19},{"not_picked":["Flying Knee","Finisher"],"picked":"Distraction+1","floor":22}],"player_experience":1835411,"relics_obtained":[{"floor":6,"key":"Blood Vial"},{"floor":8,"key":"MawBank"},{"floor":9,"key":"Oddly Smooth Stone"},{"floor":13,"key":"Boot"}],"event_choices":[{"damage_healed":0,"gold_gain":150,"player_choice":"AGREE","damage_taken":0,"max_hp_gain":0,"max_hp_loss":0,"event_name":"Liars Game","floor":2,"gold_loss":0,"cards_obtained":["Doubt"]},{"damage_healed":0,"gold_gain":0,"player_choice":"Lose Max HP","damage_taken":0,"relics_obtained":["Golden Idol"],"max_hp_gain":0,"max_hp_loss":6,"event_name":"Golden Idol","floor":4,"gold_loss":0},{"damage_healed":0,"gold_gain":0,"player_choice":"Grow","damage_taken":0,"max_hp_gain":0,"max_hp_loss":0,"event_name":"Living Wall","floor":7,"gold_loss":0,"cards_upgraded":["Apotheosis"]},{"damage_healed":0,"gold_gain":0,"player_choice":"Obtained Relic","damage_taken":0,"relics_obtained":["Vajra"],"max_hp_gain":0,"max_hp_loss":0,"event_name":"Addict","floor":20,"gold_loss":85},{"damage_healed":0,"gold_gain":0,"player_choice":"Opened","damage_taken":0,"relics_obtained":["Sundial"],"max_hp_gain":0,"max_hp_loss":0,"event_name":"The Mausoleum","floor":21,"gold_loss":0,"cards_obtained":["Writhe"]}],"is_beta":false,"boss_relics":[{"not_picked":["Ectoplasm","Lizard Tail"],"picked":"Sozu"}],"items_purged_floors":[3],"is_endless":false,"potions_floor_spawned":[1,11,13,16,19],"killed_by":"Gremlin Leader","ascension_level":20}