{"gold_per_floor":[116,130,130,55,69,69,102,102,102,102,114,130,164,64,64,165,165,179,179,28,48,60,60,90,90,115,115,133,133,133],"floor_reached":30,"playtime":11835,"items_purged":["Strike_G","Strike_G"],"score":340,"play_id":"be1a9a76-d292-4968-98be-294f85670357","local_time":"20190319133740","is_ascension_mode":true,"campfire_choices":[{"data":"Backflip","floor":6,"key":"SMITH"},{"floor":10,"key":"RECALL"},{"data":"Backflip","floor":15,"key":"SMITH"},{"data":"Sucker Punch","floor":23,"key":"SMITH"},{"floor":27,"key":"REST"},{"floor":29,"key":"REST"}],"neow_cost":"NONE","seed_source_timestamp":284360321218991,"circlet_count":0,"master_deck":["Defend_G","Defend_G","Defend_G","Strike_G","Strike_G","Survivor","Neutralize+1","Quick Slash","PiercingWail","Backflip+1","Well Laid Plans","Flying Knee","Backflip+1","Dagger Spray","Corpse Explosion","Deflect","Backstab","Impatience","Masterful Stab","Sucker Punch+1","Tactician","Reflex+1"],"relics":["Ring of the Snake","PreservedInsect","Bird Faced Urn","Empty Cage","Boot","Smiling Mask"],"potions_floor_usage":[13,13,24],"damage_taken":[{"damage":0,"enemies":"Jaw Worm","floor":1,"turns":5},{"damage":0,"enemies":"2 Louse","floor":2,"turns":3},{"damage":4,"enemies":"Small Slimes","floor":5,"turns":4},{"damage":27,"enemies":"3 Sentries","floor":7,"turns":16},{"damage":3,"enemies":"Looter","floor":11,"turns":4},{"damage":2,"enemies":"2 Fungi Beasts","floor":12,"turns":4},{"damage":0,"enemies":"Lagavulin","floor":13,"turns":6},{"damage":12,"enemies":"The Guardian","floor":16,"turns":22},{"damage":12,"enemies":"Spheric Guardian","floor":18,"turns":6},{"damage":4,"enemies":"Shell Parasite","floor":21,"turns":7},{"damage":13,"enemies":"Snecko","floor":22,"turns":5},{"damage":29,"enemies":"Book of Stabbing","floor":24,"turns":10},{"damage":47,"enemies":"Sentry and Sphere","floor":28,"turns":8},{"damage":31,"enemies":"Gremlin Leader","floor":30,"turns":5}],"seed_played":"-982005580814562548","potions_obtained":[{"floor":2,"key":"EssenceOfSteel"},{"floor":7,"key":"EssenceOfSteel"},{"floor":11,"key":"GhostInAJar"},{"floor":13,"key":"Ancient Potion"},{"floor":21,"key":"FairyPotion"}],"is_trial":false,"path_per_floor":["M","M","?","$","M","R","E","?","T","R","M","M","E","$","R","B",null,"M","?","$","M","M","R","E","?","T","R","M","R","E"],"character_chosen":"THE_SILENT","items_purchased":["Backstab","Impatience"],"campfire_rested":2,"item_purchase_floors":[20,20],"current_hp_per_floor":[77,77,77,77,73,73,46,39,39,39,36,34,34,34,34,24,77,65,65,65,63,52,52,25,11,11,35,3,27,0],"gold":133,"neow_bonus":"TEN_PERCENT_HP_BONUS","is_prod":false,"is_daily":false,"chose_seed":false,"campfire_upgraded":3,"win_rate":0,"timestamp":1553027860,"path_taken":["M","M","?","$","M","R","E","?","T","R","M","M","E","$","R","BOSS","M","?","$","M","M","R","E","?","T","R","M","R","E"],"build_version":"2019-01-23","purchased_purges":2,"victory":false,"max_hp_per_floor":[77,77,77,77,77,77,77,77,77,77,77,77,77,77,77,77,77,77,77,77,77,77,77,77,82,82,82,82,82,82],"card_choices":[{"not_picked":["Deadly Poison","Dagger Throw"],"picked":"Quick Slash","floor":1},{"not_picked":["Deflect","Concentrate"],"picked":"PiercingWail","floor":2},{"not_picked":["Flying Knee","Dagger Spray"],"picked":"Backflip","floor":5},{"not_picked":["Cloak And Dagger","A Thousand Cuts"],"picked":"Well Laid Plans","floor":7},{"not_picked":["Cloak And Dagger","Bouncing Flask"],"picked":"Flying Knee","floor":11},{"not_picked":["Quick Slash","PiercingWail"],"picked":"Backflip","floor":12},{"not_picked":["Storm of Steel","Dash"],"picked":"Dagger Spray","floor":13},{"not_picked":["Phantasmal Killer","Unload"],"picked":"Corpse Explosion","floor":16},{"not_picked":["Terror","Underhanded Strike"],"picked":"Deflect","floor":18},{"not_picked":["All Out Attack+1","Leg Sweep+1"],"picked":"Masterful Stab","floor":21},{"not_picked":["Dash+1","Flechettes"],"picked":"Sucker Punch","floor":22},{"not_picked":["Outmaneuver","Leg Sweep"],"picked":"Tactician","floor":24},{"not_picked":["Dagger Throw+1","Blur"],"picked":"Reflex+1","floor":28}],"player_experience":364134,"relics_obtained":[{"floor":7,"key":"PreservedInsect"},{"floor":13,"key":"Bird Faced Urn"},{"floor":24,"key":"Boot"},{"floor":26,"key":"Smiling Mask"}],"event_choices":[{"damage_healed":0,"gold_gain":0,"player_choice":"Grow","damage_taken":0,"max_hp_gain":0,"max_hp_loss":0,"event_name":"Living Wall","floor":3,"gold_loss":0,"cards_upgraded":["Neutralize"]},{"cards_removed":["Strike_G"],"damage_healed":0,"gold_gain":0,"player_choice":"Card Removal","damage_taken":7,"max_hp_gain":0,"max_hp_loss":0,"event_name":"Golden Wing","floor":8,"gold_loss":0},{"damage_healed":0,"gold_gain":0,"player_choice":"Ignored","damage_taken":0,"max_hp_gain":0,"max_hp_loss":0,"event_name":"The Mausoleum","floor":19,"gold_loss":0},{"damage_healed":0,"gold_gain":0,"player_choice":"Shed Blood","damage_taken":19,"max_hp_gain":5,"max_hp_loss":0,"event_name":"Forgotten Altar","floor":25,"gold_loss":0}],"is_beta":false,"boss_relics":[{"not_picked":["Orrery","Velvet Choker"],"picked":"Empty Cage"}],"items_purged_floors":[4,14],"is_endless":false,"potions_floor_spawned":[2,7,11,13,21],"killed_by":"Gremlin Leader","ascension_level":4}