{"gold_per_floor":[114,132,207,172,347,377,81,81,104,124,124],"floor_reached":11,"playtime":494,"items_purged":[],"score":114,"play_id":"4d16911d-57c5-401b-9759-3b8f103cee0d","local_time":"20190424112950","is_ascension_mode":true,"campfire_choices":[{"floor":8,"key":"REST"}],"neow_cost":"NONE","seed_source_timestamp":905468637044007,"circlet_count":0,"master_deck":["AscendersBane","Strike_B","Strike_B","Strike_B","Defend_B","Defend_B","Defend_B","Defend_B","Zap","Dualcast","Redo","Sweeping Beam","Gash","Doubt","Buffer","Gash","Heatsinks","Cold Snap"],"relics":["Cracked Core","Smiling Mask","ClockworkSouvenir","Strawberry"],"potions_floor_usage":[],"damage_taken":[{"damage":1,"enemies":"Cultist","floor":1,"turns":3},{"damage":10,"enemies":"Small Slimes","floor":2,"turns":3},{"damage":53,"enemies":"Lagavulin","floor":6,"turns":7},{"damage":7,"enemies":"Jaw Worm","floor":10,"turns":4},{"damage":35,"enemies":"3 Sentries","floor":11,"turns":7}],"seed_played":"2320348797777648788","potions_obtained":[],"is_trial":false,"path_per_floor":["M","M","?","?","?","E","$","R","T","M","E"],"character_chosen":"DEFECT","items_purchased":["Gash","ClockworkSouvenir","Heatsinks"],"campfire_rested":1,"item_purchase_floors":[7,7,7],"current_hp_per_floor":[67,57,46,64,64,11,11,33,40,33,0],"gold":124,"neow_bonus":"TRANSFORM_CARD","is_prod":false,"is_daily":false,"chose_seed":false,"campfire_upgraded":0,"win_rate":0,"timestamp":1556130590,"path_taken":["M","M","?","?","?","E","$","R","T","?","E"],"build_version":"2019-01-23","purchased_purges":0,"victory":false,"max_hp_per_floor":[75,75,75,75,75,75,75,75,82,82,82],"card_choices":[{"not_picked":["Stack","Reinforced Body"],"picked":"Sweeping Beam","floor":1},{"not_picked":["Ball Lightning","Chill"],"picked":"Gash","floor":2},{"not_picked":["Streamline","Cold Snap"],"picked":"Buffer","floor":6},{"not_picked":["Rebound","Beam Cell"],"picked":"Cold Snap","floor":10}],"player_experience":611785,"relics_obtained":[{"floor":6,"key":"Smiling Mask"},{"floor":9,"key":"Strawberry"}],"event_choices":[{"damage_healed":0,"gold_gain":75,"player_choice":"Gather Gold","damage_taken":11,"max_hp_gain":0,"max_hp_loss":0,"event_name":"World of Goop","floor":3,"gold_loss":0},{"damage_healed":18,"gold_gain":0,"player_choice":"Healed","damage_taken":0,"max_hp_gain":0,"max_hp_loss":0,"event_name":"The Cleric","floor":4,"gold_loss":35},{"damage_healed":0,"gold_gain":175,"player_choice":"AGREE","damage_taken":0,"max_hp_gain":0,"max_hp_loss":0,"event_name":"Liars Game","floor":5,"gold_loss":0,"cards_obtained":["Doubt"]}],"is_beta":false,"boss_relics":[],"items_purged_floors":[],"is_endless":false,"potions_floor_spawned":[],"killed_by":"3 Sentries","ascension_level":12}