{"gold_per_floor":[115,115,115,28,44,76,76,103,182,182,199,225,243,253,253,330,330,346,271,290,305,305],"floor_reached":22,"playtime":1072,"items_purged":[],"score":462,"play_id":"9d05b837-8a8f-469e-88de-eb8cf08ffe0e","local_time":"20190917172510","is_ascension_mode":true,"campfire_choices":[{"data":"Uppercut","floor":7,"key":"SMITH"},{"data":"Disarm","floor":10,"key":"SMITH"},{"data":"Armaments","floor":15,"key":"SMITH"}],"neow_cost":"NONE","seed_source_timestamp":24687117031330,"circlet_count":0,"master_deck":["AscendersBane","Strike_R","Strike_R","Defend_R","Defend_R","Defend_R","Defend_R","Bash","Disarm+1","Uppercut+1","Power Through","Flame Barrier","Limit Break","Armaments+1","Inflame","Hemokinesis","Disarm","Offering","Armaments","Carnage","Sword Boomerang+1","Disarm"],"relics":["Burning Blood","NeowsBlessing","Oddly Smooth Stone","Art of War","Self Forming Clay","Champion Belt","Cursed Key"],"potions_floor_usage":[8,14,16],"damage_taken":[{"damage":0,"enemies":"Small Slimes","floor":1,"turns":1},{"damage":0,"enemies":"Cultist","floor":5,"turns":1},{"damage":0,"enemies":"Gremlin Nob","floor":6,"turns":1},{"damage":28,"enemies":"Lagavulin","floor":8,"turns":11},{"damage":2,"enemies":"2 Louse","floor":11,"turns":3},{"damage":30,"enemies":"3 Sentries","floor":12,"turns":16},{"damage":0,"enemies":"Lots of Slimes","floor":13,"turns":5},{"damage":21,"enemies":"Gremlin Gang","floor":14,"turns":6},{"damage":12,"enemies":"The Guardian","floor":16,"turns":12},{"damage":21,"enemies":"Spheric Guardian","floor":18,"turns":4},{"damage":11,"enemies":"Chosen","floor":20,"turns":6},{"damage":29,"enemies":"Sentry and Sphere","floor":21,"turns":9},{"damage":28,"enemies":"Cultist and Chosen","floor":22,"turns":5}],"seed_played":"-8428629353606341258","potions_obtained":[{"floor":1,"key":"Weak Potion"},{"floor":6,"key":"Fire Potion"},{"floor":8,"key":"FearPotion"},{"floor":12,"key":"SkillPotion"},{"floor":21,"key":"DuplicationPotion"}],"is_trial":false,"path_per_floor":["M","?","?","$","M","E","R","E","T","R","M","E","M","M","R","B",null,"M","?","M","M","M"],"character_chosen":"IRONCLAD","items_purchased":["Uppercut"],"campfire_rested":0,"item_purchase_floors":[4],"current_hp_per_floor":[74,79,79,79,80,80,80,58,58,58,62,38,44,29,29,23,66,51,51,46,23,0],"gold":305,"neow_bonus":"THREE_ENEMY_KILL","is_prod":false,"is_daily":false,"chose_seed":false,"campfire_upgraded":3,"win_rate":0,"timestamp":1568733910,"path_taken":["M","?","?","$","M","E","R","E","T","R","M","E","M","?","R","BOSS","M","?","?","M","M"],"build_version":"2019-09-16v2","purchased_purges":0,"victory":false,"max_hp_per_floor":[75,80,80,80,80,80,80,80,80,80,80,80,80,80,80,80,80,80,80,80,80,80],"card_choices":[{"not_picked":["Armaments","Sword Boomerang"],"picked":"Disarm","floor":1},{"not_picked":["Rupture","True Grit"],"picked":"Power Through","floor":5},{"not_picked":["Whirlwind","Clothesline"],"picked":"Flame Barrier","floor":6},{"not_picked":["Second Wind","Dropkick"],"picked":"Limit Break","floor":8},{"not_picked":["Dropkick","Wild Strike"],"picked":"Armaments","floor":11},{"not_picked":["Iron Wave","Burning Pact"],"picked":"Inflame","floor":12},{"not_picked":["Iron Wave","Uppercut"],"picked":"Hemokinesis","floor":13},{"not_picked":["Blood for Blood","Heavy Blade"],"picked":"Disarm","floor":14},{"not_picked":["Demon Form","Dark Embrace"],"picked":"Offering","floor":16},{"not_picked":["Warcry","Thunderclap","Clash"],"picked":"SKIP","floor":18},{"not_picked":["Uppercut","Flex"],"picked":"Sword Boomerang+1","floor":20},{"not_picked":["Headbutt","Iron Wave"],"picked":"Disarm","floor":21}],"player_experience":2064859,"relics_obtained":[{"floor":6,"key":"Oddly Smooth Stone"},{"floor":8,"key":"Art of War"},{"floor":9,"key":"Self Forming Clay"},{"floor":12,"key":"Champion Belt"}],"event_choices":[{"damage_healed":0,"gold_gain":0,"player_choice":"Donut","damage_taken":0,"max_hp_gain":5,"max_hp_loss":0,"event_name":"Big Fish","floor":2,"gold_loss":0},{"cards_removed":["Strike_R"],"damage_healed":0,"gold_gain":0,"player_choice":"Offered Basic","damage_taken":0,"max_hp_gain":0,"max_hp_loss":0,"event_name":"Bonfire Elementals","floor":3,"gold_loss":0},{"damage_healed":0,"gold_gain":0,"cards_transformed":["Strike_R","Strike_R"],"player_choice":"Transformed Cards","damage_taken":0,"max_hp_gain":0,"max_hp_loss":0,"event_name":"Designer","floor":19,"gold_loss":75,"cards_obtained":["Armaments","Carnage"]}],"is_beta":true,"boss_relics":[{"not_picked":["SacredBark","Busted Crown"],"picked":"Cursed Key"}],"items_purged_floors":[],"is_endless":false,"potions_floor_spawned":[1,6,8,12,21],"killed_by":"Cultist and Chosen","ascension_level":20}