{"gold_per_floor":[144,244,289,334,379,469,469,514,539,539,584,47,47,167,167,467,467,512,557,602,242,287,377,377,677,677,689,746,848,905,962,974,1286,1298,1355,1367,1424,1481,1538,1640,1652,1754,1791,1848,1260,1305,85,130,130,130],"floor_reached":51,"playtime":9632,"items_purged":[],"score":1165,"play_id":"2db4d4e7-5517-4645-884d-01254a247b23","local_time":"20190403100009","daily_mods":["Heirloom","Hoarder","Midas"],"is_ascension_mode":false,"campfire_choices":[{"floor":7,"key":"REST"},{"floor":10,"key":"REST"},{"floor":13,"key":"REST"},{"floor":15,"key":"REST"},{"floor":32,"key":"REST"},{"floor":41,"key":"REST"},{"floor":49,"key":"DIG"}],"neow_cost":"","seed_source_timestamp":0,"circlet_count":0,"master_deck":["Defend_G","Defend_G","Defend_G","Defend_G+1","Defend_G","Strike_G","Strike_G","Strike_G","Strike_G","Strike_G","Survivor","Neutralize","Dodge and Roll","Dodge and Roll","Dodge and Roll","Quick Slash","Quick Slash","Quick Slash","Deadly Poison","Deadly Poison","Deadly Poison","Flash of Steel","Flash of Steel","Flash of Steel","Escape Plan","Escape Plan","Escape Plan","Burst","Burst+1","Burst","Escape Plan","Escape Plan","Escape Plan","Escape Plan","Escape Plan","Escape Plan","After Image","After Image","After Image","Well Laid Plans","Well Laid Plans","Well Laid Plans","Footwork","Footwork","Footwork","Flechettes","Flechettes","Flechettes","Adrenaline","Adrenaline","Adrenaline","Backflip+1","Backflip+1","Backflip+1","Footwork+1","Footwork+1","Footwork+1","Bane+1","Bane+1","Bane+1","Poisoned Stab+1","Poisoned Stab+1","Poisoned Stab+1","Noxious Fumes+1","Noxious Fumes+1","Noxious Fumes+1","Caltrops","Caltrops","Caltrops"],"special_seed":17989,"relics":["Ring of the Snake","StoneCalendar","The Courier","Lantern","Membership Card","Mango","Strawberry","Vajra","Singing Bowl","Tiny Chest","White Beast Statue","TwistedFunnel","War Paint","Matryoshka","Potion Belt","FossilizedHelix","Pear","Blood Vial","MawBank","Regal Pillow","Fusion Hammer","Bag of Preparation","Centennial Puzzle","Kunai","Tingsha","Pen Nib","Bird Faced Urn","Mummified Hand","Snake Skull","OrangePellets","Oddly Smooth Stone","Thread and Needle","Bag of Marbles","Ancient Tea Set","Question Card","Pantograph","Dream Catcher","Paper Crane","Omamori","Letter Opener","Toxic Egg 2","The Specimen","Ninja Scroll","Bottled Lightning","Shovel","Sundial","Bottled Flame"],"potions_floor_usage":[16,18,19,25,25,33,33,33,38,50,50,50,50],"damage_taken":[{"damage":0,"enemies":"Jaw Worm","floor":1,"turns":5},{"damage":0,"enemies":"Cultist","floor":3,"turns":4},{"damage":2,"enemies":"2 Louse","floor":4,"turns":4},{"damage":0,"enemies":"Large Slime","floor":5,"turns":7},{"damage":30,"enemies":"Lagavulin","floor":6,"turns":7},{"damage":11,"enemies":"Exordium Wildlife","floor":8,"turns":7},{"damage":0,"enemies":"Red Slaver","floor":11,"turns":4},{"damage":1,"enemies":"3 Sentries","floor":14,"turns":7},{"damage":9,"enemies":"The Guardian","floor":16,"turns":9},{"damage":0,"enemies":"Shell Parasite","floor":18,"turns":5},{"damage":3,"enemies":"3 Byrds","floor":19,"turns":6},{"damage":27,"enemies":"Snake Plant","floor":20,"turns":6},{"damage":0,"enemies":"Centurion and Healer","floor":22,"turns":9},{"damage":0,"enemies":"Book of Stabbing","floor":23,"turns":7},{"damage":2,"enemies":"Colosseum Slavers","floor":25,"turns":5},{"damage":1,"enemies":"Colosseum Nobs","floor":25,"turns":4},{"damage":0,"enemies":"Shelled Parasite and Fungi","floor":28,"turns":3},{"damage":2,"enemies":"Slavers","floor":29,"turns":7},{"damage":0,"enemies":"Chosen and Byrds","floor":30,"turns":6},{"damage":0,"enemies":"Centurion and Healer","floor":31,"turns":7},{"damage":0,"enemies":"Collector","floor":33,"turns":9},{"damage":0,"enemies":"3 Shapes","floor":35,"turns":5},{"damage":0,"enemies":"Orb Walker","floor":37,"turns":3},{"damage":0,"enemies":"Writhing Mass","floor":38,"turns":7},{"damage":0,"enemies":"Maw","floor":39,"turns":7},{"damage":0,"enemies":"Reptomancer","floor":40,"turns":7},{"damage":0,"enemies":"Nemesis","floor":42,"turns":7},{"damage":2,"enemies":"Spire Growth","floor":44,"turns":4},{"damage":0,"enemies":"Writhing Mass","floor":46,"turns":4},{"damage":0,"enemies":"4 Shapes","floor":48,"turns":1},{"damage":0,"enemies":"Awakened One","floor":50,"turns":10}],"seed_played":"8059318561791735055","potions_obtained":[{"floor":1,"key":"Swift Potion"},{"floor":5,"key":"Strength Potion"},{"floor":6,"key":"AttackPotion"},{"floor":18,"key":"Dexterity Potion"},{"floor":19,"key":"Ancient Potion"},{"floor":20,"key":"GhostInAJar"},{"floor":23,"key":"Block Potion"},{"floor":25,"key":"LiquidBronze"},{"floor":28,"key":"SteroidPotion"},{"floor":29,"key":"SkillPotion"},{"floor":30,"key":"Explosive Potion"},{"floor":33,"key":"Dexterity Potion"},{"floor":35,"key":"Dexterity Potion"},{"floor":37,"key":"EssenceOfSteel"},{"floor":38,"key":"Fruit Juice"},{"floor":39,"key":"Block Potion"},{"floor":48,"key":"Strength Potion"}],"is_trial":false,"path_per_floor":["M","?","M","M","M","E","R","M","T","R","M","$","R","E","R","B",null,"M","M","M","$","M","E","?","?","T","?","M","E","M","M","R","B",null,"M","T","M","M","M","E","R","E","T","M","$","M","$","M","R","B",null],"character_chosen":"THE_SILENT","items_purchased":["Membership Card","Mango","Flash of Steel","Strawberry","Vajra","Singing Bowl","TwistedFunnel","War Paint","After Image","Matryoshka","Well Laid Plans","Footwork","Bird Faced Urn","Mummified Hand","Snake Skull","OrangePellets","Oddly Smooth Stone","Thread and Needle","Bag of Marbles","Ancient Tea Set","Question Card","Pantograph","Dream Catcher","Paper Crane","Omamori","Letter Opener","Toxic Egg 2","The Specimen","Ninja Scroll","Bottled Lightning","Shovel","Sundial"],"campfire_rested":6,"item_purchase_floors":[12,12,12,12,12,12,21,21,21,21,21,21,45,45,45,45,45,45,45,47,47,47,47,47,47,47,47,47,47,47,47,47],"current_hp_per_floor":[70,70,70,68,68,38,59,48,48,69,69,90,91,90,91,82,91,91,90,63,63,63,63,63,70,70,70,74,74,78,82,109,111,111,113,113,115,122,122,122,122,122,122,122,122,126,126,126,126,126],"gold":130,"neow_bonus":"","is_prod":false,"is_daily":true,"chose_seed":false,"campfire_upgraded":0,"win_rate":0,"timestamp":1554310809,"path_taken":["M","?","M","M","M","E","R","?","T","R","?","$","R","E","R","BOSS","M","M","M","$","?","E","?","?","T","?","M","E","?","M","R","BOSS","M","?","M","M","M","E","R","E","T","M","$","M","$","M","R","BOSS"],"build_version":"2019-01-23","purchased_purges":0,"victory":true,"max_hp_per_floor":[70,70,70,70,70,70,70,70,70,70,70,91,91,91,91,91,91,91,93,93,93,93,93,93,103,103,103,105,105,107,109,109,111,111,113,113,115,122,122,122,122,122,122,124,124,126,126,126,126,126],"card_choices":[{"not_picked":["Choke","Predator"],"picked":"Dodge and Roll","floor":1},{"not_picked":["All Out Attack","Bane","Riddle With Holes"],"picked":"SKIP","floor":3},{"not_picked":["Prepared","Cloak And Dagger"],"picked":"Quick Slash","floor":4},{"not_picked":["Quick Slash","Finisher","All Out Attack"],"picked":"SKIP","floor":5},{"not_picked":["Flying Knee","Bane","Dagger Spray"],"picked":"SKIP","floor":6},{"not_picked":["Accuracy","Bane"],"picked":"Deadly Poison","floor":8},{"not_picked":["Terror","Doppelganger","Choke"],"picked":"SKIP","floor":11},{"not_picked":["Leg Sweep","Riddle With Holes"],"picked":"Escape Plan","floor":14},{"not_picked":["Grand Finale","A Thousand Cuts"],"picked":"Burst","floor":16},{"not_picked":["Underhanded Strike+1","Accuracy"],"picked":"Escape Plan","floor":18},{"not_picked":["Deadly Poison","Poisoned Stab","Outmaneuver"],"picked":"Singing Bowl","floor":19},{"not_picked":["Dodge and Roll+1","PiercingWail"],"picked":"Escape Plan","floor":20},{"not_picked":["Calculated Gamble","Dagger Throw+1"],"picked":"Flechettes","floor":22},{"not_picked":["Prepared+1","Tools of the Trade"],"picked":"Adrenaline","floor":23},{"not_picked":["Endless Agony","Sucker Punch"],"picked":"Backflip+1","floor":25},{"not_picked":["Setup","Poisoned Stab","Prepared+1"],"picked":"Singing Bowl","floor":28},{"not_picked":["Backflip","Acrobatics"],"picked":"Footwork+1","floor":29},{"not_picked":["Crippling Poison","Blade Dance+1","Outmaneuver+1"],"picked":"Singing Bowl","floor":30},{"not_picked":["Leg Sweep","Backflip","Acrobatics"],"picked":"Singing Bowl","floor":31},{"not_picked":["Grand Finale","After Image","Phantasmal Killer"],"picked":"Singing Bowl","floor":33},{"not_picked":["Masterful Stab+1","Quick Slash","Calculated Gamble"],"picked":"Singing Bowl","floor":35},{"not_picked":["Setup","All Out Attack","Dagger Throw"],"picked":"Singing Bowl","floor":37},{"not_picked":["Dodge and Roll","Acrobatics+1","Underhanded Strike"],"picked":"Singing Bowl","floor":38},{"not_picked":["Prepared","PiercingWail+1"],"picked":"Bane+1","floor":39},{"not_picked":["Deadly Poison","Bane"],"picked":"Poisoned Stab+1","floor":40},{"not_picked":["Dash+1","Glass Knife"],"picked":"Noxious Fumes+1","floor":42},{"not_picked":["Footwork","Outmaneuver","Flying Knee+1"],"picked":"Singing Bowl","floor":44},{"not_picked":["PiercingWail","Dagger Spray+1","Sucker Punch+1"],"picked":"Singing Bowl","floor":46},{"not_picked":["Dodge and Roll+1","Prepared+1","Backflip+1"],"picked":"Caltrops","floor":48}],"player_experience":497004,"relics_obtained":[{"floor":6,"key":"The Courier"},{"floor":9,"key":"Lantern"},{"floor":14,"key":"Tiny Chest"},{"floor":23,"key":"Potion Belt"},{"floor":25,"key":"FossilizedHelix"},{"floor":25,"key":"Pear"},{"floor":26,"key":"Blood Vial"},{"floor":26,"key":"MawBank"},{"floor":29,"key":"Regal Pillow"},{"floor":36,"key":"Bag of Preparation"},{"floor":36,"key":"Centennial Puzzle"},{"floor":40,"key":"Kunai"},{"floor":42,"key":"Tingsha"},{"floor":43,"key":"Pen Nib"},{"floor":49,"key":"Bottled Flame"}],"event_choices":[{"damage_healed":0,"gold_gain":100,"player_choice":"Pray","damage_taken":0,"max_hp_gain":0,"max_hp_loss":0,"event_name":"Golden Shrine","floor":2,"gold_loss":0},{"damage_healed":0,"gold_gain":0,"player_choice":"Ignored","damage_taken":0,"max_hp_gain":0,"max_hp_loss":0,"event_name":"The Mausoleum","floor":24,"gold_loss":0},{"damage_healed":0,"gold_gain":0,"player_choice":"Fight","damage_taken":0,"max_hp_gain":0,"max_hp_loss":0,"event_name":"Colosseum","floor":25,"gold_loss":0},{"damage_healed":0,"gold_gain":0,"player_choice":"Fought Nobs","damage_taken":0,"max_hp_gain":0,"max_hp_loss":0,"event_name":"Colosseum","floor":25,"gold_loss":0},{"damage_healed":0,"gold_gain":0,"player_choice":"Ignored","damage_taken":0,"max_hp_gain":0,"max_hp_loss":0,"event_name":"Vampires","floor":27,"gold_loss":0}],"is_beta":false,"boss_relics":[{"not_picked":["Cursed Key","WristBlade"],"picked":"White Beast Statue"},{"not_picked":["Ring of the Serpent","Runic Pyramid"],"picked":"Fusion Hammer"}],"items_purged_floors":[],"is_endless":false,"potions_floor_spawned":[1,5,6,14,18,19,20,22,23,25,25,28,29,30,31,33,35,37,38,39,40,42,44,46,48],"ascension_level":0}