{"path_per_floor":["M","M","M","?","M","R","$","R","T","M","E","R","E","M","R","B",null,"M","$","?","M","M"],"character_chosen":"THE_SILENT","items_purchased":["Dramatic Entrance","Oddly Smooth Stone"],"gold_per_floor":[113,132,149,99,114,114,14,14,14,30,59,59,84,100,100,202,202,213,70,70,85,105,105],"floor_reached":23,"campfire_rested":1,"playtime":1110,"item_purchase_floors":[7,19],"current_hp_per_floor":[68,68,68,68,62,62,62,62,62,64,61,61,41,27,48,26,70,54,54,54,56,23,0],"items_purged":[],"gold":105,"score":269,"play_id":"0d7a73ac-3bfe-435d-9f2f-b35cd8fd7427","local_time":"20180527121212","is_prod":false,"is_daily":false,"chose_seed":false,"is_ascension_mode":true,"campfire_upgraded":3,"win_rate":0,"timestamp":1527415932,"campfire_choices":[{"data":"Skewer","floor":6,"key":"SMITH"},{"data":"Dramatic Entrance","floor":8,"key":"SMITH"},{"data":"Noxious Fumes","floor":12,"key":"SMITH"},{"floor":15,"key":"REST"}],"path_taken":["M","M","M","?","?","R","?","R","T","M","E","R","E","M","R","BOSS","M","$","?","M","M","E"],"build_version":"2018-05-25","seed_source_timestamp":819216885176,"purchased_purges":0,"victory":false,"master_deck":["Defend_G","Defend_G","Defend_G","Defend_G","Strike_G","Strike_G","Strike_G","Strike_G","Strike_G","Survivor","Neutralize","Skewer+1","Underhanded Strike","Sucker Punch","Poisoned Stab","Dramatic Entrance+1","Underhanded Strike","Noxious Fumes+1","Choke","Envenom","Venomology","Backflip","Burst","Backflip","Backflip","Escape Plan","Backflip+1","Choke","Backflip","Night Terror"],"max_hp_per_floor":[70,70,70,70,70,70,70,70,70,70,70,70,70,70,70,70,70,70,70,70,70,70,70],"relics":["Snecko Eye","Blood Vial","Matryoshka","Tough Bandages","Orrery","Oddly Smooth Stone"],"card_choices":[{"not_picked":["Endless Agony","Prepared"],"picked":"Skewer","floor":1},{"not_picked":["Calculated Gamble","Flying Knee"],"picked":"Underhanded Strike","floor":2},{"not_picked":["Accuracy","Dodge and Roll"],"picked":"Sucker Punch","floor":3},{"not_picked":["Footwork","Distraction"],"picked":"Poisoned Stab","floor":5},{"not_picked":["Dagger Throw","PiercingWail"],"picked":"Underhanded Strike","floor":10},{"not_picked":["Dagger Spray","Backflip"],"picked":"Noxious Fumes","floor":11},{"not_picked":["Finisher","Poisoned Stab"],"picked":"Choke","floor":13},{"not_picked":["Prepared","Accuracy"],"picked":"Envenom","floor":14},{"not_picked":["Grand Finale","Adrenaline"],"picked":"Venomology","floor":16},{"not_picked":["PiercingWail","Sucker Punch"],"picked":"Backflip","floor":17},{"not_picked":["Flying Knee","Bane"],"picked":"Burst","floor":17},{"not_picked":["Terror","Dagger Spray"],"picked":"Backflip","floor":17},{"not_picked":["Expertise","Slice"],"picked":"Backflip","floor":17},{"not_picked":["Caltrops","Backstab"],"picked":"Escape Plan","floor":17},{"not_picked":["Poisoned Stab","Concentrate"],"picked":"Backflip+1","floor":18},{"not_picked":["Acrobatics","Sucker Punch"],"picked":"Backflip","floor":21},{"not_picked":["Terror+1","Poisoned Stab"],"picked":"Night Terror","floor":22}],"player_experience":219240,"potions_floor_usage":[14,16,16,22,22,22,23],"damage_taken":[{"damage":2,"enemies":"Small Slimes","floor":1,"turns":5},{"damage":0,"enemies":"2 Louse","floor":2,"turns":2},{"damage":0,"enemies":"Cultist","floor":3,"turns":4},{"damage":6,"enemies":"Lots of Slimes","floor":5,"turns":4},{"damage":0,"enemies":"Large Slime","floor":10,"turns":4},{"damage":5,"enemies":"Gremlin Nob","floor":11,"turns":4},{"damage":22,"enemies":"3 Sentries","floor":13,"turns":5},{"damage":16,"enemies":"Gremlin Gang","floor":14,"turns":3},{"damage":24,"enemies":"Slime Boss","floor":16,"turns":7},{"damage":16,"enemies":"Spheric Guardian","floor":18,"turns":4},{"damage":0,"enemies":"Chosen","floor":21,"turns":2},{"damage":35,"enemies":"Centurion and Healer","floor":22,"turns":6},{"damage":26,"enemies":"Book of Stabbing","floor":23,"turns":2}],"relics_obtained":[{"floor":9,"key":"Blood Vial"},{"floor":11,"key":"Matryoshka"},{"floor":13,"key":"Tough Bandages"}],"event_choices":[{"event_name":"The Cleric","player_choice":"Card Removal","floor":4,"damage_taken":0},{"event_name":"Duplicator","player_choice":"One dupe","floor":20,"damage_taken":0}],"boss_relics":[{"not_picked":["Velvet Choker","Eternal Feather"],"picked":"Orrery"}],"items_purged_floors":[],"potions_floor_spawned":[1,10,11,13,21],"seed_played":"47894397694360549","killed_by":"Book of Stabbing","ascension_level":4,"potions_obtained":[{"floor":1,"key":"SpeedPotion"},{"floor":10,"key":"GhostInAJar"},{"floor":11,"key":"Ancient Potion"},{"floor":13,"key":"EssenceOfSteel"},{"floor":21,"key":"Dexterity Potion"}],"is_trial":false}