{"gold_per_floor":[116,134,134,134,151,151,184,184,207,20,30,30,62,75,75,75],"floor_reached":16,"playtime":366,"items_purged":["Strike_R"],"score":220,"play_id":"8d794c8a-ebfd-4dfd-95e9-4aec62eb8f0a","local_time":"20190306221441","is_ascension_mode":true,"campfire_choices":[{"data":"Armaments","floor":6,"key":"SMITH"},{"data":"Disarm","floor":8,"key":"SMITH"},{"data":"Spot Weakness","floor":12,"key":"SMITH"},{"data":"Spot Weakness","floor":15,"key":"SMITH"}],"neow_cost":"NONE","seed_source_timestamp":39987559548057,"circlet_count":0,"master_deck":["AscendersBane","Strike_R","Strike_R","Strike_R","Strike_R","Defend_R","Defend_R","Defend_R","Defend_R","Bash+1","Armaments+1","Anger","Disarm+1","Spot Weakness+1","Twin Strike","Spot Weakness+1"],"relics":["Burning Blood","Turnip","hubris:Towel","Lantern","Vajra","Singing Bowl"],"potions_floor_usage":[13,13,16],"damage_taken":[{"damage":2,"enemies":"Cultist","floor":1,"turns":4},{"damage":0,"enemies":"2 Louse","floor":2,"turns":4},{"damage":2,"enemies":"Jaw Worm","floor":5,"turns":3},{"damage":26,"enemies":"Lagavulin","floor":7,"turns":7},{"damage":22,"enemies":"Exordium Wildlife","floor":11,"turns":4},{"damage":26,"enemies":"Gremlin Nob","floor":13,"turns":4},{"damage":14,"enemies":"Large Slime","floor":14,"turns":4},{"damage":16,"enemies":"The Guardian","floor":16,"turns":5}],"seed_played":"8405511856415984505","potions_obtained":[{"floor":2,"key":"Weak Potion"},{"floor":11,"key":"Strength Potion"},{"floor":13,"key":"Block Potion"}],"is_trial":false,"path_per_floor":["M","M","T","?","M","R","E","R","T","$","M","R","E","M","R","B"],"character_chosen":"IRONCLAD","items_purchased":["Spot Weakness","Twin Strike"],"campfire_rested":0,"item_purchase_floors":[10,10],"current_hp_per_floor":[72,75,75,75,75,75,55,55,55,55,39,39,21,15,15,0],"gold":75,"neow_bonus":"UPGRADE_CARD","is_prod":false,"is_daily":false,"chose_seed":false,"campfire_upgraded":4,"win_rate":0,"timestamp":1551906881,"path_taken":["M","?","?","?","?","R","E","R","T","?","M","R","E","M","R","BOSS"],"build_version":"2019-01-23","purchased_purges":1,"victory":false,"max_hp_per_floor":[75,75,75,75,75,75,75,75,75,75,75,75,77,79,79,79],"card_choices":[{"not_picked":["Blood for Blood","Power Through"],"picked":"Armaments","floor":1},{"not_picked":["Blood for Blood","Armaments"],"picked":"Anger","floor":2},{"not_picked":["Twin Strike","Anger"],"picked":"Disarm","floor":5},{"not_picked":["Searing Blow","Armaments","Clash"],"picked":"SKIP","floor":7},{"not_picked":["Sword Boomerang","Cleave"],"picked":"Spot Weakness","floor":11},{"not_picked":["Power Through","hubris:ReadiedAction","Wild Strike"],"picked":"Singing Bowl","floor":13},{"not_picked":["Brutality","Warcry","Armaments"],"picked":"Singing Bowl","floor":14}],"player_experience":1382256,"relics_obtained":[{"floor":3,"key":"Turnip"},{"floor":7,"key":"Lantern"},{"floor":9,"key":"Vajra"},{"floor":13,"key":"Singing Bowl"}],"event_choices":[],"is_beta":false,"boss_relics":[],"items_purged_floors":[10],"is_endless":false,"potions_floor_spawned":[2,11,13],"killed_by":"The Guardian","ascension_level":20}