{"gold_per_floor":[14,34,54,70,70,98,98,126,126,160,178,204,204,220,220,220],"floor_reached":16,"playtime":4452,"items_purged":[],"score":170,"play_id":"d051d0b8-fbfa-465d-bda9-1e625f3e1f3f","local_time":"20190214122540","is_ascension_mode":true,"campfire_choices":[{"data":"Pommel Strike","floor":7,"key":"SMITH"},{"data":"Intimidate","floor":15,"key":"SMITH"}],"neow_cost":"NO_GOLD","seed_source_timestamp":72149952442696,"circlet_count":0,"master_deck":["Strike_R","Strike_R","Defend_R","Defend_R","Defend_R","Defend_R","Bash","Clash","Pommel Strike+1","Cleave","Headbutt","Feel No Pain","Ghostly Armor","Intimidate+1","Burning Pact","Heavy Blade","Whirlwind"],"relics":["Burning Blood","Mango","Ancient Tea Set","Shuriken","Mummified Hand"],"potions_floor_usage":[4,6,8,12,16],"damage_taken":[{"damage":2,"enemies":"Small Slimes","floor":1,"turns":5},{"damage":0,"enemies":"2 Louse","floor":2,"turns":3},{"damage":0,"enemies":"Cultist","floor":3,"turns":3},{"damage":0,"enemies":"2 Fungi Beasts","floor":4,"turns":1},{"damage":31,"enemies":"Lagavulin","floor":6,"turns":7},{"damage":11,"enemies":"Gremlin Nob","floor":8,"turns":3},{"damage":47,"enemies":"Lagavulin","floor":10,"turns":11},{"damage":0,"enemies":"Exordium Wildlife","floor":11,"turns":3},{"damage":29,"enemies":"Gremlin Nob","floor":12,"turns":5},{"damage":5,"enemies":"Lots of Slimes","floor":14,"turns":3},{"damage":15,"enemies":"Hexaghost","floor":16,"turns":9}],"seed_played":"-7421304772568163906","potions_obtained":[{"floor":3,"key":"Explosive Potion"},{"floor":4,"key":"EssenceOfSteel"},{"floor":6,"key":"Poison Potion"},{"floor":10,"key":"Explosive Potion"},{"floor":12,"key":"Dexterity Potion"}],"is_trial":false,"path_per_floor":["M","M","M","M","?","E","R","E","T","E","M","E","?","M","R","B"],"character_chosen":"IRONCLAD","items_purchased":[],"campfire_rested":0,"item_purchase_floors":[],"current_hp_per_floor":[80,80,80,80,85,74,74,69,69,28,34,11,11,12,12,0],"gold":220,"neow_bonus":"REMOVE_TWO","is_prod":false,"is_daily":false,"chose_seed":false,"campfire_upgraded":2,"win_rate":0,"timestamp":1550175940,"path_taken":["M","M","M","M","?","E","R","E","T","E","M","E","?","M","R","BOSS"],"build_version":"2019-01-23","purchased_purges":0,"victory":false,"max_hp_per_floor":[80,80,80,80,85,99,99,99,99,99,99,99,99,99,99,99],"card_choices":[{"not_picked":["True Grit","Wild Strike"],"picked":"Clash","floor":1},{"not_picked":["Havoc","Impervious"],"picked":"Pommel Strike","floor":2},{"not_picked":["Fire Breathing","Body Slam"],"picked":"Cleave","floor":3},{"not_picked":["Rupture","Wild Strike"],"picked":"Headbutt","floor":4},{"not_picked":["Perfected Strike","Reckless Charge"],"picked":"Feel No Pain","floor":6},{"not_picked":["Anger","Shockwave"],"picked":"Ghostly Armor","floor":8},{"not_picked":["True Grit","Pummel"],"picked":"Intimidate","floor":10},{"not_picked":["Dropkick","Combust"],"picked":"Burning Pact","floor":11},{"not_picked":["Blood for Blood","True Grit"],"picked":"Heavy Blade","floor":12},{"not_picked":["Sword Boomerang","Heavy Blade"],"picked":"Whirlwind","floor":14}],"player_experience":168814,"relics_obtained":[{"floor":6,"key":"Mango"},{"floor":8,"key":"Ancient Tea Set"},{"floor":10,"key":"Shuriken"},{"floor":12,"key":"Mummified Hand"}],"event_choices":[{"damage_healed":0,"gold_gain":0,"player_choice":"Donut","damage_taken":0,"max_hp_gain":5,"max_hp_loss":0,"event_name":"Big Fish","floor":5,"gold_loss":0},{"cards_removed":["Strike_R"],"damage_healed":0,"gold_gain":0,"player_choice":"Forget","damage_taken":0,"max_hp_gain":0,"max_hp_loss":0,"event_name":"Living Wall","floor":13,"gold_loss":0}],"is_beta":false,"boss_relics":[],"items_purged_floors":[],"is_endless":false,"potions_floor_spawned":[3,4,6,10,12],"killed_by":"Hexaghost","ascension_level":2}