{"path_per_floor":["M","M","$","M","M","R","?","R","T","E","M","M","R","E","R","B",null,"M","M","M","$","M","R","E","?","T"],"character_chosen":"DEFECT","items_purchased":["Static Discharge","Bottled Lightning","Finesse"],"gold_per_floor":[212,227,159,170,186,186,186,186,236,269,282,297,297,327,327,428,428,442,452,466,127,141,141,169,169,214,214],"floor_reached":27,"campfire_rested":1,"playtime":1443,"item_purchase_floors":[3,21,21],"current_hp_per_floor":[74,70,70,68,61,61,61,61,61,46,39,38,62,62,62,22,80,80,73,71,71,54,54,4,4,4,0],"items_purged":[],"gold":214,"score":297,"play_id":"2d777863-8fb7-4477-bc20-0dbd657665fb","local_time":"20180527125344","is_prod":false,"is_daily":false,"chose_seed":false,"is_ascension_mode":true,"campfire_upgraded":4,"win_rate":0,"timestamp":1527418424,"campfire_choices":[{"data":"Chill","floor":6,"key":"SMITH"},{"data":"Consume","floor":8,"key":"SMITH"},{"floor":13,"key":"REST"},{"data":"Echo Form","floor":15,"key":"SMITH"},{"data":"Dualcast","floor":23,"key":"SMITH"}],"path_taken":["M","?","$","M","M","R","?","R","T","E","M","M","R","E","R","BOSS","M","M","?","$","M","R","E","?","T","E"],"build_version":"2018-05-25","seed_source_timestamp":2977138708767,"purchased_purges":0,"victory":false,"master_deck":["Strike_B","Strike_B","Strike_B","Strike_B","Defend_B","Defend_B","Defend_B","Zap","Dualcast+1","Capacitor","Chill+1","Static Discharge","Consume+1","BootSequence","Redo","Chill","Echo Form+1","Rip and Tear","Thunder Strike","Compile Driver","Doom and Gloom+1","Hologram","Finesse","Doom and Gloom","Storm"],"max_hp_per_floor":[75,75,75,75,75,75,75,75,75,80,80,80,80,80,80,80,80,80,80,80,80,80,80,80,80,80,80],"relics":["Cracked Core","Art of War","Bronze Scales","Orichalcum","Inserter","Bottled Lightning","Shovel","Boot"],"card_choices":[{"not_picked":["Sweeping Beam","Turbo"],"picked":"Capacitor","floor":1},{"not_picked":["BootSequence","Ball Lightning"],"picked":"Chill","floor":2},{"not_picked":["Streamline","Ball Lightning"],"picked":"Consume","floor":4},{"not_picked":["Compile Driver","Stack"],"picked":"BootSequence","floor":5},{"not_picked":["Beam Cell","Force Field"],"picked":"Redo","floor":10},{"not_picked":["Redo","BootSequence"],"picked":"Chill","floor":11},{"not_picked":["Go for the Eyes","Hologram"],"picked":"Echo Form","floor":12},{"not_picked":["Turbo","Beam Cell"],"picked":"Rip and Tear","floor":14},{"not_picked":["Amplify","Machine Learning"],"picked":"Thunder Strike","floor":16},{"not_picked":["Redo","Genetic Algorithm"],"picked":"Compile Driver","floor":18},{"not_picked":["Cold Snap","Stack"],"picked":"Doom and Gloom+1","floor":19},{"not_picked":["Cold Snap+1","Aggregate"],"picked":"Hologram","floor":20},{"not_picked":["Hologram","Gash+1"],"picked":"Doom and Gloom","floor":22},{"not_picked":["Aggregate","Barrage"],"picked":"Storm","floor":24}],"player_experience":220761,"potions_floor_usage":[10,10,16,20],"damage_taken":[{"damage":1,"enemies":"Cultist","floor":1,"turns":3},{"damage":4,"enemies":"Small Slimes","floor":2,"turns":4},{"damage":2,"enemies":"Jaw Worm","floor":4,"turns":3},{"damage":7,"enemies":"Looter","floor":5,"turns":4},{"damage":20,"enemies":"Gremlin Nob","floor":10,"turns":5},{"damage":7,"enemies":"Lots of Slimes","floor":11,"turns":4},{"damage":1,"enemies":"Blue Slaver","floor":12,"turns":4},{"damage":0,"enemies":"Lagavulin","floor":14,"turns":7},{"damage":40,"enemies":"Hexaghost","floor":16,"turns":8},{"damage":0,"enemies":"3 Byrds","floor":18,"turns":3},{"damage":7,"enemies":"Shell Parasite","floor":19,"turns":4},{"damage":2,"enemies":"Centurion and Healer","floor":20,"turns":9},{"damage":17,"enemies":"Slaver and Parasite","floor":22,"turns":6},{"damage":50,"enemies":"Gremlin Leader","floor":24,"turns":6},{"damage":6,"enemies":"Book of Stabbing","floor":27,"turns":1}],"relics_obtained":[{"floor":9,"key":"Art of War"},{"floor":10,"key":"Bronze Scales"},{"floor":14,"key":"Orichalcum"},{"floor":24,"key":"Shovel"},{"floor":26,"key":"Boot"}],"event_choices":[{"event_name":"Bonfire Elementals","player_choice":"BASIC","floor":7,"damage_taken":0},{"event_name":"Cursed Tome","player_choice":"Ignored","floor":25,"damage_taken":0}],"boss_relics":[{"not_picked":["Lizard Tail","Runic Pyramid"],"picked":"Inserter"}],"items_purged_floors":[],"potions_floor_spawned":[4,5,14,18],"seed_played":"2827704995182728008","killed_by":"Book of Stabbing","ascension_level":2,"potions_obtained":[{"floor":4,"key":"Dexterity Potion"},{"floor":5,"key":"Fruit Juice"},{"floor":14,"key":"SkillPotion"},{"floor":18,"key":"Fire Potion"}],"is_trial":false}