{"path_per_floor":["M","?","M","M","M","E","R","E","T","M","$","R","$","M","R","B",null,"M","M","?","M","M","E","M","R","T","R","E","M","$","E","R","B",null,"M","M","$","M","T","R","E","M","T","E","?","$","?","M","R","B"],"character_chosen":"DEFECT","items_purchased":["Apotheosis","Tempest","Incense Burner","Anchor","Defragment"],"gold_per_floor":[115,115,128,145,160,185,185,211,211,225,33,33,33,52,52,151,151,164,178,178,188,201,228,244,244,244,244,269,281,203,238,238,340,340,358,369,72,83,109,109,141,152,152,183,183,5,5,22,22,22],"floor_reached":51,"campfire_rested":7,"playtime":2155,"item_purchase_floors":[],"current_hp_per_floor":[66,59,59,55,53,11,33,3,3,3,3,25,25,25,25,13,60,64,56,40,40,40,16,15,37,37,59,49,49,49,35,72,33,65,65,65,65,59,59,75,54,53,53,29,29,29,29,29,66,20],"items_purged":[],"gold":22,"score":1132,"play_id":"af458e22-e5b6-4576-874e-bf5125413e9e","local_time":"20180616220752","is_prod":false,"is_daily":false,"chose_seed":false,"is_ascension_mode":true,"campfire_upgraded":1,"win_rate":0,"timestamp":1529179672,"campfire_choices":[{"floor":7.0,"key":"REST"},{"floor":12.0,"key":"REST"},{"data":"Apotheosis","floor":15.0,"key":"SMITH"},{"floor":25,"key":"REST"},{"floor":27,"key":"REST"},{"floor":32,"key":"REST"},{"floor":40,"key":"REST"},{"floor":49,"key":"REST"}],"path_taken":["M","?","M","M","M","E","R","E","T","M","$","R","$","M","R","BOSS","M","M","?","M","M","E","M","R","T","R","E","M","$","E","R","BOSS","M","M","$","M","?","R","E","M","T","E","?","$","?","M","R","BOSS"],"build_version":"2018-06-14v2","seed_source_timestamp":0,"purchased_purges":0,"victory":true,"master_deck":["Strike_B","Strike_B","Strike_B","Strike_B","Defend_B","Defend_B","Defend_B","Zap","Dualcast","Go for the Eyes","Genetic Algorithm","Steam Power","Hello World","Turbo","Leap","Streamline","Apotheosis+1","Thunder Strike","Multi-Cast","Doom and Gloom","Beam Cell+1","Necronomicurse","Sunder","Sunder+1","Glacier","Stack+1","Storm","Aggregate+1","Tempest","Consume","Buffer","Decay","Redo+1","Defragment+1","Darkness+1","Decay","Defragment","Panacea"],"max_hp_per_floor":[75,75,75,75,75,75,75,75,75,75,75,75,75,75,75,75,75,75,75,75,75,75,75,75,75,75,75,75,75,75,75,75,75,75,75,75,75,75,75,75,75,75,75,75,75,75,75,75,75,75],"special_seed":0,"relics":["Cracked Core","Calipers","Toolbox","Cables","Fusion Hammer","Necronomicon","Kunai","Bottled Lightning","Regal Pillow","Molten Egg 2","Cursed Key","Incense Burner","Vajra","Du-Vu Doll","Dead Branch","The Courier","Anchor"],"card_choices":[{"not_picked":["Hologram","Cold Snap"],"picked":"Go for the Eyes","floor":1.0},{"not_picked":["Turbo","Sweeping Beam"],"picked":"Genetic Algorithm","floor":3.0},{"not_picked":["Force Field","Heatsinks"],"picked":"Steam Power","floor":4.0},{"not_picked":["Go for the Eyes","Steam"],"picked":"Hello World","floor":5.0},{"not_picked":["Rainbow","Stack"],"picked":"Turbo","floor":6.0},{"not_picked":["Redo","Cold Snap"],"picked":"Leap","floor":8.0},{"not_picked":["Stack","Steam"],"picked":"Streamline","floor":10.0},{"not_picked":["Turbo","Conserve Battery"],"picked":"Thunder Strike","floor":14.0},{"not_picked":["All For One","Hyperbeam"],"picked":"Multi-Cast","floor":16.0},{"not_picked":["Darkness","Barrage"],"picked":"Doom and Gloom","floor":18},{"not_picked":["Steam","Hologram"],"picked":"Beam Cell+1","floor":19},{"not_picked":["Compile Driver","Ball Lightning"],"picked":"Sunder","floor":21},{"not_picked":["Go for the Eyes","Compile Driver"],"picked":"Sunder+1","floor":22},{"not_picked":["Lockon","Compile Driver+1"],"picked":"Glacier","floor":23},{"not_picked":["Compile Driver","Fusion"],"picked":"Stack+1","floor":24},{"not_picked":["Capacitor","Coolheaded"],"picked":"Storm","floor":28},{"not_picked":["Blizzard","Gash"],"picked":"Aggregate+1","floor":29},{"not_picked":["Go for the Eyes","Ball Lightning"],"picked":"Consume","floor":31},{"not_picked":["Machine Learning","Reboot"],"picked":"Buffer","floor":33},{"not_picked":["Coolheaded+1","Gash+1","Streamline+1"],"picked":"SKIP","floor":35},{"not_picked":["Gash+1","Compile Driver+1","Ball Lightning+1"],"picked":"SKIP","floor":36},{"not_picked":["Streamline+1","Rebound+1","Go for the Eyes+1"],"picked":"SKIP","floor":38},{"not_picked":["Reprogram+1","Rip and Tear+1"],"picked":"Redo+1","floor":41},{"not_picked":["Conserve Battery","Hologram+1"],"picked":"Defragment+1","floor":42},{"not_picked":["Leap","Rebound+1"],"picked":"Darkness+1","floor":44},{"not_picked":["Swift Strike+1","Sadistic Nature"],"picked":"Panacea","floor":47},{"not_picked":["Cold Snap+1","Coolheaded","Go for the Eyes+1"],"picked":"SKIP","floor":48}],"player_experience":348934,"potions_floor_usage":[19,23,23,33,33,44,44],"damage_taken":[{"damage":2.0,"enemies":"Jaw Worm","floor":1.0,"turns":3.0},{"damage":0.0,"enemies":"2 Louse","floor":3.0,"turns":2.0},{"damage":4.0,"enemies":"Cultist","floor":4.0,"turns":3.0},{"damage":2.0,"enemies":"3 Louse","floor":5.0,"turns":3.0},{"damage":42.0,"enemies":"3 Sentries","floor":6.0,"turns":7.0},{"damage":30.0,"enemies":"Lagavulin","floor":8.0,"turns":7.0},{"damage":0.0,"enemies":"Looter","floor":10.0,"turns":3.0},{"damage":0.0,"enemies":"Blue Slaver","floor":14.0,"turns":2.0},{"damage":12.0,"enemies":"The Guardian","floor":16.0,"turns":10.0},{"damage":0,"enemies":"Spheric Guardian","floor":18,"turns":3},{"damage":8,"enemies":"2 Thieves","floor":19,"turns":3},{"damage":0,"enemies":"Snake Plant","floor":21,"turns":2},{"damage":0,"enemies":"3 Cultists","floor":22,"turns":3},{"damage":24,"enemies":"Gremlin Leader","floor":23,"turns":3},{"damage":1,"enemies":"Cultist and Chosen","floor":24,"turns":5},{"damage":10,"enemies":"Book of Stabbing","floor":28,"turns":4},{"damage":0,"enemies":"Snecko","floor":29,"turns":4},{"damage":14,"enemies":"Slavers","floor":31,"turns":3},{"damage":39,"enemies":"Automaton","floor":33,"turns":7},{"damage":0,"enemies":"3 Darklings","floor":35,"turns":2},{"damage":0,"enemies":"Orb Walker","floor":36,"turns":3},{"damage":6,"enemies":"Flame Bruiser 2 Orb","floor":38,"turns":3},{"damage":21,"enemies":"2 Orb Walkers","floor":41,"turns":4},{"damage":1,"enemies":"Sphere and 2 Shapes","floor":42,"turns":3},{"damage":24,"enemies":"Nemesis","floor":44,"turns":3},{"damage":0,"enemies":"Spire Growth","floor":48,"turns":2},{"damage":46,"enemies":"Time Eater","floor":50,"turns":8}],"relics_obtained":[{"floor":6.0,"key":"Calipers"},{"floor":8.0,"key":"Toolbox"},{"floor":9.0,"key":"Cables"},{"floor":20,"key":"Necronomicon"},{"floor":23,"key":"Kunai"},{"floor":26,"key":"Bottled Lightning"},{"floor":28,"key":"Regal Pillow"},{"floor":31,"key":"Molten Egg 2"},{"floor":39,"key":"Vajra"},{"floor":41,"key":"Du-Vu Doll"},{"floor":43,"key":"Dead Branch"},{"floor":44,"key":"The Courier"}],"event_choices":[{"event_name":"Golden Wing","player_choice":"Card Removal","floor":2.0,"damage_taken":0.0},{"event_name":"Cursed Tome","player_choice":"Obtained Book","floor":20,"damage_taken":0},{"event_name":"Transmorgrifier","player_choice":"Transform","floor":45,"damage_taken":0},{"event_name":"SensoryStone","player_choice":"Memory 1","floor":47,"damage_taken":0}],"boss_relics":[{"not_picked":["Black Star","Orrery"],"picked":"Fusion Hammer"},{"not_picked":["White Beast Statue","Nuclear Battery"],"picked":"Cursed Key"}],"items_purged_floors":[],"is_endless":false,"potions_floor_spawned":[3,8,10,18,21,22,29,31,35,36,44],"seed_played":"6196687847632563458","ascension_level":9,"potions_obtained":[{"floor":3.0,"key":"SmokeBomb"},{"floor":8.0,"key":"Block Potion"},{"floor":10.0,"key":"Fire Potion"},{"floor":18,"key":"GamblersBrew"},{"floor":21,"key":"SkillPotion"},{"floor":22,"key":"FocusPotion"},{"floor":29,"key":"FocusPotion"},{"floor":31,"key":"AttackPotion"},{"floor":35,"key":"AttackPotion"},{"floor":36,"key":"FocusPotion"},{"floor":44,"key":"SpeedPotion"}],"is_trial":false}