{"gold_per_floor":[19,19,34,34,54,54,387,387,387,462,462,487,522,543,543,543],"floor_reached":16,"playtime":1386,"items_purged":[],"score":146,"play_id":"5534b79a-d9ce-4c92-8219-8543440308a5","local_time":"20190215141638","is_ascension_mode":true,"campfire_choices":[{"data":"Intimidate","floor":6,"key":"SMITH"},{"data":"Uppercut","floor":8,"key":"SMITH"},{"data":"Entrench","floor":15,"key":"SMITH"}],"neow_cost":"NO_GOLD","seed_source_timestamp":168272856040681,"circlet_count":0,"master_deck":["Strike_R","Strike_R","Strike_R","Strike_R","Strike_R","Defend_R","Defend_R","Defend_R","Defend_R","Bash","Feed","Rampage","Searing Blow","Intimidate+1","Uppercut+1","Havoc","Entrench+1","Battle Trance"],"relics":["Burning Blood","Golden Idol","Old Coin","Meat on the Bone","Anchor","Blood Vial"],"potions_floor_usage":[12],"damage_taken":[{"damage":7,"enemies":"Small Slimes","floor":1,"turns":4},{"damage":12,"enemies":"Jaw Worm","floor":3,"turns":2},{"damage":0,"enemies":"2 Louse","floor":5,"turns":2},{"damage":24,"enemies":"Gremlin Nob","floor":7,"turns":4},{"damage":3,"enemies":"Gremlin Gang","floor":12,"turns":4},{"damage":26,"enemies":"3 Sentries","floor":13,"turns":7},{"damage":4,"enemies":"Large Slime","floor":14,"turns":4},{"damage":54,"enemies":"The Guardian","floor":16,"turns":11}],"seed_played":"382489159314617941","potions_obtained":[{"floor":5,"key":"GamblersBrew"},{"floor":7,"key":"Strength Potion"},{"floor":12,"key":"SmokeBomb"}],"is_trial":false,"path_per_floor":["M","$","M","?","M","R","E","R","T","?","?","M","E","M","R","B"],"character_chosen":"IRONCLAD","items_purchased":[],"campfire_rested":0,"item_purchase_floors":[],"current_hp_per_floor":[82,82,79,58,67,67,49,49,49,38,38,56,51,58,58,6],"gold":543,"neow_bonus":"THREE_RARE_CARDS","is_prod":false,"is_daily":false,"chose_seed":false,"campfire_upgraded":3,"win_rate":0,"timestamp":1550268998,"path_taken":["M","$","M","?","M","R","E","R","T","?","?","M","E","M","R","BOSS"],"build_version":"2019-01-23","purchased_purges":0,"victory":false,"max_hp_per_floor":[83,83,86,86,89,89,89,89,89,89,89,92,95,98,98,98],"card_choices":[{"not_picked":["Dark Embrace","Immolate"],"picked":"Feed","floor":0},{"not_picked":["Havoc","Perfected Strike"],"picked":"Rampage","floor":1},{"not_picked":["Anger","Infernal Blade"],"picked":"Searing Blow","floor":3},{"not_picked":["Pummel","Warcry"],"picked":"Intimidate","floor":5},{"not_picked":["Sever Soul","Clash"],"picked":"Uppercut","floor":7},{"not_picked":["Thunderclap","Carnage"],"picked":"Havoc","floor":12},{"not_picked":["Wild Strike","Warcry"],"picked":"Entrench","floor":13},{"not_picked":["Flex","Anger"],"picked":"Battle Trance","floor":14}],"player_experience":174917,"relics_obtained":[{"floor":7,"key":"Old Coin"},{"floor":9,"key":"Meat on the Bone"},{"floor":13,"key":"Blood Vial"}],"event_choices":[{"damage_healed":0,"gold_gain":0,"player_choice":"Take Damage","damage_taken":21,"relics_obtained":["Golden Idol"],"max_hp_gain":0,"max_hp_loss":0,"event_name":"Golden Idol","floor":4,"gold_loss":0},{"damage_healed":0,"gold_gain":75,"player_choice":"Gather Gold","damage_taken":11,"max_hp_gain":0,"max_hp_loss":0,"event_name":"World of Goop","floor":10,"gold_loss":0},{"damage_healed":0,"gold_gain":0,"player_choice":"Gave Potion","damage_taken":0,"relics_obtained":["Anchor"],"max_hp_gain":0,"max_hp_loss":0,"event_name":"WeMeetAgain","floor":11,"gold_loss":0}],"is_beta":false,"boss_relics":[],"items_purged_floors":[],"is_endless":false,"potions_floor_spawned":[5,7,12],"killed_by":"The Guardian","ascension_level":2}