{"gold_per_floor":[367,132,142,152,152,152,96,127,152,168,168,195,44,62,62,133,133,149,167,217,177,197,229,248,277,277,277],"floor_reached":27,"playtime":7148,"items_purged":["Strike_G"],"score":576,"play_id":"527f28e3-993b-4a88-a998-89fd445f3a7a","local_time":"20181220133511","is_ascension_mode":true,"campfire_choices":[{"data":"Bouncing Flask","floor":6,"key":"SMITH"},{"floor":11,"key":"REST"},{"data":"Neutralize","floor":15,"key":"SMITH"}],"neow_cost":"PERCENT_DAMAGE","seed_source_timestamp":7008664246289,"circlet_count":0,"master_deck":["AscendersBane","Defend_G","Defend_G","Defend_G","Defend_G","Defend_G","Strike_G","Strike_G","Survivor","Neutralize+1","Bouncing Flask+1","Noxious Fumes","Heel Hook","PiercingWail","Bouncing Flask","Burst","Noxious Fumes","Dodge and Roll","Malaise","Acrobatics","Expertise","Catalyst+1","Deadly Poison","Bullet Time"],"relics":["Ring of the Snake","Snake Skull","Bag of Preparation","Happy Flower","Omamori","Bag of Marbles","Empty Cage","Mummified Hand","Smiling Mask","Paper Crane"],"potions_floor_usage":[8,23,23,27],"damage_taken":[{"damage":3,"enemies":"Jaw Worm","floor":1,"turns":6},{"damage":0,"enemies":"2 Louse","floor":3,"turns":3},{"damage":4,"enemies":"Cultist","floor":4,"turns":3},{"damage":8,"enemies":"Gremlin Nob","floor":8,"turns":3},{"damage":1,"enemies":"Looter","floor":10,"turns":3},{"damage":15,"enemies":"Lagavulin","floor":12,"turns":6},{"damage":0,"enemies":"Exordium Wildlife","floor":14,"turns":2},{"damage":8,"enemies":"Hexaghost","floor":16,"turns":5},{"damage":5,"enemies":"3 Byrds","floor":18,"turns":5},{"damage":0,"enemies":"Spheric Guardian","floor":19,"turns":1},{"damage":3,"enemies":"Snake Plant","floor":22,"turns":4},{"damage":14,"enemies":"Slavers","floor":23,"turns":6},{"damage":12,"enemies":"Centurion and Healer","floor":24,"turns":6},{"damage":5,"enemies":"Gremlin Leader","floor":25,"turns":3},{"damage":19,"enemies":"Slavers","floor":27,"turns":4}],"seed_played":"-6406368301228654563","potions_obtained":[{"floor":3,"key":"Poison Potion"},{"floor":12,"key":"Explosive Potion"},{"floor":16,"key":"Strength Potion"},{"floor":21,"key":"PowerPotion"},{"floor":21,"key":"EntropicBrew"}],"is_trial":false,"path_per_floor":["M","$","M","M","?","R","?","E","T","M","R","E","$","M","R","B",null,"M","M","?","?","M","E","M","E","T","E"],"character_chosen":"THE_SILENT","items_purchased":["Snake Skull","Burst","Noxious Fumes"],"campfire_rested":1,"item_purchase_floors":[2,13,13],"current_hp_per_floor":[41,41,41,37,19,19,19,11,11,10,29,14,14,14,14,6,51,46,46,46,46,43,29,17,12,12,0],"gold":277,"neow_bonus":"TWO_FIFTY_GOLD","is_prod":false,"is_daily":false,"chose_seed":false,"campfire_upgraded":2,"win_rate":0,"timestamp":1545309311,"path_taken":["M","$","M","M","?","R","?","E","T","M","R","E","$","M","R","BOSS","M","M","?","?","M","E","M","E","T","E"],"build_version":"2018-12-13","purchased_purges":1,"victory":false,"max_hp_per_floor":[66,66,66,66,66,66,66,66,66,66,66,66,66,66,66,66,66,66,66,66,66,66,66,66,66,66,66],"card_choices":[{"not_picked":["Deflect","Sucker Punch"],"picked":"Bouncing Flask","floor":1},{"not_picked":["Choke","Underhanded Strike"],"picked":"Noxious Fumes","floor":3},{"not_picked":["Underhanded Strike","Acrobatics","Dagger Spray"],"picked":"SKIP","floor":4},{"not_picked":["All Out Attack","Tactician"],"picked":"Heel Hook","floor":8},{"not_picked":["Cloak And Dagger","Skewer"],"picked":"PiercingWail","floor":10},{"not_picked":["PiercingWail","Outmaneuver"],"picked":"Bouncing Flask","floor":12},{"not_picked":["Unload","Outmaneuver"],"picked":"Dodge and Roll","floor":14},{"not_picked":["Grand Finale","Doppelganger"],"picked":"Malaise","floor":16},{"not_picked":["PiercingWail","Skewer"],"picked":"Acrobatics","floor":18},{"not_picked":["Sucker Punch","Skewer"],"picked":"Expertise","floor":19},{"not_picked":["Slice","Dagger Spray"],"picked":"Catalyst+1","floor":22},{"not_picked":["Grand Finale","Blade Dance"],"picked":"Deadly Poison","floor":23},{"not_picked":["Dagger Throw","Dagger Spray","Underhanded Strike"],"picked":"SKIP","floor":24},{"not_picked":["Leg Sweep","Deflect"],"picked":"Bullet Time","floor":25}],"player_experience":1053983,"relics_obtained":[{"floor":8,"key":"Happy Flower"},{"floor":9,"key":"Omamori"},{"floor":12,"key":"Bag of Marbles"},{"floor":23,"key":"Mummified Hand"},{"floor":25,"key":"Smiling Mask"},{"floor":26,"key":"Paper Crane"}],"event_choices":[{"damage_healed":0,"gold_gain":0,"player_choice":"Success","damage_taken":18,"relics_obtained":["Bag of Preparation"],"max_hp_gain":0,"max_hp_loss":0,"event_name":"Scrap Ooze","floor":5,"gold_loss":0},{"damage_healed":0,"gold_gain":0,"player_choice":"Left Gold","damage_taken":0,"max_hp_gain":0,"max_hp_loss":0,"event_name":"World of Goop","floor":7,"gold_loss":56},{"damage_healed":0,"gold_gain":50,"player_choice":"Stole From Cult","damage_taken":0,"max_hp_gain":0,"max_hp_loss":0,"event_name":"Nest","floor":20,"gold_loss":0},{"damage_healed":0,"gold_gain":0,"player_choice":"Bought 3 Potions","damage_taken":0,"max_hp_gain":0,"max_hp_loss":0,"event_name":"The Woman in Blue","floor":21,"gold_loss":0}],"is_beta":false,"boss_relics":[{"not_picked":["Busted Crown","Fusion Hammer"],"picked":"Empty Cage"}],"items_purged_floors":[2],"is_endless":false,"potions_floor_spawned":[3,12,16,19,23],"killed_by":"Slavers","ascension_level":20}