{"path_per_floor":["M","?","M","?","M","R","M","R","T","R","M","M","R","M","R"],"character_chosen":"IRONCLAD","items_purchased":[],"gold_per_floor":[115,115,130,305,318,318,334,334,334,334,348,361,361,375,375,375],"floor_reached":16,"campfire_rested":1,"playtime":696,"item_purchase_floors":[],"current_hp_per_floor":[34,34,33,33,29,29,20,20,20,20,11,13,13,7,31,0],"items_purged":[],"gold":375,"score":132,"play_id":"a1cd5393-88bb-471f-8afb-473f280b489a","local_time":"20180610105450","is_prod":false,"is_daily":false,"chose_seed":false,"is_ascension_mode":true,"campfire_upgraded":4,"win_rate":0,"timestamp":1528620890,"campfire_choices":[{"data":"Fire Breathing","floor":6,"key":"SMITH"},{"data":"Hemokinesis","floor":8,"key":"SMITH"},{"data":"Shockwave","floor":10,"key":"SMITH"},{"data":"Rage","floor":13,"key":"SMITH"},{"floor":15,"key":"REST"}],"path_taken":["M","?","M","?","M","R","M","R","T","R","M","M","R","?","R","BOSS"],"build_version":"2018-06-08","seed_source_timestamp":930495247738,"purchased_purges":0,"victory":false,"master_deck":["Strike_R","Strike_R","Strike_R","Defend_R","Defend_R","Defend_R","Bash","Hemokinesis+1","Shockwave+1","Fire Breathing+1","Pommel Strike","Doubt","Warcry","Uppercut","Rage+1","Armaments","Battle Trance"],"max_hp_per_floor":[80,80,80,80,80,80,80,80,80,80,80,80,80,80,80,80],"relics":["Burning Blood","Frozen Egg 2"],"card_choices":[{"not_picked":["Sword Boomerang","Perfected Strike"],"picked":"Fire Breathing","floor":1},{"not_picked":["Corruption","Pummel"],"picked":"Pommel Strike","floor":3},{"not_picked":["Bloodletting","Body Slam"],"picked":"Warcry","floor":5},{"not_picked":["Carnage","Inflame"],"picked":"Uppercut","floor":7},{"not_picked":["Iron Wave","Limit Break"],"picked":"Rage","floor":11},{"not_picked":["Blood for Blood","Intimidate"],"picked":"Armaments","floor":12},{"not_picked":["Anger","Havoc"],"picked":"Battle Trance","floor":14}],"player_experience":300144,"potions_floor_usage":[14,16],"damage_taken":[{"damage":8,"enemies":"2 Louse","floor":1,"turns":3},{"damage":7,"enemies":"Cultist","floor":3,"turns":4},{"damage":10,"enemies":"Jaw Worm","floor":5,"turns":3},{"damage":15,"enemies":"Red Slaver","floor":7,"turns":4},{"damage":15,"enemies":"Lots of Slimes","floor":11,"turns":4},{"damage":4,"enemies":"Blue Slaver","floor":12,"turns":4},{"damage":12,"enemies":"Exordium Thugs","floor":14,"turns":4},{"damage":31,"enemies":"The Guardian","floor":16,"turns":10}],"relics_obtained":[{"floor":9,"key":"Frozen Egg 2"}],"event_choices":[{"event_name":"Purifier","player_choice":"One Purge","floor":2,"damage_taken":0},{"event_name":"Liars Game","player_choice":"agreed","floor":4,"damage_taken":0}],"boss_relics":[],"items_purged_floors":[],"potions_floor_spawned":[11,12,14],"seed_played":"2902967641231833848","killed_by":"The Guardian","ascension_level":8,"potions_obtained":[{"floor":11,"key":"Ancient Potion"},{"floor":12,"key":"SpeedPotion"},{"floor":14,"key":"Weak Potion"}],"is_trial":false}