{"gold_per_floor":[110,110,185,110,130,130,164,164,164,191,203,240,252,274,286,298],"floor_reached":16,"playtime":371,"items_purged":[],"score":282,"play_id":"b7e3e528-906d-4f21-bab8-ee27d19ab175","local_time":"20190428102641","is_ascension_mode":true,"campfire_choices":[{"data":"Zap","floor":6.0,"key":"SMITH"},{"data":"Strike_B","floor":8,"key":"SMITH"},{"floor":11,"key":"REST"},{"floor":15,"key":"REST"}],"neow_cost":"NONE","seed_source_timestamp":3395129911085,"circlet_count":0,"master_deck":["AscendersBane","Strike_B+1","Strike_B","Strike_B","Defend_B","Defend_B","Defend_B+1","Defend_B","Zap+1","Dualcast+1","Steam","Gash","Conserve Battery","Core Surge","Ball Lightning","Cold Snap"],"special_seed":0,"relics":["Cracked Core","NeowsBlessing","Nunchaku","War Paint","Gremlin Horn","MawBank","Juzu Bracelet"],"potions_floor_usage":[12,14],"damage_taken":[{"damage":0.0,"enemies":"Small Slimes","floor":1.0,"turns":1.0},{"damage":0.0,"enemies":"2 Louse","floor":5.0,"turns":1.0},{"damage":0.0,"enemies":"Gremlin Nob","floor":7.0,"turns":1.0},{"damage":32,"enemies":"Lagavulin","floor":10,"turns":9},{"damage":30,"enemies":"3 Sentries","floor":12,"turns":11},{"damage":0,"enemies":"Cultist","floor":14,"turns":3},{"damage":23,"enemies":"The Guardian","floor":16,"turns":2}],"seed_played":"-136980285590908920","potions_obtained":[{"floor":1.0,"key":"Swift Potion"},{"floor":5.0,"key":"LiquidBronze"},{"floor":10,"key":"SpeedPotion"},{"floor":14,"key":"Explosive Potion"}],"is_trial":false,"path_per_floor":["M","?","?","?","M","R","E","R","T","E","R","E","?","M","R","B"],"character_chosen":"DEFECT","items_purchased":[],"campfire_rested":2,"item_purchase_floors":[],"current_hp_per_floor":[64,53,42,42,42,42,42,42,42,10,31,1,1,1,22,0],"gold":298,"neow_bonus":"THREE_ENEMY_KILL","is_prod":false,"is_daily":false,"chose_seed":false,"campfire_upgraded":2,"win_rate":0,"timestamp":1556440001,"path_taken":["M","?","?","?","M","R","E","R","T","E","R","E","?","M","R","BOSS"],"build_version":"2019-01-23","purchased_purges":0,"victory":false,"max_hp_per_floor":[71,71,71,71,71,71,71,71,71,71,71,71,71,71,71,71],"card_choices":[{"not_picked":["Reprogram","Aggregate"],"picked":"Steam","floor":1.0},{"not_picked":["Hologram","Barrage"],"picked":"Gash","floor":5.0},{"not_picked":["Turbo","Stack"],"picked":"Conserve Battery","floor":7},{"not_picked":["Streamline","Compile Driver"],"picked":"Core Surge","floor":10},{"not_picked":["Defragment","Compile Driver"],"picked":"Ball Lightning","floor":12},{"not_picked":["Barrage","Capacitor"],"picked":"Cold Snap","floor":14}],"player_experience":1631285,"relics_obtained":[{"floor":7,"key":"War Paint"},{"floor":9,"key":"Gremlin Horn"},{"floor":10,"key":"MawBank"},{"floor":12,"key":"Juzu Bracelet"}],"event_choices":[{"damage_healed":0.0,"max_hp_gain":0.0,"max_hp_loss":0.0,"gold_gain":0.0,"event_name":"Scrap Ooze","player_choice":"Success","floor":2.0,"gold_loss":0.0,"damage_taken":11.0,"relics_obtained":["Nunchaku"]},{"damage_healed":0.0,"max_hp_gain":0.0,"max_hp_loss":0.0,"gold_gain":75.0,"event_name":"World of Goop","player_choice":"Gather Gold","floor":3.0,"gold_loss":0.0,"damage_taken":11.0},{"cards_removed":["Strike_B"],"damage_healed":0.0,"max_hp_gain":0.0,"max_hp_loss":0.0,"gold_gain":0.0,"event_name":"The Cleric","player_choice":"Card Removal","floor":4.0,"gold_loss":75.0,"damage_taken":0.0},{"damage_healed":0,"gold_gain":0,"player_choice":"Ignored","damage_taken":0,"max_hp_gain":0,"max_hp_loss":0,"event_name":"Shining Light","floor":13,"gold_loss":0}],"is_beta":false,"boss_relics":[],"items_purged_floors":[],"is_endless":false,"potions_floor_spawned":[1,5,10,14],"killed_by":"The Guardian","ascension_level":20}