{"gold_per_floor":[116,131,150,161,181,181,146,181,206,206,206,206,206,225,225,299,299,313,113,113,123,16,16],"floor_reached":23,"playtime":1176,"items_purged":[],"score":325,"play_id":"9806b5c4-255b-4937-acb7-b45547c5ce97","local_time":"20180924001900","is_ascension_mode":true,"campfire_choices":[{"data":"Zap","floor":6,"key":"SMITH"},{"floor":11,"key":"REST"},{"data":"Go for the Eyes","floor":13,"key":"SMITH"},{"floor":15,"key":"REST"}],"neow_cost":"","seed_source_timestamp":50304683998614,"circlet_count":0,"master_deck":["Strike_B","Strike_B","Strike_B","Strike_B","Defend_B","Defend_B","Defend_B","Defend_B","Zap+1","Dualcast","AscendersBane","Lockon","Doom and Gloom","Gash","Ball Lightning","Go for the Eyes+1","Ball Lightning","BootSequence","Electrodynamics","Gash+1","RitualDagger","Steam+1","Flash of Steel"],"relics":["Cracked Core","Incense Burner","Anchor","Happy Flower","Cursed Key","Runic Capacitor"],"potions_floor_usage":[23,23],"damage_taken":[{"damage":6,"enemies":"Cultist","floor":1,"turns":3},{"damage":4,"enemies":"Small Slimes","floor":2,"turns":3},{"damage":5,"enemies":"2 Louse","floor":3,"turns":3},{"damage":16,"enemies":"Exordium Wildlife","floor":4,"turns":5},{"damage":6,"enemies":"Blue Slaver","floor":5,"turns":3},{"damage":20,"enemies":"Lagavulin","floor":8,"turns":4},{"damage":0,"enemies":"Large Slime","floor":14,"turns":3},{"damage":28,"enemies":"The Guardian","floor":16,"turns":11},{"damage":16,"enemies":"3 Byrds","floor":18,"turns":3},{"damage":11,"enemies":"Spheric Guardian","floor":21,"turns":3},{"damage":25,"enemies":"Gremlin Leader","floor":23,"turns":5}],"seed_played":"1694269651805882863","potions_obtained":[{"floor":1,"key":"SpeedPotion"},{"floor":4,"key":"Weak Potion"}],"is_trial":false,"path_per_floor":["M","M","M","M","M","R","?","E","T","?","R","$","R","M","R","B",null,"M","$","?","M","$"],"character_chosen":"DEFECT","items_purchased":["Runic Capacitor","Flash of Steel"],"campfire_rested":2,"item_purchase_floors":[19,22],"current_hp_per_floor":[58,54,49,33,27,27,44,24,24,6,27,27,27,27,48,20,58,42,42,36,25,25,0],"gold":16,"neow_bonus":"","is_prod":false,"is_daily":false,"chose_seed":false,"campfire_upgraded":2,"win_rate":0,"timestamp":1537741140,"path_taken":["M","?","M","M","M","R","?","E","T","?","R","$","R","M","R","BOSS","M","$","?","M","$","E"],"build_version":"2018-09-20","purchased_purges":0,"victory":false,"max_hp_per_floor":[71,71,71,71,71,71,71,71,71,71,71,71,71,71,71,71,71,71,71,71,71,71,71],"card_choices":[{"not_picked":["Hologram","Rebound"],"picked":"Lockon","floor":1},{"not_picked":["Sweeping Beam","Loop"],"picked":"Doom and Gloom","floor":2},{"not_picked":["Sweeping Beam","Beam Cell"],"picked":"Gash","floor":3},{"not_picked":["Chill","Aggregate"],"picked":"Ball Lightning","floor":4},{"not_picked":["Conserve Battery","Double Energy"],"picked":"Go for the Eyes","floor":5},{"not_picked":["Loop","Stack"],"picked":"Ball Lightning","floor":8},{"not_picked":["Ball Lightning","Compile Driver"],"picked":"BootSequence","floor":14},{"not_picked":["All For One","Hyperbeam"],"picked":"Electrodynamics","floor":16},{"not_picked":["Go for the Eyes","Aggregate"],"picked":"Gash+1","floor":18},{"not_picked":["Doom and Gloom+1","Ball Lightning+1"],"picked":"Steam+1","floor":21}],"player_experience":506917,"relics_obtained":[{"floor":8,"key":"Incense Burner"},{"floor":9,"key":"Anchor"}],"event_choices":[{"event_name":"The Cleric","player_choice":"Healed","floor":7,"damage_taken":0},{"event_name":"Scrap Ooze","player_choice":"success","floor":10,"damage_taken":18},{"event_name":"Nest","player_choice":"Joined the Cult","floor":20,"damage_taken":0}],"is_beta":true,"boss_relics":[{"not_picked":["Calling Bell","Inserter"],"picked":"Cursed Key"}],"items_purged_floors":[],"is_endless":false,"potions_floor_spawned":[1,4,5,8,21],"killed_by":"Gremlin Leader","ascension_level":14}