{"gold_per_floor":[211,288,398,208,221,221,252,252,252,286,299,299,317,333,333,407,508,526,526,526,544,544,544,570,586,656,691,691,718,633,652,652,723,723,743,240,240,253,264,264,17,49,49,70,70,78],"floor_reached":46,"playtime":2999,"items_purged":[],"score":1071,"play_id":"f51b52a4-f321-4954-9d96-7a54a8b7fbdb","local_time":"20190131011414","is_ascension_mode":true,"campfire_choices":[{"data":"Apotheosis","floor":6,"key":"SMITH"},{"data":"Inflame","floor":12,"key":"SMITH"},{"data":"infinitespire:OneForAll","floor":15,"key":"SMITH"},{"floor":23,"key":"REST"},{"data":"Disarm","floor":28,"key":"SMITH"},{"data":"Shrug It Off","floor":32,"key":"SMITH"},{"floor":40,"key":"RECALL"}],"neow_cost":"NONE","seed_source_timestamp":51803043626501,"circlet_count":0,"master_deck":["AscendersBane","Bash","Bludgeon","infinitespire:OneForAll+1","Rage","Apotheosis+1","Shrug It Off+1","Inflame+1","Anger","Sword Boomerang","Rampage","Iron Wave","Reaper","Fiend Fire","Metallicize","Double Tap","Feed","Disarm+1","Burning Pact","Dropkick","Spot Weakness","Anger","Body Slam","Ghostly","Ghostly","Ghostly","Power Through","Flame Barrier+1","Shrug It Off","Disarm+1","Body Slam+1","Demon Form","Battle Trance","Shrug It Off","Dual Wield","Sword Boomerang+1","Disarm","Disarm","True Grit+1"],"relics":["Burning Blood","Pantograph","hubris:Reverence","Nunchaku","Pandora\u0027s Box","hubris:Metronome","Pear","Dream Catcher","Red Mask","Bronze Scales","hubris:Backtick","Bottled Lightning","Membership Card","Anchor","Paper Frog","hubris:Towel","infinitespire:Midas Blood","Lee\u0027s Waffle","Ginger","Toxic Egg 2"],"potions_floor_usage":[7,27,29,42,46,46],"damage_taken":[{"damage":0,"enemies":"Small Slimes","floor":1,"turns":3},{"damage":6,"enemies":"Cultist","floor":3,"turns":3},{"damage":8,"enemies":"2 Louse","floor":5,"turns":3},{"damage":12,"enemies":"Lagavulin","floor":7,"turns":5},{"damage":23,"enemies":"3 Sentries","floor":10,"turns":7},{"damage":4,"enemies":"Large Slime","floor":11,"turns":5},{"damage":3,"enemies":"Looter","floor":13,"turns":3},{"damage":9,"enemies":"Exordium Thugs","floor":14,"turns":4},{"damage":61,"enemies":"Hexaghost","floor":16,"turns":8},{"damage":6,"enemies":"2 Thieves","floor":18,"turns":2},{"damage":33,"enemies":"Shell Parasite","floor":21,"turns":5},{"damage":11,"enemies":"Nightmare","floor":24,"turns":12},{"damage":5,"enemies":"Shelled Parasite and Fungi","floor":25,"turns":5},{"damage":25,"enemies":"Book of Stabbing","floor":27,"turns":6},{"damage":0,"enemies":"Masked Bandits","floor":29,"turns":7},{"damage":8,"enemies":"Snake Plant","floor":31,"turns":3},{"damage":41,"enemies":"hubris:MusketHawk","floor":33,"turns":8},{"damage":31,"enemies":"3 Darklings","floor":35,"turns":7},{"damage":0,"enemies":"Orb Walker","floor":38,"turns":3},{"damage":31,"enemies":"Sphere and 2 Shapes","floor":39,"turns":9},{"damage":22,"enemies":"Nightmare","floor":42,"turns":8},{"damage":13,"enemies":"3 Darklings","floor":44,"turns":5},{"damage":82,"enemies":"Giant Head","floor":46,"turns":7}],"seed_played":"-3441013972129614203","potions_obtained":[{"floor":1,"key":"AttackPotion"},{"floor":3,"key":"Fire Potion"},{"floor":7,"key":"Fire Potion"},{"floor":31,"key":"EssenceOfSteel"},{"floor":38,"key":"PowerPotion"},{"floor":42,"key":"infinitespire:BlackPotion"}],"is_trial":false,"path_per_floor":["M","?","M","$","M","R","E","?","T","E","M","R","M","M","R","B",null,"M","?","?","M","?","R","NM","M","T","E","R","?","?","M","R","B",null,"M","$","?","M","M","R","$","NM","T","M","$","E"],"character_chosen":"IRONCLAD","items_purchased":["Apotheosis","Membership Card","Anchor","Paper Frog","Shrug It Off","Dual Wield","infinitespire:Midas Blood","Lee\u0027s Waffle"],"campfire_rested":1,"item_purchase_floors":[4,36,36,36,36,36,41,41],"current_hp_per_floor":[74,74,74,74,72,72,66,66,66,49,51,51,54,51,51,20,61,61,40,40,17,17,30,38,39,49,30,30,48,48,52,52,32,52,53,53,53,59,38,38,73,57,57,50,50,0],"gold":78,"neow_bonus":"ONE_RANDOM_RARE_CARD","is_prod":false,"is_daily":false,"chose_seed":false,"campfire_upgraded":5,"win_rate":0,"timestamp":1548893654,"path_taken":["M","?","M","$","M","R","E","?","T","E","?","R","M","M","R","BOSS","M","?","?","M","?","R","NM","?","T","E","R","?","?","M","R","BOSS","M","$","?","M","M","R","$","NM","T","M","$","E"],"build_version":"2019-01-23","purchased_purges":0,"victory":false,"max_hp_per_floor":[75,75,75,75,75,75,75,75,75,75,75,75,75,75,75,75,75,75,80,40,44,44,44,48,48,58,58,58,58,58,58,58,58,58,62,62,62,62,66,66,73,73,73,73,73,73],"card_choices":[{"not_picked":["Cleave","Anger"],"picked":"infinitespire:OneForAll","floor":1},{"not_picked":["Entrench","Cleave"],"picked":"Rage","floor":3},{"not_picked":["hubris:SharpeningStone","Seeing Red"],"picked":"Shrug It Off","floor":5},{"not_picked":["Fiend Fire","Hemokinesis"],"picked":"Inflame","floor":7},{"not_picked":["Flex","Shrug It Off"],"picked":"Sword Boomerang","floor":10},{"not_picked":["Combust","Sever Soul"],"picked":"Rampage","floor":11},{"not_picked":["Wild Strike","Thunderclap","Body Slam"],"picked":"SKIP","floor":13},{"not_picked":["Clothesline","Armaments"],"picked":"Iron Wave","floor":14},{"not_picked":["hubris:StunningStrike","Bludgeon"],"picked":"Reaper","floor":16},{"not_picked":["Anger","Thunderclap"],"picked":"Body Slam","floor":18},{"not_picked":["Wild Strike","True Grit"],"picked":"Power Through","floor":21},{"not_picked":["Combust+1","Uppercut"],"picked":"Flame Barrier+1","floor":24},{"not_picked":["Perfected Strike","Body Slam"],"picked":"Shrug It Off","floor":25},{"not_picked":["Warcry","Sword Boomerang"],"picked":"Disarm+1","floor":27},{"not_picked":["Clothesline","Armaments"],"picked":"Body Slam+1","floor":29},{"not_picked":["Thunderclap","True Grit","hubris:CleavingFinish+1"],"picked":"SKIP","floor":31},{"not_picked":["Reaper","Immolate"],"picked":"Demon Form","floor":33},{"not_picked":["Reckless Charge","Iron Wave+1"],"picked":"Battle Trance","floor":35},{"not_picked":["Sentinel","Flex"],"picked":"Sword Boomerang+1","floor":38},{"not_picked":["Twin Strike","Havoc+1"],"picked":"Disarm","floor":39},{"not_picked":["Havoc","Carnage"],"picked":"Disarm","floor":42},{"not_picked":["infinitespire:OneForAll","Fiend Fire"],"picked":"True Grit+1","floor":44}],"player_experience":1192655,"relics_obtained":[{"floor":7,"key":"Pantograph"},{"floor":9,"key":"hubris:Reverence"},{"floor":10,"key":"Nunchaku"},{"floor":24,"key":"hubris:Metronome"},{"floor":26,"key":"Pear"},{"floor":27,"key":"Dream Catcher"},{"floor":29,"key":"Red Mask"},{"floor":42,"key":"Ginger"},{"floor":43,"key":"Toxic Egg 2"}],"event_choices":[{"damage_healed":0,"gold_gain":77,"player_choice":"Gained Gold","damage_taken":0,"max_hp_gain":0,"max_hp_loss":0,"event_name":"Golden Wing","floor":2,"gold_loss":0},{"damage_healed":0,"gold_gain":0,"player_choice":"Shed Blood","damage_taken":26,"max_hp_gain":5,"max_hp_loss":0,"event_name":"Forgotten Altar","floor":19,"gold_loss":0},{"damage_healed":0,"gold_gain":0,"player_choice":"Became a Ghost","damage_taken":0,"max_hp_gain":0,"max_hp_loss":40,"event_name":"Ghosts","floor":20,"gold_loss":0,"cards_obtained":["Ghostly","Ghostly","Ghostly"]},{"damage_healed":0,"gold_gain":0,"player_choice":"Fought Bandits","damage_taken":0,"max_hp_gain":0,"max_hp_loss":0,"event_name":"Masked Bandits","floor":29,"gold_loss":0},{"damage_healed":0,"gold_gain":0,"player_choice":"Obtained Relic","damage_taken":0,"relics_obtained":["Bronze Scales"],"max_hp_gain":0,"max_hp_loss":0,"event_name":"Addict","floor":30,"gold_loss":85}],"is_beta":false,"boss_relics":[{"not_picked":["Eternal Feather","infinitespire:Burning Sword"],"picked":"Pandora\u0027s Box"},{"not_picked":["hubris:ScarierMask","Coffee Dripper"],"picked":"hubris:Backtick"}],"items_purged_floors":[],"is_endless":true,"potions_floor_spawned":[1,3,7,13,21,24,25,31,38,39,44],"killed_by":"Giant Head","ascension_level":20}