{"gold_per_floor":[114,189,202,221,240,274,274,302,381,381,381,381,202,219,219,219],"floor_reached":16,"playtime":1594,"items_purged":["Strike_R"],"score":121,"play_id":"b402723e-bf76-4752-a836-3802e17bcc22","local_time":"20190213065242","is_ascension_mode":true,"campfire_choices":[{"floor":7,"key":"REST"},{"data":"Armaments","floor":10,"key":"SMITH"},{"data":"1","floor":15,"key":"LIFT"}],"neow_cost":"PERCENT_DAMAGE","seed_source_timestamp":383581579802975,"circlet_count":0,"master_deck":["Strike_R","Strike_R","Strike_R","Strike_R","Defend_R","Defend_R","Defend_R","Defend_R","Bash","Pummel","Armaments+1","Carnage","Barricade","Feed","Pummel"],"relics":["Burning Blood","Torii","Boot","Girya","Toxic Egg 2"],"potions_floor_usage":[6,14,16,16],"damage_taken":[{"damage":1,"enemies":"2 Louse","floor":1,"turns":4},{"damage":7,"enemies":"Jaw Worm","floor":3,"turns":4},{"damage":0,"enemies":"Small Slimes","floor":4,"turns":5},{"damage":34,"enemies":"Exordium Thugs","floor":5,"turns":12},{"damage":18,"enemies":"Lagavulin","floor":6,"turns":6},{"damage":32,"enemies":"3 Sentries","floor":8,"turns":11},{"damage":1,"enemies":"3 Louse","floor":14,"turns":2},{"damage":22,"enemies":"Slime Boss","floor":16,"turns":6}],"seed_played":"8301622522554350716","potions_obtained":[{"floor":5,"key":"AttackPotion"},{"floor":8,"key":"Weak Potion"},{"floor":14,"key":"Explosive Potion"}],"is_trial":false,"path_per_floor":["M","?","M","M","M","E","R","E","T","R","T","?","$","M","R","B"],"character_chosen":"IRONCLAD","items_purchased":["Swift Potion","Strength Potion"],"campfire_rested":1,"item_purchase_floors":[13,13],"current_hp_per_floor":[61,50,49,55,27,15,39,13,13,13,13,13,13,22,22,0],"gold":219,"neow_bonus":"ONE_RARE_RELIC","is_prod":false,"is_daily":false,"chose_seed":false,"campfire_upgraded":1,"win_rate":0,"timestamp":1550069562,"path_taken":["M","?","M","M","M","E","R","E","T","R","?","?","$","M","R","BOSS"],"build_version":"2019-01-23","purchased_purges":1,"victory":false,"max_hp_per_floor":[80,80,80,80,80,80,80,80,80,80,80,80,80,84,84,84],"card_choices":[{"not_picked":["Perfected Strike","Thunderclap"],"picked":"Pummel","floor":1},{"not_picked":["Body Slam","Wild Strike"],"picked":"Armaments","floor":3},{"not_picked":["Clash","Cleave"],"picked":"Carnage","floor":4},{"not_picked":["True Grit","Fire Breathing","Hemokinesis"],"picked":"SKIP","floor":5},{"not_picked":["Twin Strike","Limit Break"],"picked":"Barricade","floor":6},{"not_picked":["Body Slam","Iron Wave"],"picked":"Feed","floor":8},{"not_picked":["Iron Wave","Perfected Strike"],"picked":"Pummel","floor":14}],"player_experience":158802,"relics_obtained":[{"floor":6,"key":"Boot"},{"floor":8,"key":"Girya"},{"floor":11,"key":"Toxic Egg 2"}],"event_choices":[{"damage_healed":0,"gold_gain":75,"player_choice":"Gather Gold","damage_taken":11,"max_hp_gain":0,"max_hp_loss":0,"event_name":"World of Goop","floor":2,"gold_loss":0},{"damage_healed":0,"gold_gain":0,"player_choice":"0 cards matched","damage_taken":0,"max_hp_gain":0,"max_hp_loss":0,"event_name":"Match and Keep!","floor":12,"gold_loss":0,"cards_obtained":[]}],"is_beta":false,"boss_relics":[],"items_purged_floors":[13],"is_endless":false,"potions_floor_spawned":[5,8,14],"killed_by":"Slime Boss","ascension_level":2}