{"gold_per_floor":[114,128,203,203,223,223,252,252,276,294,83,83,43,70,70,70],"floor_reached":16,"playtime":516,"items_purged":["Strike_G"],"score":266,"play_id":"60f3064f-0518-4b1c-a147-77b8a676233d","local_time":"20181218162450","is_ascension_mode":true,"campfire_choices":[{"data":"Finisher","floor":6,"key":"SMITH"},{"data":"Infinite Blades","floor":12,"key":"SMITH"},{"floor":15,"key":"REST"}],"neow_cost":"NONE","seed_source_timestamp":25116619523862,"circlet_count":0,"master_deck":["AscendersBane","Defend_G","Defend_G","Defend_G","Defend_G","Defend_G","Strike_G","Strike_G","Strike_G","Survivor","Neutralize+1","Cloak And Dagger","Finisher+1","Flying Knee","PiercingWail","Flechettes","Blade Dance","Infinite Blades+1","Blade Dance","Heel Hook","Noxious Fumes"],"relics":["Ring of the Snake","NeowsBlessing","Art of War","Boot","Pen Nib"],"potions_floor_usage":[7,10],"damage_taken":[{"damage":0,"enemies":"Jaw Worm","floor":1,"turns":1},{"damage":0,"enemies":"2 Louse","floor":2,"turns":1},{"damage":0,"enemies":"Cultist","floor":5,"turns":1},{"damage":41,"enemies":"3 Sentries","floor":7,"turns":13},{"damage":0,"enemies":"Large Slime","floor":10,"turns":4},{"damage":0,"enemies":"Gremlin Nob","floor":14,"turns":2},{"damage":27,"enemies":"Slime Boss","floor":16,"turns":3}],"seed_played":"-461607778658987990","potions_obtained":[{"floor":2,"key":"Poison Potion"},{"floor":7,"key":"SteroidPotion"},{"floor":10,"key":"Explosive Potion"}],"is_trial":false,"path_per_floor":["M","M","?","?","M","R","E","?","T","M","$","R","$","E","R","B"],"character_chosen":"THE_SILENT","items_purchased":["Infinite Blades","Blade Dance","Heel Hook"],"campfire_rested":1,"item_purchase_floors":[11,11,13],"current_hp_per_floor":[59,59,48,48,48,48,7,7,7,7,7,7,7,7,26,0],"gold":70,"neow_bonus":"THREE_ENEMY_KILL","is_prod":false,"is_daily":false,"chose_seed":false,"campfire_upgraded":2,"win_rate":0,"timestamp":1545146690,"path_taken":["M","M","?","?","?","R","E","?","T","M","$","R","$","E","R","BOSS"],"build_version":"2018-12-17","purchased_purges":1,"victory":false,"max_hp_per_floor":[66,66,66,66,66,66,66,66,66,66,66,66,66,66,66,66],"card_choices":[{"not_picked":["Sucker Punch","Slice"],"picked":"Cloak And Dagger","floor":1},{"not_picked":["PiercingWail","Infinite Blades"],"picked":"Finisher","floor":2},{"not_picked":["Prepared","Expertise"],"picked":"Flying Knee","floor":5},{"not_picked":["Well Laid Plans","Setup"],"picked":"PiercingWail","floor":7},{"not_picked":["Dagger Spray","Quick Slash"],"picked":"Blade Dance","floor":10},{"not_picked":["Setup","Unload"],"picked":"Noxious Fumes","floor":14}],"player_experience":1042445,"relics_obtained":[{"floor":7,"key":"Art of War"},{"floor":9,"key":"Boot"},{"floor":14,"key":"Pen Nib"}],"event_choices":[{"damage_healed":0,"gold_gain":75,"player_choice":"Gather Gold","damage_taken":11,"max_hp_gain":0,"max_hp_loss":0,"event_name":"World of Goop","floor":3,"gold_loss":0},{"damage_healed":0,"gold_gain":0,"player_choice":"Upgraded","damage_taken":0,"max_hp_gain":0,"max_hp_loss":0,"event_name":"Upgrade Shrine","floor":4,"gold_loss":0,"cards_upgraded":["Neutralize"]},{"damage_healed":0,"gold_gain":0,"cards_transformed":["Strike_G"],"player_choice":"Change","damage_taken":0,"max_hp_gain":0,"max_hp_loss":0,"event_name":"Living Wall","floor":8,"gold_loss":0,"cards_obtained":["Flechettes"]}],"is_beta":true,"boss_relics":[],"items_purged_floors":[11],"is_endless":false,"potions_floor_spawned":[2,7,10],"killed_by":"Slime Boss","ascension_level":20}