{"gold_per_floor":[115,132,132,193,212,242,242,242,242,242,275,202,235,7,7,7],"floor_reached":16,"playtime":419,"items_purged":[],"score":215,"play_id":"f8cda983-f808-448d-8330-36465eed7537","local_time":"20181124094838","is_ascension_mode":true,"campfire_choices":[{"data":"Whirlwind","floor":7,"key":"SMITH"},{"floor":10,"key":"REST"},{"data":"Body Slam","floor":15,"key":"SMITH"}],"neow_cost":"NONE","seed_source_timestamp":0,"circlet_count":0,"master_deck":["AscendersBane","Strike_R","Strike_R","Strike_R","Strike_R+1","Strike_R","Defend_R","Defend_R+1","Defend_R","Defend_R","Bash","Clothesline","Whirlwind+1","Inflame","Shrug It Off","Battle Trance","Body Slam+1","Shrug It Off"],"special_seed":0,"relics":["Burning Blood","Gambling Chip","Prayer Wheel","Girya","Lantern","Bronze Scales"],"potions_floor_usage":[11,11,13],"damage_taken":[{"damage":14,"enemies":"Jaw Worm","floor":1,"turns":4},{"damage":0,"enemies":"2 Louse","floor":2,"turns":2},{"damage":0,"enemies":"Cultist","floor":5,"turns":3},{"damage":47,"enemies":"3 Sentries","floor":6,"turns":8},{"damage":19,"enemies":"Lagavulin","floor":11,"turns":6},{"damage":28,"enemies":"Gremlin Nob","floor":13,"turns":4},{"damage":13,"enemies":"Hexaghost","floor":16,"turns":7}],"seed_played":"3154984213346059050","potions_obtained":[{"floor":2,"key":"Poison Potion"},{"floor":6,"key":"Strength Potion"},{"floor":11,"key":"BloodPotion"},{"floor":13,"key":"SpeedPotion"}],"is_trial":false,"path_per_floor":["M","M","?","?","M","E","R","?","T","R","E","?","E","$","R","B"],"character_chosen":"IRONCLAD","items_purchased":["Bronze Scales","Shrug It Off"],"campfire_rested":1,"item_purchase_floors":[14,14],"current_hp_per_floor":[67,73,48,48,54,13,13,13,13,37,24,24,10,10,10,0],"gold":7,"neow_bonus":"TEN_PERCENT_HP_BONUS","is_prod":false,"is_daily":false,"chose_seed":false,"campfire_upgraded":2,"win_rate":0,"timestamp":1543049318,"path_taken":["M","M","?","?","M","E","R","?","T","R","E","?","E","$","R","BOSS"],"build_version":"2018-11-15","purchased_purges":0,"victory":false,"max_hp_per_floor":[82,82,82,82,82,82,82,82,82,82,82,82,82,82,82,82],"card_choices":[{"not_picked":["Heavy Blade","Burning Pact"],"picked":"Clothesline","floor":1},{"not_picked":["Perfected Strike","Wild Strike"],"picked":"Whirlwind","floor":2},{"not_picked":["Reaper","Shrug It Off"],"picked":"Inflame","floor":5},{"not_picked":["Feel No Pain","Havoc"],"picked":"Shrug It Off","floor":6},{"not_picked":["Entrench","Dual Wield"],"picked":"Battle Trance","floor":11},{"not_picked":["Brutality","Havoc"],"picked":"Body Slam","floor":13}],"player_experience":881312,"relics_obtained":[{"floor":6,"key":"Gambling Chip"},{"floor":9,"key":"Prayer Wheel"},{"floor":11,"key":"Girya"},{"floor":13,"key":"Lantern"}],"event_choices":[{"damage_healed":0,"gold_gain":0,"player_choice":"Entered Light","damage_taken":25,"max_hp_gain":0,"max_hp_loss":0,"event_name":"Shining Light","floor":3,"gold_loss":0,"cards_upgraded":["Defend_R","Strike_R"]},{"damage_healed":0,"gold_gain":61,"player_choice":"Gained Gold","damage_taken":0,"max_hp_gain":0,"max_hp_loss":0,"event_name":"Golden Wing","floor":4,"gold_loss":0},{"damage_healed":0,"gold_gain":0,"player_choice":"Ignored","damage_taken":0,"max_hp_gain":0,"max_hp_loss":0,"event_name":"Liars Game","floor":8,"gold_loss":0},{"damage_healed":0,"gold_gain":0,"player_choice":"Left Gold","damage_taken":0,"max_hp_gain":0,"max_hp_loss":0,"event_name":"World of Goop","floor":12,"gold_loss":73}],"is_beta":true,"boss_relics":[],"items_purged_floors":[],"is_endless":false,"potions_floor_spawned":[2,6,11,13],"killed_by":"Hexaghost","ascension_level":17}