{"gold_per_floor":[147,147,147,162,162,162,162,162,187,240,281,294,327,347,347,437,437,455,479,479,529,93,93],"floor_reached":23,"playtime":969,"items_purged":["Pain"],"score":394,"play_id":"3b3cdd38-7ad5-49e5-a7fe-bb202ff74064","local_time":"20190227223809","is_ascension_mode":true,"campfire_choices":[{"data":"True Grit","floor":6.0,"key":"SMITH"},{"data":"Rampage","floor":8.0,"key":"SMITH"},{"data":"Shrug It Off","floor":15.0,"key":"SMITH"}],"neow_cost":"NONE","seed_source_timestamp":0,"circlet_count":0,"master_deck":["AscendersBane","Strike_R","Strike_R","Strike_R","Strike_R","Defend_R","Defend_R","Defend_R","Defend_R","Bash+1","Rampage+1","True Grit+1","Shrug It Off+1","Double Tap","Anger","Spot Weakness","Shrug It Off","Inflame","True Grit+1"],"special_seed":0,"relics":["Burning Blood","Tiny Chest","WarpedTongs","Golden Idol","Regal Pillow","Potion Belt","Mercury Hourglass","Blood Vial","Mark of Pain","DollysMirror"],"potions_floor_usage":[23,23],"damage_taken":[{"damage":16.0,"enemies":"Jaw Worm","floor":1.0,"turns":6.0},{"damage":4.0,"enemies":"Small Slimes","floor":4.0,"turns":4.0},{"damage":26.0,"enemies":"Lagavulin","floor":11.0,"turns":7.0},{"damage":2.0,"enemies":"Cultist","floor":12.0,"turns":3.0},{"damage":8.0,"enemies":"3 Sentries","floor":13.0,"turns":8.0},{"damage":0.0,"enemies":"3 Louse","floor":14.0,"turns":3.0},{"damage":37.0,"enemies":"The Guardian","floor":16.0,"turns":12.0},{"damage":34,"enemies":"Shell Parasite","floor":18,"turns":5},{"damage":14,"enemies":"Spheric Guardian","floor":19,"turns":5},{"damage":26,"enemies":"Book of Stabbing","floor":23,"turns":3}],"seed_played":"8921999755667073612","potions_obtained":[{"floor":1.0,"key":"Fire Potion"},{"floor":11.0,"key":"LiquidBronze"},{"floor":13.0,"key":"Poison Potion"},{"floor":18,"key":"Weak Potion"},{"floor":19,"key":"FearPotion"}],"is_trial":false,"path_per_floor":["M","?","?","M","?","R","?","R","T","T","E","M","E","M","R","B",null,"M","M","?","?","$","E"],"character_chosen":"IRONCLAD","items_purchased":["Shrug It Off","Inflame","DollysMirror"],"campfire_rested":0,"item_purchase_floors":[22,22,22],"current_hp_per_floor":[58,51,51,53,53,53,53,53,53,53,33,37,35,43,43,14,55,29,23,23,23,23,0],"gold":93,"neow_bonus":"RANDOM_COMMON_RELIC","is_prod":false,"is_daily":false,"chose_seed":false,"campfire_upgraded":3,"win_rate":0,"timestamp":1551303489,"path_taken":["M","?","?","?","?","R","?","R","T","?","E","M","E","M","R","BOSS","BOSS","M","M","?","?","$","E"],"build_version":"2019-01-23","purchased_purges":1,"victory":false,"max_hp_per_floor":[75,75,75,75,75,75,68,68,68,68,68,68,68,68,68,68,68,68,68,68,68,68,68],"card_choices":[{"not_picked":["Hemokinesis","Flame Barrier"],"picked":"Rampage","floor":1.0},{"not_picked":["Corruption","Warcry"],"picked":"True Grit","floor":4.0},{"not_picked":["Clash","Clothesline"],"picked":"Shrug It Off","floor":11.0},{"not_picked":["Heavy Blade","Armaments","Twin Strike"],"picked":"SKIP","floor":12.0},{"not_picked":["Reckless Charge","Warcry","Thunderclap"],"picked":"SKIP","floor":13.0},{"not_picked":["Pummel","Second Wind","Body Slam"],"picked":"SKIP","floor":14.0},{"not_picked":["Reaper","Juggernaut"],"picked":"Double Tap","floor":16},{"not_picked":["Sever Soul","Heavy Blade"],"picked":"Anger","floor":18},{"not_picked":["Combust","Fire Breathing","Searing Blow"],"picked":"SKIP","floor":19},{"not_picked":["Combust","Fire Breathing","Searing Blow"],"picked":"SKIP","floor":19}],"player_experience":1341449,"relics_obtained":[{"floor":9.0,"key":"Regal Pillow"},{"floor":10.0,"key":"Potion Belt"},{"floor":11.0,"key":"Mercury Hourglass"},{"floor":13.0,"key":"Blood Vial"}],"event_choices":[{"cards_removed":["Strike_R"],"damage_healed":0.0,"max_hp_gain":0.0,"max_hp_loss":0.0,"gold_gain":0.0,"event_name":"Golden Wing","player_choice":"Card Removal","floor":2.0,"gold_loss":0.0,"damage_taken":7.0},{"damage_healed":0.0,"max_hp_gain":0.0,"max_hp_loss":0.0,"gold_gain":0.0,"event_name":"Accursed Blacksmith","player_choice":"Rummage","floor":3.0,"gold_loss":0.0,"damage_taken":0.0,"relics_obtained":["WarpedTongs"],"cards_obtained":["Pain"]},{"damage_healed":0.0,"max_hp_gain":0.0,"max_hp_loss":0.0,"gold_gain":0.0,"event_name":"Living Wall","player_choice":"Grow","floor":5.0,"gold_loss":0.0,"damage_taken":0.0,"cards_upgraded":["Bash"]},{"damage_healed":0.0,"max_hp_gain":0.0,"max_hp_loss":7.0,"gold_gain":0.0,"event_name":"Golden Idol","player_choice":"Lose Max HP","floor":7.0,"gold_loss":0.0,"damage_taken":0.0,"relics_obtained":["Golden Idol"]},{"damage_healed":0,"gold_gain":0,"player_choice":"Read","damage_taken":0,"max_hp_gain":0,"max_hp_loss":0,"event_name":"The Library","floor":20,"gold_loss":0,"cards_obtained":["Spot Weakness"]},{"damage_healed":0,"gold_gain":50,"player_choice":"Stole From Cult","damage_taken":0,"max_hp_gain":0,"max_hp_loss":0,"event_name":"Nest","floor":21,"gold_loss":0}],"is_beta":false,"boss_relics":[{"not_picked":["Runic Dome","Calling Bell"],"picked":"Mark of Pain"}],"items_purged_floors":[22],"is_endless":false,"potions_floor_spawned":[1,11,13,18,19],"killed_by":"Book of Stabbing","ascension_level":20}