{"gold_per_floor":[119,194,211,211,234,234,273,273,273,273],"floor_reached":10,"playtime":468,"items_purged":[],"score":132,"play_id":"383b1884-5dc3-49a4-bdc8-9b23b16aac9b","local_time":"20190603104539","is_ascension_mode":true,"campfire_choices":[{"data":"Bash","floor":6.0,"key":"SMITH"},{"floor":8,"key":"REST"}],"neow_cost":"NONE","seed_source_timestamp":0,"circlet_count":0,"master_deck":["AscendersBane","Strike_R","Strike_R","Strike_R","Strike_R","Strike_R","Defend_R","Defend_R","Defend_R","Defend_R","Bash+1","Pummel","Iron Wave","Disarm","Shrug It Off"],"special_seed":0,"relics":["Burning Blood","Golden Idol","Girya","Unceasing Top"],"potions_floor_usage":[7],"damage_taken":[{"damage":7.0,"enemies":"2 Louse","floor":1.0,"turns":4.0},{"damage":14.0,"enemies":"Small Slimes","floor":3.0,"turns":6.0},{"damage":7.0,"enemies":"Cultist","floor":5.0,"turns":4.0},{"damage":39,"enemies":"Lagavulin","floor":7,"turns":8},{"damage":34,"enemies":"3 Sentries","floor":10,"turns":7}],"seed_played":"5340021086745502484","potions_obtained":[{"floor":0.0,"key":"PowerPotion"},{"floor":0.0,"key":"Ancient Potion"}],"is_trial":false,"path_per_floor":["M","?","M","?","M","R","E","R","T","E"],"character_chosen":"IRONCLAD","items_purchased":[],"campfire_rested":1,"item_purchase_floors":[],"current_hp_per_floor":[67,56,48,48,47,47,14,34,34,0],"gold":273,"neow_bonus":"THREE_SMALL_POTIONS","is_prod":false,"is_daily":false,"chose_seed":false,"campfire_upgraded":1,"win_rate":0,"timestamp":1559551539,"path_taken":["M","?","M","?","M","R","E","R","T","E"],"build_version":"2019-01-23","purchased_purges":0,"victory":false,"max_hp_per_floor":[75,75,75,68,68,68,68,68,68,68],"card_choices":[{"not_picked":["Dual Wield","Searing Blow"],"picked":"Pummel","floor":1.0},{"not_picked":["Metallicize","Havoc"],"picked":"Iron Wave","floor":3.0},{"not_picked":["Rage","Headbutt"],"picked":"Disarm","floor":5.0},{"not_picked":["Heavy Blade","Armaments"],"picked":"Shrug It Off","floor":7}],"player_experience":1715041,"relics_obtained":[{"floor":7,"key":"Girya"},{"floor":9,"key":"Unceasing Top"}],"event_choices":[{"damage_healed":0.0,"max_hp_gain":0.0,"max_hp_loss":0.0,"gold_gain":75.0,"event_name":"World of Goop","player_choice":"Gather Gold","floor":2.0,"gold_loss":0.0,"damage_taken":11.0},{"damage_healed":0.0,"max_hp_gain":0.0,"max_hp_loss":7.0,"gold_gain":0.0,"event_name":"Golden Idol","player_choice":"Lose Max HP","floor":4.0,"gold_loss":0.0,"damage_taken":0.0,"relics_obtained":["Golden Idol"]}],"is_beta":false,"boss_relics":[],"items_purged_floors":[],"is_endless":false,"potions_floor_spawned":[],"killed_by":"3 Sentries","ascension_level":20}