{"gold_per_floor":[115,133,151,151,163,196,196,206,206,239,253,10,29,59,59,133,183,201,201,116,128,28,59,69,102,102,102,135,135,135,145,145,145],"floor_reached":33,"playtime":1383,"items_purged":["Strike_B","Strike_B"],"score":904,"play_id":"98aa95a2-5e05-4c63-a45c-0e6301774b1b","local_time":"20190306220215","is_ascension_mode":true,"campfire_choices":[{"data":"Defragment","floor":7,"key":"SMITH"},{"data":"hubris:Fate","floor":15,"key":"SMITH"},{"data":"Capacitor","floor":29,"key":"SMITH"},{"floor":32,"key":"REST"}],"neow_cost":"NONE","seed_source_timestamp":38221976422855,"circlet_count":0,"master_deck":["AscendersBane","Strike_B","Strike_B","Defend_B","Defend_B","Defend_B","Defend_B","Zap","Dualcast+1","Glacier","Ball Lightning","Defragment+1","Hologram","hubris:Fate+1","Coolheaded","Coolheaded","Biased Cognition","Conserve Battery","Genetic Algorithm","Echo Form","FTL","Reinforced Body","hubris:ReadiedAction","Capacitor+1","Rebound","hubris:PowerSurge+1","Storm+1"],"relics":["Cracked Core","Omamori","Cables","Matryoshka","Bronze Scales","Bag of Preparation","Tiny House","DataDisk","Strawberry","Bottled Tornado","hubris:MysteriousPyramids","Bag of Marbles","hubris:CrystalStatue","PreservedInsect","Regal Pillow"],"potions_floor_usage":[],"damage_taken":[{"damage":6,"enemies":"2 Louse","floor":1,"turns":2},{"damage":0,"enemies":"Cultist","floor":2,"turns":3},{"damage":2,"enemies":"Jaw Worm","floor":3,"turns":5},{"damage":2,"enemies":"2 Fungi Beasts","floor":5,"turns":4},{"damage":1,"enemies":"Lagavulin","floor":6,"turns":7},{"damage":0,"enemies":"Exordium Thugs","floor":8,"turns":3},{"damage":3,"enemies":"Gremlin Nob","floor":10,"turns":4},{"damage":0,"enemies":"Blue Slaver","floor":11,"turns":1},{"damage":0,"enemies":"Looter","floor":13,"turns":1},{"damage":0,"enemies":"3 Sentries","floor":14,"turns":7},{"damage":0,"enemies":"The Guardian","floor":16,"turns":2},{"damage":4,"enemies":"3 Byrds","floor":18,"turns":4},{"damage":17,"enemies":"Shell Parasite","floor":21,"turns":4},{"damage":0,"enemies":"Nightmare","floor":23,"turns":1},{"damage":0,"enemies":"Snecko","floor":24,"turns":2},{"damage":4,"enemies":"Book of Stabbing","floor":25,"turns":4},{"damage":24,"enemies":"Slavers","floor":28,"turns":3},{"damage":22,"enemies":"Centurion and Healer","floor":31,"turns":3},{"damage":51,"enemies":"hubris:MusketHawk","floor":33,"turns":9}],"seed_played":"-6310289851418873632","potions_obtained":[{"floor":3,"key":"FocusPotion"},{"floor":10,"key":"Block Potion"},{"floor":23,"key":"infinitespire:BlackPotion"}],"is_trial":false,"path_per_floor":["M","M","M","?","M","E","R","M","T","E","M","$","M","E","R","B",null,"M","?","$","M","$","NM","M","E","T","T","E","R","T","M","R","B"],"character_chosen":"DEFECT","items_purchased":["Bronze Scales","Capacitor"],"campfire_rested":1,"item_purchase_floors":[12,20],"current_hp_per_floor":[58,58,56,39,37,36,36,36,36,33,33,33,33,33,33,33,67,63,63,63,46,46,46,46,49,49,49,25,25,25,3,42,0],"gold":145,"neow_bonus":"THREE_CARDS","is_prod":false,"is_daily":false,"chose_seed":false,"campfire_upgraded":3,"win_rate":0,"timestamp":1551906135,"path_taken":["M","M","M","?","?","E","R","M","T","E","M","$","M","E","R","BOSS","M","?","$","M","?","NM","M","E","T","?","E","R","?","M","R","BOSS"],"build_version":"2019-01-23","purchased_purges":2,"victory":false,"max_hp_per_floor":[71,71,71,71,71,71,71,71,71,71,71,71,71,71,71,71,76,76,76,76,76,76,76,76,83,83,83,83,83,83,83,83,83],"card_choices":[{"not_picked":["Barrage","Fusion"],"picked":"Glacier","floor":0},{"not_picked":["Stack","Leap"],"picked":"Ball Lightning","floor":1},{"not_picked":["Ball Lightning","Beam Cell"],"picked":"Defragment","floor":2},{"not_picked":["Force Field","Storm"],"picked":"Hologram","floor":3},{"not_picked":["infinitespire:UltimateForm","hubris:Rewind"],"picked":"hubris:Fate","floor":4},{"not_picked":["Sweeping Beam","Redo"],"picked":"Coolheaded","floor":5},{"not_picked":["Reinforced Body","Streamline"],"picked":"Coolheaded","floor":6},{"not_picked":["Turbo","Cold Snap"],"picked":"Biased Cognition","floor":8},{"not_picked":["Recycle","Coolheaded","Go for the Eyes"],"picked":"SKIP","floor":10},{"not_picked":["Streamline","Sweeping Beam"],"picked":"Conserve Battery","floor":11},{"not_picked":["Cold Snap","Sweeping Beam","Streamline"],"picked":"SKIP","floor":13},{"not_picked":["Leap","Seek"],"picked":"Genetic Algorithm","floor":14},{"not_picked":["Thunder Strike","Machine Learning"],"picked":"Echo Form","floor":16},{"not_picked":["Chaos","Steam Power"],"picked":"FTL","floor":17},{"not_picked":["Ball Lightning","Compile Driver"],"picked":"Reinforced Body","floor":18},{"not_picked":["Gash","Sunder"],"picked":"Rebound","floor":21},{"not_picked":["Reboot","Turbo"],"picked":"hubris:PowerSurge+1","floor":23},{"not_picked":["Leap","hubris:Ukulele"],"picked":"Storm+1","floor":24},{"not_picked":["Ball Lightning","Conserve Battery","Leap"],"picked":"SKIP","floor":25},{"not_picked":["Streamline","Ball Lightning","Beam Cell+1"],"picked":"SKIP","floor":28},{"not_picked":["Coolheaded","Redo","Steam"],"picked":"SKIP","floor":31}],"player_experience":1380873,"relics_obtained":[{"floor":6,"key":"Omamori"},{"floor":9,"key":"Cables"},{"floor":10,"key":"Matryoshka"},{"floor":14,"key":"Bag of Preparation"},{"floor":23,"key":"DataDisk"},{"floor":25,"key":"Strawberry"},{"floor":26,"key":"Bottled Tornado"},{"floor":26,"key":"hubris:MysteriousPyramids"},{"floor":27,"key":"Bag of Marbles"},{"floor":27,"key":"hubris:CrystalStatue"},{"floor":28,"key":"PreservedInsect"},{"floor":30,"key":"Regal Pillow"}],"event_choices":[{"damage_healed":0,"gold_gain":0,"player_choice":"Read","damage_taken":0,"max_hp_gain":0,"max_hp_loss":0,"event_name":"The Library","floor":19,"gold_loss":0,"cards_obtained":["hubris:ReadiedAction"]}],"is_beta":false,"boss_relics":[{"not_picked":["Orrery","Lizard Tail"],"picked":"Tiny House"}],"items_purged_floors":[12,22],"is_endless":true,"potions_floor_spawned":[3,10,13,14,21,31],"killed_by":"hubris:MusketHawk","ascension_level":20}