{"gold_per_floor":[12,12,38,57,72,120,134,134,161,171,171,171,198,208,208,308,308,325,52,72,72,91,91,121,121,173,173,173,191,208,239,239,342,342,356,356],"floor_reached":36,"playtime":10322,"items_purged":[],"score":414,"play_id":"f588a57a-70fe-4349-9357-c445d1ecdff0","local_time":"20190205141210","is_ascension_mode":false,"campfire_choices":[{"floor":8,"key":"REST"},{"data":"Thinking Ahead","floor":12,"key":"SMITH"},{"floor":15,"key":"REST"},{"floor":23,"key":"REST"},{"floor":28,"key":"REST"},{"data":"Tactician","floor":32,"key":"SMITH"}],"neow_cost":"NO_GOLD","seed_source_timestamp":103823032458255,"circlet_count":0,"master_deck":["Defend_G+1","Defend_G+1","Defend_G+1","Defend_G+1","Defend_G+1","Strike_G+1","Strike_G+1","Strike_G+1","Survivor+1","Neutralize+1","Magnetism","Thinking Ahead+1","Flying Knee","Dagger Throw","Expertise","Deadly Poison","Sucker Punch","Infinite Blades","Tactician+1","Well Laid Plans","Malaise+1","Terror+1","Poisoned Stab","Blur+1","Tactician","Heel Hook","Dagger Throw","Wraith Form v2","Flying Knee+1"],"relics":["Ring of the Snake","Bag of Preparation","Vajra","Orichalcum","Mummified Hand","Philosopher\u0027s Stone","Kunai","Regal Pillow","War Paint","Snake Skull","Ancient Tea Set","Empty Cage"],"potions_floor_usage":[6,14,16,20,33,33,36,36],"damage_taken":[{"damage":7,"enemies":"Cultist","floor":1,"turns":5},{"damage":0,"enemies":"Jaw Worm","floor":4,"turns":4},{"damage":0,"enemies":"Small Slimes","floor":5,"turns":4},{"damage":33,"enemies":"3 Sentries","floor":6,"turns":10},{"damage":1,"enemies":"3 Louse","floor":7,"turns":4},{"damage":0,"enemies":"Large Slime","floor":10,"turns":4},{"damage":15,"enemies":"Gremlin Nob","floor":13,"turns":5},{"damage":0,"enemies":"Exordium Wildlife","floor":14,"turns":1},{"damage":20,"enemies":"The Guardian","floor":16,"turns":10},{"damage":8,"enemies":"Shell Parasite","floor":18,"turns":5},{"damage":19,"enemies":"3 Byrds","floor":20,"turns":4},{"damage":0,"enemies":"Centurion and Healer","floor":22,"turns":5},{"damage":20,"enemies":"Gremlin Leader","floor":24,"turns":7},{"damage":10,"enemies":"Snake Plant","floor":29,"turns":4},{"damage":0,"enemies":"3 Cultists","floor":30,"turns":5},{"damage":1,"enemies":"Book of Stabbing","floor":31,"turns":5},{"damage":19,"enemies":"Champ","floor":33,"turns":10},{"damage":0,"enemies":"Orb Walker","floor":35,"turns":4},{"damage":90,"enemies":"2 Orb Walkers","floor":36,"turns":7}],"seed_played":"-2331285861319900608","potions_obtained":[{"floor":1,"key":"PowerPotion"},{"floor":6,"key":"Explosive Potion"},{"floor":7,"key":"Poison Potion"},{"floor":14,"key":"Dexterity Potion"},{"floor":18,"key":"AttackPotion"},{"floor":31,"key":"Weak Potion"},{"floor":33,"key":"Ancient Potion"},{"floor":35,"key":"Regen Potion"}],"is_trial":false,"path_per_floor":["M","?","T","M","M","E","M","R","T","M","?","R","E","M","R","B",null,"M","$","M","?","M","R","E","?","T","?","R","M","M","E","R","B",null,"M","?"],"character_chosen":"THE_SILENT","items_purchased":["Poisoned Stab","Kunai"],"campfire_rested":4,"item_purchase_floors":[19,19],"current_hp_per_floor":[63,56,56,56,56,23,22,43,43,43,43,43,28,28,49,29,70,62,62,43,43,43,64,44,44,44,44,70,60,60,59,59,40,70,70,0],"gold":356,"neow_bonus":"RANDOM_COLORLESS_2","is_prod":false,"is_daily":false,"chose_seed":false,"campfire_upgraded":2,"win_rate":0.0,"timestamp":1549404730,"path_taken":["M","?","?","M","M","E","M","R","T","?","?","R","E","M","R","BOSS","M","$","M","?","M","R","E","?","T","?","R","M","M","E","R","BOSS","M","?"],"build_version":"2019-01-23","purchased_purges":0,"victory":false,"max_hp_per_floor":[70,70,70,70,70,70,70,70,70,70,70,70,70,70,70,70,70,70,70,70,70,70,70,70,70,70,70,70,70,70,70,70,70,70,70,70],"card_choices":[{"not_picked":["Dagger Spray","PiercingWail"],"picked":"Flying Knee","floor":1},{"not_picked":["Dagger Spray","Blur"],"picked":"Dagger Throw","floor":4},{"not_picked":["Footwork","Caltrops"],"picked":"Expertise","floor":5},{"not_picked":["Unload","Eviscerate"],"picked":"Deadly Poison","floor":6},{"not_picked":["Riddle With Holes","All Out Attack"],"picked":"Sucker Punch","floor":7},{"not_picked":["Calculated Gamble","Underhanded Strike"],"picked":"Infinite Blades","floor":10},{"not_picked":["Dodge and Roll","Calculated Gamble"],"picked":"Tactician","floor":13},{"not_picked":["Acrobatics","Backflip"],"picked":"Well Laid Plans","floor":14},{"not_picked":["Phantasmal Killer","Wraith Form v2"],"picked":"Malaise","floor":16},{"not_picked":["Deflect","Sucker Punch"],"picked":"Terror+1","floor":18},{"not_picked":["Flying Knee","Sucker Punch"],"picked":"Blur+1","floor":20},{"not_picked":["Outmaneuver+1","Bouncing Flask"],"picked":"Tactician","floor":22},{"not_picked":["Dodge and Roll","Malaise"],"picked":"Heel Hook","floor":24},{"not_picked":["Flying Knee","Poisoned Stab"],"picked":"Dagger Throw","floor":29},{"not_picked":["Slice","Infinite Blades","Masterful Stab+1"],"picked":"SKIP","floor":30},{"not_picked":["Deadly Poison","Outmaneuver","Underhanded Strike"],"picked":"SKIP","floor":31},{"not_picked":["Die Die Die","Adrenaline"],"picked":"Wraith Form v2","floor":33},{"not_picked":["Riddle With Holes","Eviscerate+1"],"picked":"Flying Knee+1","floor":35}],"player_experience":43133,"relics_obtained":[{"floor":3,"key":"Bag of Preparation"},{"floor":6,"key":"Vajra"},{"floor":9,"key":"Orichalcum"},{"floor":13,"key":"Mummified Hand"},{"floor":24,"key":"Regal Pillow"},{"floor":26,"key":"Snake Skull"},{"floor":31,"key":"Ancient Tea Set"}],"event_choices":[{"cards_removed":["Strike_G"],"damage_healed":0,"gold_gain":0,"player_choice":"Card Removal","damage_taken":7,"max_hp_gain":0,"max_hp_loss":0,"event_name":"Golden Wing","floor":2,"gold_loss":0},{"damage_healed":0,"gold_gain":0,"player_choice":"Grow","damage_taken":0,"max_hp_gain":0,"max_hp_loss":0,"event_name":"Living Wall","floor":11,"gold_loss":0,"cards_upgraded":["Neutralize"]},{"damage_healed":0,"gold_gain":0,"player_choice":"Simplicity","damage_taken":0,"max_hp_gain":0,"max_hp_loss":0,"event_name":"Back to Basics","floor":21,"gold_loss":0,"cards_upgraded":["Defend_G","Defend_G","Defend_G","Defend_G","Defend_G","Strike_G","Strike_G","Strike_G","Strike_G"]},{"damage_healed":0,"gold_gain":0,"player_choice":"Opened","damage_taken":0,"relics_obtained":["War Paint"],"max_hp_gain":0,"max_hp_loss":0,"event_name":"The Mausoleum","floor":25,"gold_loss":0,"cards_obtained":["Writhe"]},{"damage_healed":0,"gold_gain":0,"player_choice":"Ignored","damage_taken":0,"max_hp_gain":0,"max_hp_loss":0,"event_name":"Ghosts","floor":27,"gold_loss":0},{"damage_healed":0,"gold_gain":0,"player_choice":"Fight","damage_taken":0,"max_hp_gain":0,"max_hp_loss":0,"event_name":"Mysterious Sphere","floor":36,"gold_loss":0}],"is_beta":false,"boss_relics":[{"not_picked":["White Beast Statue","Cursed Key"],"picked":"Philosopher\u0027s Stone"},{"not_picked":["Black Star","Runic Pyramid"],"picked":"Empty Cage"}],"items_purged_floors":[],"is_endless":false,"potions_floor_spawned":[1,6,7,14,18,31,33,35],"killed_by":"2 Orb Walkers","ascension_level":0}