{"gold_per_floor":[118,118,132,132,132,159,159,187,212,212,212,230,262,97,97,174,174,185,200,200,227,1,1,1,21,47,61,94,18,18,50,50,124,124,143,143,143,153,171,204,204,234,258,269,269,284,284,311,311,311],"floor_reached":51,"playtime":4068,"items_purged":[],"score":1445,"play_id":"5380f6da-545d-49b8-b039-c08d84ca143c","local_time":"20181026102004","is_ascension_mode":true,"campfire_choices":[{"data":"Coolheaded","floor":7,"key":"SMITH"},{"data":"Reinforced Body","floor":11,"key":"SMITH"},{"data":"Streamline","floor":15,"key":"SMITH"},{"floor":23,"key":"REST"},{"floor":30,"key":"REST"},{"floor":32,"key":"REST"},{"floor":41,"key":"REST"},{"floor":47,"key":"REST"},{"floor":49,"key":"REST"}],"neow_cost":"NONE","seed_source_timestamp":4253956104768,"circlet_count":0,"master_deck":["Strike_B","Strike_B","Strike_B","Defend_B+1","Defend_B+1","Defend_B","Zap+1","Dualcast","AscendersBane","Chaos+1","Coolheaded+1","Compile Driver","Reinforced Body+1","Ball Lightning","Streamline+1","Fission","Defragment","Sunder","Conserve Battery","Sweeping Beam+1","Compile Driver","Thunder Strike+1","Fission","Glacier","Barrage+1","Biased Cognition","Rebound","Defragment","Coolheaded","Go for the Eyes","White Noise","Compile Driver","Coolheaded","Storm","Master of Strategy","Hologram","Cold Snap","Capacitor","White Noise+1"],"relics":["Cracked Core","NeowsBlessing","Happy Flower","Pen Nib","Omamori","Matryoshka","Juzu Bracelet","War Paint","Fusion Hammer","Red Mask","Runic Capacitor","Thread and Needle","Dream Catcher","PreservedInsect","MawBank","Bag of Marbles","Nuclear Battery","Orichalcum","The Courier","Regal Pillow","Whetstone","Bronze Scales"],"potions_floor_usage":[21,25,46,50,50],"damage_taken":[{"damage":0,"enemies":"Jaw Worm","floor":1,"turns":1},{"damage":0,"enemies":"Cultist","floor":3,"turns":1},{"damage":0,"enemies":"3 Sentries","floor":6,"turns":1},{"damage":5,"enemies":"Lagavulin","floor":8,"turns":6},{"damage":0,"enemies":"Small Slimes","floor":12,"turns":3},{"damage":14,"enemies":"3 Sentries","floor":13,"turns":6},{"damage":12,"enemies":"Hexaghost","floor":16,"turns":8},{"damage":0,"enemies":"Chosen","floor":18,"turns":4},{"damage":6,"enemies":"Shell Parasite","floor":19,"turns":4},{"damage":6,"enemies":"Masked Bandits","floor":21,"turns":3},{"damage":4,"enemies":"Centurion and Healer","floor":25,"turns":5},{"damage":4,"enemies":"Snake Plant","floor":27,"turns":3},{"damage":0,"enemies":"Gremlin Leader","floor":28,"turns":4},{"damage":15,"enemies":"Book of Stabbing","floor":31,"turns":4},{"damage":38,"enemies":"Automaton","floor":33,"turns":11},{"damage":5,"enemies":"Orb Walker","floor":35,"turns":3},{"damage":2,"enemies":"3 Darklings","floor":38,"turns":3},{"damage":0,"enemies":"Sphere and 2 Shapes","floor":39,"turns":5},{"damage":13,"enemies":"Reptomancer","floor":40,"turns":4},{"damage":6,"enemies":"Nemesis","floor":42,"turns":5},{"damage":11,"enemies":"Jaw Worm Horde","floor":44,"turns":4},{"damage":5,"enemies":"3 Darklings","floor":46,"turns":3},{"damage":26,"enemies":"Reptomancer","floor":48,"turns":4},{"damage":17,"enemies":"Donu and Deca","floor":50,"turns":7}],"seed_played":"7219519418216079849","potions_obtained":[{"floor":1,"key":"SneckoOil"},{"floor":8,"key":"Block Potion"},{"floor":13,"key":"Energy Potion"},{"floor":25,"key":"EssenceOfSteel"},{"floor":33,"key":"Dexterity Potion"},{"floor":39,"key":"SteroidPotion"},{"floor":44,"key":"PowerPotion"},{"floor":48,"key":"Ancient Potion"}],"is_trial":false,"path_per_floor":["M","?","M","?","?","E","R","E","T","T","R","M","E","$","R","B",null,"M","M","?","?","$","R","?","M","T","M","E","$","R","E","R","B",null,"M","?","?","M","M","E","R","E","T","M","?","M","R","E","R","B"],"character_chosen":"DEFECT","items_purchased":["War Paint","Runic Capacitor","Thunder Strike"],"campfire_rested":6,"item_purchase_floors":[14,22,29],"current_hp_per_floor":[64,64,64,64,64,64,64,59,59,59,59,59,45,45,45,33,62,62,56,56,50,50,71,71,67,67,63,63,63,71,56,71,33,62,57,57,57,55,55,42,63,57,57,46,46,41,71,45,71,54],"gold":311,"neow_bonus":"THREE_ENEMY_KILL","is_prod":false,"is_daily":false,"chose_seed":false,"campfire_upgraded":3,"win_rate":0,"timestamp":1540542004,"path_taken":["M","?","M","?","?","E","R","E","T","?","R","M","E","$","R","BOSS","M","M","?","?","?","R","?","M","T","M","E","$","R","E","R","BOSS","M","?","?","M","M","E","R","E","T","M","?","M","R","E","R","BOSS"],"build_version":"2018-10-25v2","purchased_purges":0,"victory":true,"max_hp_per_floor":[71,71,71,71,71,71,71,71,71,71,71,71,71,71,71,71,71,71,71,71,71,71,71,71,71,71,71,71,71,71,71,71,71,71,71,71,71,71,71,71,71,71,71,71,71,71,71,71,71,71],"card_choices":[{"not_picked":["Beam Cell","Self Repair"],"picked":"Chaos","floor":1},{"not_picked":["Leap","Reinforced Body"],"picked":"Coolheaded","floor":3},{"not_picked":["Lockon","Scrape"],"picked":"Compile Driver","floor":6},{"not_picked":["Steam","Aggregate"],"picked":"Reinforced Body","floor":8},{"not_picked":["Rebound","Leap"],"picked":"Ball Lightning","floor":12},{"not_picked":["Redo","Reboot"],"picked":"Streamline","floor":13},{"not_picked":["Meteor Strike","Biased Cognition"],"picked":"Fission","floor":16},{"not_picked":["Cold Snap","Sweeping Beam"],"picked":"Defragment","floor":18},{"not_picked":["Gash","Rebound"],"picked":"Sunder","floor":19},{"not_picked":["BootSequence","Rip and Tear"],"picked":"Conserve Battery","floor":21},{"not_picked":["Go for the Eyes","Lockon+1"],"picked":"Sweeping Beam+1","floor":25},{"not_picked":["Storm","Reinforced Body"],"picked":"Compile Driver","floor":27},{"not_picked":["Steam","Go for the Eyes"],"picked":"Cold Snap","floor":28},{"not_picked":["Force Field","Steam"],"picked":"Fission","floor":30},{"not_picked":["Biased Cognition","Hologram"],"picked":"Glacier","floor":31},{"not_picked":["Rebound","Darkness"],"picked":"Barrage","floor":32},{"not_picked":["Core Surge","Amplify"],"picked":"Biased Cognition","floor":33},{"not_picked":["Aggregate","Reinforced Body"],"picked":"Rebound","floor":35},{"not_picked":["Auto Shields","Sweeping Beam"],"picked":"Coolheaded","floor":38},{"not_picked":["All For One","Aggregate"],"picked":"Go for the Eyes","floor":39},{"not_picked":["Doom and Gloom+1","Auto Shields+1"],"picked":"White Noise","floor":40},{"not_picked":["Steam","Hologram"],"picked":"Compile Driver","floor":41},{"not_picked":["Cold Snap","Ball Lightning"],"picked":"Coolheaded","floor":42},{"not_picked":["Heatsinks+1","Genetic Algorithm"],"picked":"Storm","floor":44},{"not_picked":["Blind","Transmutation"],"picked":"Master of Strategy","floor":45},{"not_picked":["Ball Lightning+1","Glacier"],"picked":"Hologram","floor":46},{"not_picked":["Auto Shields","Conserve Battery"],"picked":"Cold Snap","floor":47},{"not_picked":["Steam","Ball Lightning"],"picked":"Capacitor","floor":48},{"not_picked":["Hologram","Beam Cell+1"],"picked":"White Noise+1","floor":49}],"player_experience":680693,"relics_obtained":[{"floor":6,"key":"Happy Flower"},{"floor":8,"key":"Pen Nib"},{"floor":9,"key":"Omamori"},{"floor":10,"key":"Matryoshka"},{"floor":13,"key":"Juzu Bracelet"},{"floor":21,"key":"Red Mask"},{"floor":26,"key":"Dream Catcher"},{"floor":26,"key":"PreservedInsect"},{"floor":28,"key":"MawBank"},{"floor":31,"key":"Bag of Marbles"},{"floor":40,"key":"Orichalcum"},{"floor":42,"key":"The Courier"},{"floor":43,"key":"Regal Pillow"},{"floor":43,"key":"Whetstone"},{"floor":48,"key":"Bronze Scales"}],"event_choices":[{"cards_removed":["Strike_B"],"damage_healed":0,"gold_gain":0,"player_choice":"Purged","damage_taken":0,"max_hp_gain":0,"max_hp_loss":0,"event_name":"Purifier","floor":2,"gold_loss":0},{"damage_healed":0,"gold_gain":0,"player_choice":"Upgraded","damage_taken":0,"max_hp_gain":0,"max_hp_loss":0,"event_name":"Upgrade Shrine","floor":4,"gold_loss":0,"cards_upgraded":["Chaos"]},{"damage_healed":0,"gold_gain":0,"player_choice":"Grow","damage_taken":0,"max_hp_gain":0,"max_hp_loss":0,"event_name":"Living Wall","floor":5,"gold_loss":0,"cards_upgraded":["Zap"]},{"cards_removed":["Defend_B"],"damage_healed":0,"gold_gain":0,"player_choice":"Elegance","damage_taken":0,"max_hp_gain":0,"max_hp_loss":0,"event_name":"Back to Basics","floor":20,"gold_loss":0},{"damage_healed":0,"gold_gain":0,"player_choice":"Fought Bandits","damage_taken":0,"max_hp_gain":0,"max_hp_loss":0,"event_name":"Masked Bandits","floor":21,"gold_loss":0},{"damage_healed":0,"gold_gain":0,"player_choice":"Opened","damage_taken":0,"relics_obtained":["Thread and Needle"],"max_hp_gain":0,"max_hp_loss":0,"event_name":"The Mausoleum","floor":24,"gold_loss":0,"cards_obtained":["Writhe"]},{"cards_removed":["Cold Snap"],"damage_healed":0,"gold_gain":0,"player_choice":"Removed Attack","damage_taken":0,"max_hp_gain":0,"max_hp_loss":0,"event_name":"Falling","floor":36,"gold_loss":0},{"damage_healed":0,"gold_gain":0,"player_choice":"Copied","damage_taken":0,"max_hp_gain":0,"max_hp_loss":0,"event_name":"Duplicator","floor":37,"gold_loss":0,"cards_obtained":["Defragment"]},{"damage_healed":0,"gold_gain":0,"player_choice":"Memory 1","damage_taken":0,"max_hp_gain":0,"max_hp_loss":0,"event_name":"SensoryStone","floor":45,"gold_loss":0}],"is_beta":true,"boss_relics":[{"not_picked":["Astrolabe","Runic Pyramid"],"picked":"Fusion Hammer"},{"not_picked":["White Beast Statue","Tiny House"],"picked":"Nuclear Battery"}],"items_purged_floors":[],"is_endless":false,"potions_floor_spawned":[1,8,13,19,25,33,35,39,40,44,48],"ascension_level":16}