{"gold_per_floor":[110,110,110,110,110,145,145,176,176,194,194,210,146,174,174,253,253,268,268,287,287,304,304,333,350,350,350,117,132,166,184,184,260,260,276,4,23,123,139,139,272,272,272,297,297,43,53,88,88,162,233,233,249,312,331,345,356,388,463,545,571,594,614,614,625,625,625,697,872,886,886,886,900,920,920,945,145,145,145,374,374,374,374,374,451,451,466,476,154,171,171,171,198,198,198,273,55,55,55,55,55,132,210,210,541,560,560,574,28,28],"floor_reached":110,"playtime":5006,"items_purged":["Gash","Strike_B+1"],"score":6247,"play_id":"85f66fc4-e9cb-4f35-b7e5-ef9d6b2e7432","local_time":"20190219211754","is_ascension_mode":true,"campfire_choices":[{"data":"Zap","floor":7,"key":"SMITH"},{"floor":11,"key":"REST"},{"data":"hubris:PowerSurge","floor":15,"key":"SMITH"},{"data":"Electrodynamics","floor":23,"key":"SMITH"},{"data":"White Noise","floor":27,"key":"SMITH"},{"floor":32,"key":"REST"},{"data":"Storm","floor":40,"key":"SMITH"},{"data":"Storm","floor":42,"key":"SMITH"},{"floor":49,"key":"REST"},{"data":"Defragment","floor":67,"key":"SMITH"},{"data":"hubris:InfiniteBlow+34","floor":75,"key":"SMITH"},{"data":"hubris:InfiniteBlow+35","floor":79,"key":"SMITH"},{"data":"hubris:InfiniteBlow+36","floor":81,"key":"SMITH"},{"data":"hubris:InfiniteBlow+37","floor":84,"key":"SMITH"},{"data":"hubris:InfiniteBlow+39","floor":92,"key":"SMITH"},{"data":"Defragment","floor":94,"key":"SMITH"},{"data":"Seek","floor":98,"key":"SMITH"},{"data":"hubris:InfiniteBlow+40","floor":101,"key":"SMITH"}],"neow_cost":"NONE","seed_source_timestamp":31747406946171,"circlet_count":0,"master_deck":["AscendersBane","Strike_B+1","Defend_B+1","Defend_B+1","Defend_B+1","Defend_B+1","Zap+1","Dualcast+1","Chill","Streamline","Genetic Algorithm","Compile Driver","hubris:PowerSurge+1","Sweeping Beam","Electrodynamics+1","Consume","Ball Lightning","White Noise+1","Skim","Defragment","Capacitor","Storm+1","Hello World","Capacitor","Storm+1","Skim+1","Defragment+1","Creative AI","Ball Lightning","infinitespire:Gouge","Double Energy+1","Turbo","Reprogram","Ball Lightning+1","Seek+1","Coolheaded+1","Metallicize","Echo Form","hubris:InfiniteBlow+41","Defragment","Static Discharge+1","Apotheosis+1","Stack+1","Defragment+1","Zap+1","Buffer","Capacitor","Reboot+1","Exhume+1","White Noise+1","Loop+1","Heatsinks+1","Storm+1","Loop+1","Heatsinks+1","Capacitor+1"],"relics":["Cracked Core","NeowsBlessing","Calipers","infinitespire:Bottled Soul","Bag of Marbles","infinitespire:Satchel","hubris:Reverence","The Courier","Oddly Smooth Stone","Sozu","DataDisk","hubris:PeanutButter","hubris:ToyBattleship","Symbiotic Virus","Busted Crown","Bottled Tornado","infinitespire:CursedDice","infinitespire:Freezer","hubris:MobiusCoin","Meat on the Bone","OrangePellets","Smiling Mask","hubris:RunicObelisk","Gremlin Horn","hubris:DisguiseKit","Pen Nib","infinitespire:Lucky Rock","Potion Belt","hubris:TenFootPole","Toxic Egg 2","Inserter","Omamori","Runic Capacitor","PreservedInsect","Tiny Chest","infinitespire:WardingShard","War Paint","hubris:SphereOfDissonance","Darkstone Periapt","hubris:DeckOfHolding","Enchiridion","Black Star","Bronze Scales","Frozen Egg 2","Mercury Hourglass","Juzu Bracelet","Sundial","Ornamental Fan","hubris:SlimyHat","Lantern","Bottled Lightning","Runic Pyramid","Nunchaku","ClockworkSouvenir"],"potions_floor_usage":[],"damage_taken":[{"damage":0,"enemies":"Jaw Worm","floor":1,"turns":1},{"damage":0,"enemies":"Gremlin Nob","floor":6,"turns":1},{"damage":0,"enemies":"3 Sentries","floor":8,"turns":1},{"damage":9,"enemies":"2 Louse","floor":10,"turns":2},{"damage":0,"enemies":"Cultist","floor":12,"turns":3},{"damage":9,"enemies":"Lagavulin","floor":14,"turns":5},{"damage":19,"enemies":"The Guardian","floor":16,"turns":11},{"damage":0,"enemies":"3 Byrds","floor":18,"turns":2},{"damage":0,"enemies":"Chosen","floor":20,"turns":3},{"damage":24,"enemies":"Snake Plant","floor":22,"turns":2},{"damage":17,"enemies":"Book of Stabbing","floor":24,"turns":4},{"damage":0,"enemies":"3 Cultists","floor":25,"turns":2},{"damage":0,"enemies":"Snecko","floor":29,"turns":4},{"damage":0,"enemies":"Slavers","floor":30,"turns":5},{"damage":6,"enemies":"Centurion and Healer","floor":31,"turns":3},{"damage":0,"enemies":"Collector","floor":33,"turns":4},{"damage":0,"enemies":"3 Darklings","floor":35,"turns":4},{"damage":0,"enemies":"3 Shapes","floor":37,"turns":2},{"damage":0,"enemies":"infinitespire:Three Voidlings","floor":38,"turns":2},{"damage":0,"enemies":"Nightmare_Alpha","floor":38,"turns":7},{"damage":0,"enemies":"Sphere and 2 Shapes","floor":39,"turns":2},{"damage":0,"enemies":"Nemesis","floor":41,"turns":5},{"damage":0,"enemies":"Reptomancer","floor":44,"turns":2},{"damage":0,"enemies":"Jaw Worm Horde","floor":47,"turns":1},{"damage":28,"enemies":"Nemesis","floor":48,"turns":4},{"damage":7,"enemies":"Time Eater","floor":50,"turns":6},{"damage":14,"enemies":"infinitespire:MassOfShapes","floor":51,"turns":5},{"damage":0,"enemies":"Jaw Worm","floor":53,"turns":1},{"damage":0,"enemies":"3 Sentries","floor":54,"turns":1},{"damage":0,"enemies":"Cultist","floor":55,"turns":2},{"damage":0,"enemies":"2 Louse","floor":56,"turns":1},{"damage":0,"enemies":"Large Slime","floor":57,"turns":2},{"damage":0,"enemies":"3 Sentries","floor":58,"turns":1},{"damage":66,"enemies":"Nightmare","floor":60,"turns":5},{"damage":0,"enemies":"2 Fungi Beasts","floor":63,"turns":1},{"damage":0,"enemies":"Red Slaver","floor":65,"turns":1},{"damage":8,"enemies":"Hexaghost","floor":68,"turns":4},{"damage":0,"enemies":"Chosen","floor":70,"turns":2},{"damage":0,"enemies":"Spheric Guardian","floor":73,"turns":2},{"damage":0,"enemies":"Centurion and Healer","floor":74,"turns":2},{"damage":0,"enemies":"Nightmare","floor":76,"turns":3},{"damage":7,"enemies":"Book of Stabbing","floor":80,"turns":1},{"damage":13,"enemies":"Champ","floor":85,"turns":3},{"damage":0,"enemies":"3 Shapes","floor":87,"turns":1},{"damage":0,"enemies":"Orb Walker","floor":88,"turns":2},{"damage":0,"enemies":"4 Shapes","floor":90,"turns":1},{"damage":18,"enemies":"Nemesis","floor":93,"turns":3},{"damage":0,"enemies":"Giant Head","floor":96,"turns":2},{"damage":27,"enemies":"Donu and Deca","floor":102,"turns":3},{"damage":0,"enemies":"Time Eater","floor":103,"turns":1},{"damage":0,"enemies":"Small Slimes","floor":105,"turns":1},{"damage":0,"enemies":"Jaw Worm","floor":106,"turns":1},{"damage":0,"enemies":"2 Louse","floor":108,"turns":1},{"damage":68,"enemies":"Nightmare_Alpha","floor":110,"turns":3}],"seed_played":"1156831581722708865","potions_obtained":[{"floor":1,"key":"SmokeBomb"},{"floor":6,"key":"SteroidPotion"}],"is_trial":false,"path_per_floor":["M","?","?","T","?","E","R","E","T","M","R","M","$","E","R","B",null,"M","T","M","?","M","R","E","M","T","R","$","M","E","M","R","B",null,"M","$","M","?","M","R","E","R","T","E","?","$","M","E","R","B","B",null,"M","?","M","M","M","E","?","NM","T","T","M","?","M","T","R","B",null,"M","?","?","M","M","R","NM","$","T","R","E","R","?","?","R","B",null,"M","M","$","M","?","R","E","R","T","E","$","R","?","?","R","B","B",null,"M","M","?","M","$","NM"],"character_chosen":"DEFECT","items_purchased":["hubris:PowerSurge","Defragment","Capacitor","Storm","Hello World","Capacitor","Storm","Bottled Tornado","OrangePellets","Apotheosis+1","Runic Capacitor","PreservedInsect","Tiny Chest","Stack+1","infinitespire:WardingShard","War Paint","Bronze Scales","Frozen Egg 2","Bottled Lightning","ClockworkSouvenir","Loop+1","Heatsinks+1","Storm+1","Loop+1","Heatsinks+1","Capacitor+1"],"campfire_rested":3,"item_purchase_floors":[13,28,28,28,28,28,28,36,46,77,77,77,77,77,77,77,89,89,97,109,109,109,109,109,109,109],"current_hp_per_floor":[64,43,48,48,22,22,22,22,22,13,35,35,35,26,26,7,59,59,59,59,59,35,35,18,18,18,18,18,18,18,12,34,34,66,66,66,66,66,66,66,66,66,66,66,56,56,56,40,62,55,41,67,67,67,67,67,67,67,56,58,58,58,58,53,53,53,53,45,68,68,68,68,68,68,68,68,68,68,68,61,61,52,52,52,39,67,67,67,67,67,67,67,49,49,49,49,49,49,52,72,72,45,45,65,65,65,66,66,67,0],"gold":28,"neow_bonus":"THREE_ENEMY_KILL","is_prod":false,"is_daily":false,"chose_seed":false,"campfire_upgraded":15,"win_rate":0,"timestamp":1550607474,"path_taken":["M","?","?","?","?","E","R","E","T","M","R","M","?","E","R","BOSS","M","?","M","?","M","R","E","?","T","R","$","M","E","M","R","BOSS","M","$","M","?","M","R","E","R","T","E","?","$","M","E","R","BOSS","BOSS","M","?","M","M","M","E","?","NM","T","?","M","?","?","?","R","BOSS","M","?","?","M","M","R","NM","$","T","R","E","R","?","?","R","BOSS","M","?","$","M","?","R","E","R","T","E","$","R","?","?","R","BOSS","BOSS","M","M","?","M","?","NM"],"build_version":"2019-01-23","purchased_purges":2,"victory":false,"max_hp_per_floor":[71,71,76,76,76,76,76,76,76,76,76,76,76,76,76,76,76,76,76,76,76,76,76,76,76,76,76,76,76,76,76,76,76,76,76,76,76,76,76,76,76,76,76,76,76,76,76,76,76,76,76,76,76,76,76,76,76,76,76,76,76,76,76,76,76,76,76,76,76,76,76,76,76,76,76,76,76,76,76,76,76,76,76,76,76,76,76,76,76,76,76,76,76,76,76,76,76,76,72,72,72,72,72,72,72,72,72,72,72,72],"card_choices":[{"not_picked":["Chaos","Cold Snap"],"picked":"Gash","floor":1},{"not_picked":["Capacitor","Turbo"],"picked":"Chill","floor":6},{"not_picked":["Go for the Eyes","Auto Shields"],"picked":"Streamline","floor":8},{"not_picked":["Blizzard","Cold Snap"],"picked":"Genetic Algorithm","floor":10},{"not_picked":["Double Energy","Tempest"],"picked":"Compile Driver","floor":12},{"not_picked":["Streamline","Stack"],"picked":"Sweeping Beam","floor":14},{"not_picked":["Seek","hubris:Prefetch"],"picked":"Electrodynamics","floor":16},{"not_picked":["Go for the Eyes","Barrage","Beam Cell"],"picked":"SKIP","floor":18},{"not_picked":["Steam","Force Field"],"picked":"Consume","floor":20},{"not_picked":["Streamline","Compile Driver"],"picked":"Ball Lightning","floor":22},{"not_picked":["Darkness","Compile Driver"],"picked":"White Noise","floor":24},{"not_picked":["Beam Cell","Rebound"],"picked":"Skim","floor":25},{"not_picked":["Conserve Battery","Lockon"],"picked":"Skim+1","floor":29},{"not_picked":["Stack","Redo+1","Rebound"],"picked":"SKIP","floor":30},{"not_picked":["Go for the Eyes","Cold Snap"],"picked":"Defragment","floor":31},{"not_picked":["Multi-Cast","Amplify"],"picked":"Creative AI","floor":33},{"not_picked":[],"picked":"Ball Lightning","floor":35},{"not_picked":["Undo"],"picked":"SKIP","floor":37},{"not_picked":["infinitespire:Punishment","hubris:Rewind"],"picked":"infinitespire:Gouge","floor":38},{"not_picked":[],"picked":"Double Energy+1","floor":39},{"not_picked":[],"picked":"Turbo","floor":41},{"not_picked":[],"picked":"Reprogram","floor":44},{"not_picked":[],"picked":"Ball Lightning+1","floor":47},{"not_picked":["Conserve Battery"],"picked":"SKIP","floor":48},{"not_picked":[],"picked":"Seek","floor":50},{"not_picked":[],"picked":"Coolheaded","floor":53},{"not_picked":["Steam"],"picked":"SKIP","floor":55},{"not_picked":["Reprogram"],"picked":"SKIP","floor":56},{"not_picked":["Turbo"],"picked":"SKIP","floor":57},{"not_picked":["Steam"],"picked":"SKIP","floor":58},{"not_picked":["Hologram"],"picked":"Metallicize","floor":60},{"not_picked":["Double Energy","Thunderclap"],"picked":"SKIP","floor":63},{"not_picked":["Hologram","Seeing Red"],"picked":"SKIP","floor":65},{"not_picked":["Double Tap"],"picked":"Echo Form","floor":68},{"not_picked":["infinitespire:FinalStrike","infinitespire:Menacing"],"picked":"hubris:InfiniteBlow+34","floor":69},{"not_picked":["Redo+1","Thunderclap"],"picked":"SKIP","floor":70},{"not_picked":["Redo+1","Havoc"],"picked":"SKIP","floor":73},{"not_picked":["Combust"],"picked":"Static Discharge+1","floor":74},{"not_picked":["Cold Snap+1","Double Tap"],"picked":"SKIP","floor":76},{"not_picked":["Infernal Blade"],"picked":"Defragment","floor":80},{"not_picked":["Brutality"],"picked":"Buffer","floor":85},{"not_picked":["Battle Trance"],"picked":"Capacitor","floor":87},{"not_picked":["Leap+1","Sword Boomerang"],"picked":"SKIP","floor":88},{"not_picked":["Rebound","Body Slam"],"picked":"SKIP","floor":90},{"not_picked":["Flex"],"picked":"Reboot+1","floor":93},{"not_picked":["Leap+1","Shrug It Off"],"picked":"SKIP","floor":96},{"not_picked":["hubris:SpecializedCircuitry+1"],"picked":"Exhume","floor":103},{"not_picked":["Sunder","Heavy Blade"],"picked":"SKIP","floor":105},{"not_picked":["Pommel Strike"],"picked":"White Noise+1","floor":106},{"not_picked":["Stack+1","Anger"],"picked":"SKIP","floor":108}],"player_experience":1313078,"relics_obtained":[{"floor":4,"key":"Calipers"},{"floor":6,"key":"Bag of Marbles"},{"floor":8,"key":"hubris:Reverence"},{"floor":9,"key":"The Courier"},{"floor":14,"key":"Oddly Smooth Stone"},{"floor":19,"key":"DataDisk"},{"floor":24,"key":"hubris:PeanutButter"},{"floor":26,"key":"hubris:ToyBattleship"},{"floor":30,"key":"Symbiotic Virus"},{"floor":38,"key":"infinitespire:CursedDice"},{"floor":41,"key":"infinitespire:Freezer"},{"floor":43,"key":"hubris:MobiusCoin"},{"floor":44,"key":"Meat on the Bone"},{"floor":48,"key":"Smiling Mask"},{"floor":54,"key":"Gremlin Horn"},{"floor":58,"key":"hubris:DisguiseKit"},{"floor":60,"key":"Pen Nib"},{"floor":61,"key":"infinitespire:Lucky Rock"},{"floor":62,"key":"Potion Belt"},{"floor":66,"key":"Toxic Egg 2"},{"floor":76,"key":"Omamori"},{"floor":78,"key":"hubris:SphereOfDissonance"},{"floor":80,"key":"hubris:DeckOfHolding"},{"floor":82,"key":"Enchiridion"},{"floor":93,"key":"Mercury Hourglass"},{"floor":93,"key":"Juzu Bracelet"},{"floor":95,"key":"Sundial"},{"floor":96,"key":"hubris:SlimyHat"},{"floor":96,"key":"Lantern"}],"event_choices":[{"damage_healed":0,"gold_gain":0,"player_choice":"Entered Light","damage_taken":21,"max_hp_gain":0,"max_hp_loss":0,"event_name":"Shining Light","floor":2,"gold_loss":0,"cards_upgraded":["Strike_B","Defend_B"]},{"damage_healed":0,"gold_gain":0,"player_choice":"Donut","damage_taken":0,"max_hp_gain":5,"max_hp_loss":0,"event_name":"Big Fish","floor":3,"gold_loss":0},{"damage_healed":0,"gold_gain":0,"player_choice":"Success","damage_taken":26,"relics_obtained":["infinitespire:Bottled Soul"],"max_hp_gain":0,"max_hp_loss":0,"event_name":"Scrap Ooze","floor":5,"gold_loss":0},{"damage_healed":0,"gold_gain":0,"player_choice":"Simplicity","damage_taken":0,"max_hp_gain":0,"max_hp_loss":0,"event_name":"Back to Basics","floor":21,"gold_loss":0,"cards_upgraded":["Strike_B","Strike_B","Strike_B","Defend_B","Defend_B","Defend_B"]},{"damage_healed":0,"gold_gain":0,"player_choice":"Memory 3","damage_taken":10,"max_hp_gain":0,"max_hp_loss":0,"event_name":"SensoryStone","floor":45,"gold_loss":0},{"damage_healed":0,"gold_gain":30,"player_choice":"Searched \u00272\u0027 times","damage_taken":0,"max_hp_gain":0,"max_hp_loss":0,"event_name":"Dead Adventurer","floor":54,"gold_loss":0},{"damage_healed":0,"gold_gain":75,"player_choice":"Gather Gold","damage_taken":11,"max_hp_gain":0,"max_hp_loss":0,"event_name":"World of Goop","floor":59,"gold_loss":0},{"damage_healed":0,"gold_gain":0,"player_choice":"Success","damage_taken":5,"relics_obtained":["hubris:TenFootPole"],"max_hp_gain":0,"max_hp_loss":0,"event_name":"Scrap Ooze","floor":64,"gold_loss":0},{"cards_removed":["Strike_B"],"damage_healed":0,"gold_gain":0,"player_choice":"Elegance","damage_taken":0,"max_hp_gain":0,"max_hp_loss":0,"event_name":"Back to Basics","floor":71,"gold_loss":0},{"damage_healed":0,"gold_gain":0,"player_choice":"Read","damage_taken":0,"max_hp_gain":0,"max_hp_loss":0,"event_name":"The Library","floor":72,"gold_loss":0,"cards_obtained":["Defragment"]},{"damage_healed":0,"gold_gain":0,"player_choice":"Obtained Book","damage_taken":21,"max_hp_gain":0,"max_hp_loss":0,"event_name":"Cursed Tome","floor":82,"gold_loss":0},{"damage_healed":0,"gold_gain":0,"player_choice":"1 cards matched","damage_taken":0,"max_hp_gain":0,"max_hp_loss":0,"event_name":"Match and Keep!","floor":83,"gold_loss":0,"cards_obtained":["Zap"]},{"damage_healed":0,"gold_gain":0,"player_choice":"Upgraded","damage_taken":0,"max_hp_gain":0,"max_hp_loss":0,"event_name":"Upgrade Shrine","floor":91,"gold_loss":0,"cards_upgraded":["hubris:InfiniteBlow"]},{"damage_healed":0,"gold_gain":0,"player_choice":"Max HP","damage_taken":0,"max_hp_gain":0,"max_hp_loss":4,"event_name":"Winding Halls","floor":99,"gold_loss":0},{"damage_healed":17,"gold_gain":0,"player_choice":"Full Heal","damage_taken":0,"max_hp_gain":0,"max_hp_loss":0,"event_name":"Wheel of Change","floor":100,"gold_loss":0},{"cards_removed":["Strike_B"],"damage_healed":0,"gold_gain":0,"player_choice":"Purged","damage_taken":0,"max_hp_gain":0,"max_hp_loss":0,"event_name":"Purifier","floor":107,"gold_loss":0}],"is_beta":false,"boss_relics":[{"not_picked":["Snecko Eye","Inserter"],"picked":"Sozu"},{"not_picked":["Fusion Hammer","hubris:CrackedHourglass"],"picked":"Busted Crown"},{"not_picked":["hubris:VirtuousBlindfold","Astrolabe"],"picked":"hubris:RunicObelisk"},{"not_picked":["hubris:GrandSneckoEye","hubris:Stopwatch"],"picked":"Inserter"},{"not_picked":["FrozenCore","Empty Cage"],"picked":"Black Star"},{"not_picked":["Snecko Eye","Cursed Key"],"picked":"Runic Pyramid"}],"items_purged_floors":[36,46],"is_endless":true,"potions_floor_spawned":[1,6,12,18,24,30,31,35,37,44,48,50,53,54,57,60,63,74,76,85,88,90,102,103,108],"killed_by":"Nightmare_Alpha","ascension_level":20}