{"gold_per_floor":[111,186,336,356,9,9,39,39,39,51,25,25,41,58,58,132,132,147,247,297,315,265,265,291,111,111,124,49,84,84,95,95,95],"floor_reached":33,"playtime":913,"items_purged":["Doubt","Strike_B"],"score":616,"play_id":"718d996b-ccd0-44ec-8759-d89eea51ce58","local_time":"20190328103534","is_ascension_mode":true,"campfire_choices":[{"data":"Zap","floor":6,"key":"SMITH"},{"data":"Static Discharge","floor":12,"key":"SMITH"},{"data":"Creative AI","floor":15,"key":"SMITH"},{"floor":23,"key":"REST"},{"floor":30,"key":"REST"},{"data":"Electrodynamics","floor":32,"key":"SMITH"}],"neow_cost":"NONE","seed_source_timestamp":4182581072204,"circlet_count":0,"master_deck":["AscendersBane","Strike_B","Strike_B","Defend_B","Defend_B","Defend_B","Defend_B+1","Zap+1","Dualcast","Loop+1","Static Discharge+1","Cold Snap+1","Cold Snap+1","Creative AI+1","Ball Lightning+1","Thunder Strike+1","Capacitor","Electrodynamics+1","Go for the Eyes+1","Chill","Turbo","Self Repair"],"relics":["Cracked Core","NeowsBlessing","Mercury Hourglass","Emotion Chip","Molten Egg 2","Snecko Eye","Torii","Kunai","Lantern","Meat on the Bone","Art of War"],"potions_floor_usage":[16,16,19,21,24,29,33],"damage_taken":[{"damage":0,"enemies":"Jaw Worm","floor":1,"turns":1},{"damage":0,"enemies":"2 Louse","floor":4,"turns":1},{"damage":0,"enemies":"Gremlin Nob","floor":7,"turns":1},{"damage":1,"enemies":"Cultist","floor":10,"turns":3},{"damage":1,"enemies":"Looter","floor":13,"turns":2},{"damage":9,"enemies":"Blue Slaver","floor":14,"turns":3},{"damage":7,"enemies":"Hexaghost","floor":16,"turns":9},{"damage":4,"enemies":"Spheric Guardian","floor":18,"turns":3},{"damage":15,"enemies":"Colosseum Slavers","floor":19,"turns":3},{"damage":21,"enemies":"Colosseum Nobs","floor":19,"turns":4},{"damage":7,"enemies":"Chosen","floor":21,"turns":4},{"damage":18,"enemies":"Slavers","floor":24,"turns":2},{"damage":0,"enemies":"3 Cultists","floor":27,"turns":3},{"damage":37,"enemies":"Book of Stabbing","floor":29,"turns":5},{"damage":21,"enemies":"Centurion and Healer","floor":31,"turns":5},{"damage":41,"enemies":"Automaton","floor":33,"turns":6}],"seed_played":"-1200706995490026876","potions_obtained":[{"floor":1,"key":"AttackPotion"},{"floor":10,"key":"EssenceOfSteel"},{"floor":16,"key":"SteroidPotion"},{"floor":19,"key":"Block Potion"},{"floor":21,"key":"Swift Potion"},{"floor":24,"key":"Fruit Juice"}],"is_trial":false,"path_per_floor":["M","?","?","M","$","R","E","?","T","M","$","R","M","M","R","B",null,"M","?","?","M","?","R","E","$","T","M","?","E","R","M","R","B"],"character_chosen":"DEFECT","items_purchased":["Mercury Hourglass","Cold Snap+1","Regen Potion"],"campfire_rested":2,"item_purchase_floors":[5,11,25],"current_hp_per_floor":[64,53,53,53,53,53,53,32,32,31,31,31,30,21,21,14,57,53,17,17,10,10,31,13,13,13,25,25,14,35,33,33,0],"gold":95,"neow_bonus":"THREE_ENEMY_KILL","is_prod":false,"is_daily":false,"chose_seed":false,"campfire_upgraded":4,"win_rate":0,"timestamp":1553765734,"path_taken":["M","?","?","?","$","R","E","?","T","M","$","R","M","M","R","BOSS","M","?","?","?","?","R","E","$","T","?","?","E","R","M","R","BOSS"],"build_version":"2019-01-23","purchased_purges":2,"victory":false,"max_hp_per_floor":[71,71,71,71,71,71,71,71,71,71,71,71,71,71,71,71,71,71,71,71,71,71,71,71,71,71,71,71,71,71,71,71,76],"card_choices":[{"not_picked":["Hello World","Beam Cell","Steam"],"picked":"SKIP","floor":1},{"not_picked":["Barrage","Stack"],"picked":"Loop","floor":4},{"not_picked":["Beam Cell","Conserve Battery"],"picked":"Static Discharge","floor":7},{"not_picked":["Stack","Coolheaded"],"picked":"Cold Snap+1","floor":10},{"not_picked":["BootSequence","Double Energy"],"picked":"Creative AI","floor":13},{"not_picked":["Steam","Barrage+1"],"picked":"Ball Lightning+1","floor":14},{"not_picked":["Rainbow","Hyperbeam+1"],"picked":"Thunder Strike+1","floor":16},{"not_picked":["Hologram","Lockon+1"],"picked":"Capacitor","floor":18},{"not_picked":["Leap","Beam Cell+1"],"picked":"Electrodynamics","floor":19},{"not_picked":["Conserve Battery","Streamline+1"],"picked":"Go for the Eyes+1","floor":21},{"not_picked":["Static Discharge","Multi-Cast"],"picked":"Chill","floor":24},{"not_picked":["Go for the Eyes+1","Hologram"],"picked":"Turbo","floor":27},{"not_picked":["Reprogram+1","Cold Snap+1"],"picked":"Self Repair","floor":29},{"not_picked":["Ball Lightning+1","Leap","Hyperbeam+1"],"picked":"SKIP","floor":31}],"player_experience":1491447,"relics_obtained":[{"floor":7,"key":"Emotion Chip"},{"floor":9,"key":"Molten Egg 2"},{"floor":19,"key":"Torii"},{"floor":19,"key":"Kunai"},{"floor":24,"key":"Lantern"},{"floor":26,"key":"Meat on the Bone"},{"floor":29,"key":"Art of War"}],"event_choices":[{"damage_healed":0,"gold_gain":75,"player_choice":"Gather Gold","damage_taken":11,"max_hp_gain":0,"max_hp_loss":0,"event_name":"World of Goop","floor":2,"gold_loss":0},{"damage_healed":0,"gold_gain":150,"player_choice":"AGREE","damage_taken":0,"max_hp_gain":0,"max_hp_loss":0,"event_name":"Liars Game","floor":3,"gold_loss":0,"cards_obtained":["Doubt"]},{"damage_healed":0,"gold_gain":0,"player_choice":"Entered Light","damage_taken":21,"max_hp_gain":0,"max_hp_loss":0,"event_name":"Shining Light","floor":8,"gold_loss":0,"cards_upgraded":["Defend_B","Loop"]},{"damage_healed":0,"gold_gain":0,"player_choice":"Fight","damage_taken":0,"max_hp_gain":0,"max_hp_loss":0,"event_name":"Colosseum","floor":19,"gold_loss":0},{"damage_healed":0,"gold_gain":0,"player_choice":"Fought Nobs","damage_taken":0,"max_hp_gain":0,"max_hp_loss":0,"event_name":"Colosseum","floor":19,"gold_loss":0},{"damage_healed":0,"gold_gain":50,"player_choice":"Stole From Cult","damage_taken":0,"max_hp_gain":0,"max_hp_loss":0,"event_name":"Nest","floor":20,"gold_loss":0},{"damage_healed":0,"gold_gain":0,"player_choice":"Bet on Murderer","damage_taken":0,"max_hp_gain":0,"max_hp_loss":0,"event_name":"The Joust","floor":22,"gold_loss":50},{"cards_removed":["Strike_B"],"damage_healed":0,"gold_gain":0,"player_choice":"Gave Gold","damage_taken":0,"max_hp_gain":0,"max_hp_loss":0,"event_name":"Beggar","floor":28,"gold_loss":75}],"is_beta":false,"boss_relics":[{"not_picked":["Fusion Hammer","Runic Dome"],"picked":"Snecko Eye"}],"items_purged_floors":[5,25],"is_endless":false,"potions_floor_spawned":[1,10,16,19,19,21,24],"killed_by":"Automaton","ascension_level":20}