{"gold_per_floor":[110,285,285,118,137,172,184,236,274,286,323,335,380,412,424,556,568,598,635,647,682,707,719,774,28,78,78,102,102,102,227,227,348,348,373,373,436,457,19,55,55,93,119,119,134,134,134,155,155,155],"floor_reached":51,"playtime":5007,"items_purged":["Doubt","Strike_G"],"score":934,"play_id":"8f4daefe-17ce-49b4-84e7-f2d42e0eab80","local_time":"20190328122335","is_ascension_mode":true,"campfire_choices":[{"data":"Neutralize","floor":7,"key":"SMITH"},{"floor":10,"key":"REST"},{"data":"Sucker Punch","floor":12,"key":"SMITH"},{"floor":15,"key":"REST"},{"floor":23,"key":"REST"},{"floor":27,"key":"REST"},{"data":"Apotheosis","floor":29,"key":"SMITH"},{"floor":32,"key":"DIG"},{"floor":41,"key":"REST"},{"floor":44,"key":"REST"},{"floor":47,"key":"DIG"},{"data":"1","floor":49,"key":"LIFT"}],"neow_cost":"NONE","seed_source_timestamp":104779401633964,"circlet_count":0,"master_deck":["Defend_G","Defend_G","Defend_G+1","Defend_G","Defend_G","Strike_G+1","Strike_G","Strike_G","Strike_G","Survivor","Neutralize+1","Cloak And Dagger","Noxious Fumes","Sucker Punch+1","Masterful Stab","Poisoned Stab","Endless Agony+1","Caltrops","Doppelganger","Backflip","Phantasmal Killer+1","Footwork","Well Laid Plans","Dagger Throw+1","Backflip","Infinite Blades","Apotheosis+1","Bane","Necronomicurse","Deflect+1","Die Die Die","Flechettes","Blade Dance+1","After Image","After Image","Bullet Time","Well Laid Plans+1","Caltrops+1","Doubt","Dodge and Roll"],"relics":["Ring of the Snake","Golden Idol","MawBank","Bronze Scales","Boot","The Courier","Sozu","Juzu Bracelet","Pantograph","FossilizedHelix","Bag of Preparation","Whetstone","Necronomicon","Shovel","Darkstone Periapt","Gambling Chip","Cursed Key","Pocketwatch","Bottled Lightning","Paper Crane","Mango","War Paint","Girya"],"potions_floor_usage":[8,16,16,18],"damage_taken":[{"damage":0,"enemies":"Small Slimes","floor":1,"turns":3},{"damage":0,"enemies":"Jaw Worm","floor":5,"turns":4},{"damage":19,"enemies":"Gremlin Nob","floor":6,"turns":5},{"damage":23,"enemies":"3 Sentries","floor":8,"turns":7},{"damage":0,"enemies":"2 Louse","floor":11,"turns":1},{"damage":22,"enemies":"Lagavulin","floor":13,"turns":6},{"damage":0,"enemies":"Large Slime","floor":14,"turns":5},{"damage":42,"enemies":"Slime Boss","floor":16,"turns":11},{"damage":6,"enemies":"Spheric Guardian","floor":18,"turns":3},{"damage":12,"enemies":"Chosen","floor":19,"turns":5},{"damage":1,"enemies":"Centurion and Healer","floor":21,"turns":7},{"damage":22,"enemies":"3 Cultists","floor":22,"turns":6},{"damage":50,"enemies":"Gremlin Leader","floor":24,"turns":11},{"damage":0,"enemies":"Chosen and Byrds","floor":28,"turns":5},{"damage":0,"enemies":"Colosseum Slavers","floor":31,"turns":5},{"damage":0,"enemies":"Colosseum Nobs","floor":31,"turns":5},{"damage":41,"enemies":"Collector","floor":33,"turns":9},{"damage":0,"enemies":"3 Shapes","floor":35,"turns":4},{"damage":43,"enemies":"2 Orb Walkers","floor":37,"turns":7},{"damage":9,"enemies":"3 Darklings","floor":38,"turns":3},{"damage":14,"enemies":"Giant Head","floor":40,"turns":8},{"damage":0,"enemies":"Nemesis","floor":42,"turns":7},{"damage":0,"enemies":"Jaw Worm Horde","floor":45,"turns":3},{"damage":0,"enemies":"Maw","floor":48,"turns":6},{"damage":41,"enemies":"Donu and Deca","floor":50,"turns":9}],"seed_played":"-2342749642408830169","potions_obtained":[{"floor":6,"key":"Regen Potion"},{"floor":8,"key":"Energy Potion"},{"floor":13,"key":"GamblersBrew"},{"floor":16,"key":"Explosive Potion"}],"is_trial":false,"path_per_floor":["M","?","?","$","M","E","R","E","T","R","M","R","E","M","R","B",null,"M","M","?","M","M","R","E","$","T","R","M","R","?","?","R","B",null,"M","?","?","M","$","E","R","E","T","R","M","?","R","M","R","B",null],"character_chosen":"THE_SILENT","items_purchased":["Noxious Fumes","Sucker Punch","Pantograph","FossilizedHelix","Bag of Preparation","Apotheosis","Bottled Lightning","After Image","Bullet Time"],"campfire_rested":6,"item_purchase_floors":[4,4,25,25,25,25,39,39,39],"current_hp_per_floor":[77,77,58,58,58,39,39,31,31,54,54,54,32,32,55,13,77,71,59,77,76,54,77,27,27,27,50,50,50,34,34,34,18,77,77,77,34,25,25,11,34,48,54,83,83,83,83,83,83,56],"gold":155,"neow_bonus":"TEN_PERCENT_HP_BONUS","is_prod":false,"is_daily":false,"chose_seed":false,"campfire_upgraded":3,"win_rate":0,"timestamp":1553801015,"path_taken":["M","?","?","$","M","E","R","E","T","R","M","R","E","M","R","BOSS","M","M","?","M","M","R","E","$","T","R","M","R","?","?","R","BOSS","M","?","?","M","$","E","R","E","T","R","M","?","R","M","R","BOSS"],"build_version":"2019-01-23","purchased_purges":2,"victory":true,"max_hp_per_floor":[77,77,77,77,77,77,77,77,77,77,77,77,77,77,77,77,77,77,77,77,77,77,77,77,77,77,77,77,77,77,77,77,77,77,77,77,77,77,77,77,77,91,97,97,97,97,97,97,97,97],"card_choices":[{"not_picked":["Dagger Throw","All Out Attack"],"picked":"Cloak And Dagger","floor":1},{"not_picked":["All Out Attack","Dodge and Roll"],"picked":"Masterful Stab","floor":5},{"not_picked":["Slice","Distraction"],"picked":"Poisoned Stab","floor":6},{"not_picked":["Calculated Gamble","Outmaneuver"],"picked":"Endless Agony","floor":8},{"not_picked":["Predator","Poisoned Stab"],"picked":"Caltrops","floor":11},{"not_picked":["Slice","Concentrate"],"picked":"Doppelganger","floor":13},{"not_picked":["Acrobatics","Blade Dance"],"picked":"Backflip","floor":14},{"not_picked":["A Thousand Cuts","Storm of Steel"],"picked":"Phantasmal Killer","floor":16},{"not_picked":["Backstab+1","Blur"],"picked":"Footwork","floor":18},{"not_picked":["Dagger Spray","Prepared+1"],"picked":"Well Laid Plans","floor":19},{"not_picked":["Heel Hook","Masterful Stab+1"],"picked":"Dagger Throw+1","floor":21},{"not_picked":["Poisoned Stab","Flying Knee"],"picked":"Backflip","floor":22},{"not_picked":["Well Laid Plans","Sucker Punch"],"picked":"Infinite Blades","floor":24},{"not_picked":["Endless Agony","A Thousand Cuts"],"picked":"Bane","floor":28},{"not_picked":["Deadly Poison","Cloak And Dagger+1"],"picked":"Deflect+1","floor":31},{"not_picked":["Glass Knife","Storm of Steel"],"picked":"Die Die Die","floor":33},{"not_picked":["Blade Dance","Poisoned Stab+1"],"picked":"Flechettes","floor":35},{"not_picked":["Bane","Flying Knee+1"],"picked":"Blade Dance+1","floor":37},{"not_picked":["Eviscerate+1","Deadly Poison+1"],"picked":"After Image","floor":38},{"not_picked":["Prepared+1","Riddle With Holes"],"picked":"Well Laid Plans+1","floor":40},{"not_picked":["Predator","Distraction"],"picked":"Caltrops+1","floor":42},{"not_picked":["Sucker Punch","Blade Dance+1"],"picked":"Dodge and Roll","floor":45},{"not_picked":["Deadly Poison","Blade Dance+1","Slice"],"picked":"SKIP","floor":48}],"player_experience":462693,"relics_obtained":[{"floor":6,"key":"MawBank"},{"floor":8,"key":"Bronze Scales"},{"floor":9,"key":"Boot"},{"floor":13,"key":"The Courier"},{"floor":24,"key":"Juzu Bracelet"},{"floor":26,"key":"Whetstone"},{"floor":30,"key":"Necronomicon"},{"floor":31,"key":"Shovel"},{"floor":31,"key":"Darkstone Periapt"},{"floor":32,"key":"Gambling Chip"},{"floor":37,"key":"Pocketwatch"},{"floor":40,"key":"Paper Crane"},{"floor":42,"key":"Mango"},{"floor":43,"key":"War Paint"},{"floor":47,"key":"Girya"}],"event_choices":[{"damage_healed":0,"gold_gain":175,"player_choice":"AGREE","damage_taken":0,"max_hp_gain":0,"max_hp_loss":0,"event_name":"Liars Game","floor":2,"gold_loss":0,"cards_obtained":["Doubt"]},{"damage_healed":0,"gold_gain":0,"player_choice":"Take Damage","damage_taken":19,"relics_obtained":["Golden Idol"],"max_hp_gain":0,"max_hp_loss":0,"event_name":"Golden Idol","floor":3,"gold_loss":0},{"damage_healed":25,"gold_gain":0,"player_choice":"Heal","damage_taken":0,"max_hp_gain":0,"max_hp_loss":0,"event_name":"The Library","floor":20,"gold_loss":0},{"damage_healed":0,"gold_gain":0,"player_choice":"Obtained Book","damage_taken":16,"max_hp_gain":0,"max_hp_loss":0,"event_name":"Cursed Tome","floor":30,"gold_loss":0},{"damage_healed":0,"gold_gain":0,"player_choice":"Fight","damage_taken":0,"max_hp_gain":0,"max_hp_loss":0,"event_name":"Colosseum","floor":31,"gold_loss":0},{"damage_healed":0,"gold_gain":0,"player_choice":"Fought Nobs","damage_taken":0,"max_hp_gain":0,"max_hp_loss":0,"event_name":"Colosseum","floor":31,"gold_loss":0},{"damage_healed":0,"gold_gain":0,"player_choice":"Ignored","damage_taken":0,"max_hp_gain":0,"max_hp_loss":0,"event_name":"Tomb of Lord Red Mask","floor":36,"gold_loss":0},{"damage_healed":0,"gold_gain":0,"player_choice":"Fight","damage_taken":0,"max_hp_gain":0,"max_hp_loss":0,"event_name":"Mysterious Sphere","floor":37,"gold_loss":0},{"damage_healed":0,"gold_gain":0,"player_choice":"Got Potions","damage_taken":0,"max_hp_gain":0,"max_hp_loss":0,"event_name":"Lab","floor":46,"gold_loss":0}],"is_beta":false,"boss_relics":[{"not_picked":["Lizard Tail","Fusion Hammer"],"picked":"Sozu"},{"not_picked":["White Beast Statue","Philosopher\u0027s Stone"],"picked":"Cursed Key"}],"items_purged_floors":[4,25],"is_endless":false,"potions_floor_spawned":[6,8,13,16,18,19,31,31,37,42,48],"ascension_level":4}