{"gold_per_floor":[16,16,91,108,123,123,155,155,182,194,222,268,280,311,323,409,421,448,53,69,89,89,121,152,77,77,87,118,134,164,184,184,258,258,268,321,246,246,162,162,181,213,213,230,262,272,290,316,316,316,316,316,316,12,37,37],"floor_reached":57,"playtime":2856,"items_purged":["Strike_R","Strike_R"],"score":3649,"play_id":"b595d976-9c0d-4a93-b7da-f9eeb4865bcf","local_time":"20190403133713","is_ascension_mode":true,"campfire_choices":[{"data":"Bash","floor":6,"key":"SMITH"},{"data":"Corruption","floor":8,"key":"SMITH"},{"data":"Whirlwind","floor":13,"key":"SMITH"},{"data":"Clothesline","floor":15,"key":"SMITH"},{"data":"Heavy Blade","floor":32,"key":"SMITH"},{"data":"Juggernaut","floor":40,"key":"SMITH"},{"floor":49,"key":"RECALL"},{"data":"Feel No Pain","floor":53,"key":"SMITH"}],"neow_cost":"NO_GOLD","seed_source_timestamp":11339933867810,"circlet_count":0,"master_deck":["AscendersBane","Strike_R","Defend_R","Defend_R","Defend_R","Defend_R","Bash+1","Impervious","Feel No Pain+1","Corruption+1","Feel No Pain","Shrug It Off","Whirlwind+1","Clothesline+1","Dark Embrace","Spot Weakness+1","True Grit+1","Burning Pact+1","Shockwave+1","Juggernaut+1","Heavy Blade+1","Dark Embrace","Infernal Blade+1","Inflame","Barricade","Body Slam+1","Armaments+1","Warcry+1","Spot Weakness+1","Fiend Fire","Sword Boomerang+1","Seeing Red+1","Flame Barrier+1","Impervious+1","Sentinel+1","Battle Trance+1","Second Wind+1","Feel No Pain","Seeing Red+1"],"relics":["Burning Blood","Bag of Preparation","MawBank","Matryoshka","Snecko Eye","Toxic Egg 2","Ancient Tea Set","Prayer Wheel","Red Mask","Vajra","Art of War","Anchor","Dream Catcher","Busted Crown","Thread and Needle","Omamori","Darkstone Periapt","FossilizedHelix","Oddly Smooth Stone"],"potions_floor_usage":[12,16,16,24],"damage_taken":[{"damage":9,"enemies":"Jaw Worm","floor":1,"turns":5},{"damage":11,"enemies":"2 Louse","floor":4,"turns":4},{"damage":2,"enemies":"Cultist","floor":5,"turns":4},{"damage":22,"enemies":"3 Sentries","floor":7,"turns":22},{"damage":15,"enemies":"Exordium Thugs","floor":11,"turns":7},{"damage":16,"enemies":"Gremlin Nob","floor":12,"turns":5},{"damage":0,"enemies":"Large Slime","floor":14,"turns":5},{"damage":22,"enemies":"The Guardian","floor":16,"turns":21},{"damage":9,"enemies":"2 Thieves","floor":18,"turns":4},{"damage":5,"enemies":"Spheric Guardian","floor":20,"turns":5},{"damage":0,"enemies":"3 Cultists","floor":21,"turns":4},{"damage":0,"enemies":"Book of Stabbing","floor":23,"turns":5},{"damage":21,"enemies":"Masked Bandits","floor":24,"turns":3},{"damage":5,"enemies":"Snecko","floor":27,"turns":4},{"damage":0,"enemies":"Slavers","floor":28,"turns":2},{"damage":9,"enemies":"Centurion and Healer","floor":29,"turns":4},{"damage":0,"enemies":"Gremlin Leader","floor":30,"turns":5},{"damage":7,"enemies":"3 Cultists","floor":31,"turns":5},{"damage":1,"enemies":"Champ","floor":33,"turns":5},{"damage":1,"enemies":"Orb Walker","floor":35,"turns":3},{"damage":5,"enemies":"2 Orb Walkers","floor":36,"turns":3},{"damage":0,"enemies":"3 Darklings","floor":41,"turns":4},{"damage":0,"enemies":"Nemesis","floor":42,"turns":3},{"damage":0,"enemies":"Transient","floor":44,"turns":3},{"damage":0,"enemies":"Giant Head","floor":45,"turns":3},{"damage":0,"enemies":"Sphere and 2 Shapes","floor":46,"turns":4},{"damage":21,"enemies":"Jaw Worm Horde","floor":47,"turns":3},{"damage":0,"enemies":"Reptomancer","floor":48,"turns":2},{"damage":0,"enemies":"Time Eater","floor":50,"turns":4},{"damage":0,"enemies":"Donu and Deca","floor":51,"turns":3},{"damage":0,"enemies":"Shield and Spear","floor":55,"turns":4},{"damage":0,"enemies":"The Heart","floor":56,"turns":5}],"seed_played":"3088723521706027099","potions_obtained":[{"floor":4,"key":"SpeedPotion"},{"floor":5,"key":"Poison Potion"},{"floor":12,"key":"Ancient Potion"},{"floor":21,"key":"AttackPotion"},{"floor":23,"key":"Explosive Potion"},{"floor":28,"key":"Block Potion"},{"floor":35,"key":"Weak Potion"},{"floor":45,"key":"AttackPotion"}],"is_trial":false,"path_per_floor":["M","?","?","M","M","R","E","R","T","$","M","E","R","M","R","B",null,"M","$","M","M","T","E","?","?","T","M","E","M","E","M","R","B",null,"M","?","$","?","$","R","M","E","T","M","E","M","M","E","R","B","B",null,"R","$","E","B",null],"character_chosen":"IRONCLAD","items_purchased":["Toxic Egg 2","Spot Weakness+1","True Grit+1","Seeing Red+1","Battle Trance+1","Second Wind+1","Feel No Pain"],"campfire_rested":0,"item_purchase_floors":[19,19,19,39,54,54,54],"current_hp_per_floor":[65,65,54,49,53,53,37,37,37,37,28,18,18,24,24,8,58,55,55,56,62,62,68,53,53,53,54,60,57,63,62,62,67,73,75,75,75,71,71,71,71,71,71,71,71,71,56,62,62,68,71,71,71,71,71,71],"gold":37,"neow_bonus":"THREE_RARE_CARDS","is_prod":false,"is_daily":false,"chose_seed":false,"campfire_upgraded":7,"win_rate":0,"timestamp":1554291433,"path_taken":["M","?","?","M","M","R","E","R","T","$","?","E","R","M","R","BOSS","M","$","M","?","?","E","?","?","T","M","E","?","E","M","R","BOSS","M","?","$","?","?","R","M","E","T","?","E","M","M","E","R","BOSS","BOSS","R","$","E","BOSS"],"build_version":"2019-01-23","purchased_purges":2,"victory":true,"max_hp_per_floor":[75,75,75,75,75,75,75,75,75,75,75,75,75,75,75,75,75,75,75,75,75,75,75,75,75,75,75,75,75,75,75,75,75,75,75,75,75,71,71,71,71,71,71,71,71,71,71,71,71,71,71,71,71,71,71,71],"card_choices":[{"not_picked":["Dark Embrace","Double Tap"],"picked":"Impervious","floor":0},{"not_picked":["Thunderclap","Headbutt"],"picked":"Feel No Pain","floor":1},{"not_picked":["Power Through","True Grit"],"picked":"Corruption","floor":4},{"not_picked":["Dual Wield","Cleave"],"picked":"Feel No Pain","floor":5},{"not_picked":["Thunderclap","Second Wind"],"picked":"Shrug It Off","floor":7},{"not_picked":["Feel No Pain","Perfected Strike"],"picked":"Whirlwind","floor":11},{"not_picked":["Dual Wield","Flex","Whirlwind"],"picked":"SKIP","floor":12},{"not_picked":["Hemokinesis","Armaments"],"picked":"Clothesline","floor":14},{"not_picked":["Barricade","Reaper"],"picked":"Dark Embrace","floor":16},{"not_picked":["Heavy Blade","Blood for Blood","Perfected Strike"],"picked":"SKIP","floor":18},{"not_picked":["True Grit+1","Clash"],"picked":"Burning Pact+1","floor":20},{"not_picked":["Flex+1","Entrench+1"],"picked":"Shockwave+1","floor":21},{"not_picked":["Warcry+1","Heavy Blade+1"],"picked":"Juggernaut","floor":23},{"not_picked":["Whirlwind","Flex+1"],"picked":"Heavy Blade","floor":24},{"not_picked":["Carnage","Clothesline"],"picked":"Inflame","floor":27},{"not_picked":["Sword Boomerang","Evolve","Intimidate+1"],"picked":"SKIP","floor":27},{"not_picked":["True Grit+1","Reckless Charge"],"picked":"Barricade","floor":28},{"not_picked":["Entrench+1","Shrug It Off+1"],"picked":"Body Slam+1","floor":29},{"not_picked":["Cleave","Power Through+1"],"picked":"Armaments+1","floor":29},{"not_picked":["Headbutt","Sword Boomerang"],"picked":"Warcry+1","floor":30},{"not_picked":["Twin Strike","Warcry+1"],"picked":"Spot Weakness+1","floor":31},{"not_picked":["Warcry+1","Iron Wave","Pommel Strike"],"picked":"SKIP","floor":31},{"not_picked":["Bludgeon","Berserk"],"picked":"Fiend Fire","floor":33},{"not_picked":[],"picked":"Sword Boomerang+1","floor":35},{"not_picked":["Whirlwind"],"picked":"SKIP","floor":35},{"not_picked":[],"picked":"Flame Barrier+1","floor":41},{"not_picked":["Thunderclap"],"picked":"SKIP","floor":41},{"not_picked":[],"picked":"Impervious+1","floor":42},{"not_picked":["True Grit+1"],"picked":"SKIP","floor":44},{"not_picked":["Fire Breathing+1"],"picked":"SKIP","floor":44},{"not_picked":["Bludgeon"],"picked":"SKIP","floor":45},{"not_picked":["Evolve+1"],"picked":"SKIP","floor":46},{"not_picked":["Pommel Strike"],"picked":"SKIP","floor":46},{"not_picked":[],"picked":"Sentinel+1","floor":47},{"not_picked":["Anger"],"picked":"SKIP","floor":47},{"not_picked":["Metallicize"],"picked":"SKIP","floor":48},{"not_picked":[],"picked":"Seeing Red+1","floor":55}],"player_experience":1530256,"relics_obtained":[{"floor":7,"key":"Bag of Preparation"},{"floor":9,"key":"MawBank"},{"floor":12,"key":"Matryoshka"},{"floor":22,"key":"Ancient Tea Set"},{"floor":22,"key":"Prayer Wheel"},{"floor":24,"key":"Red Mask"},{"floor":26,"key":"Vajra"},{"floor":26,"key":"Art of War"},{"floor":28,"key":"Anchor"},{"floor":30,"key":"Dream Catcher"},{"floor":36,"key":"Thread and Needle"},{"floor":42,"key":"Omamori"},{"floor":45,"key":"Darkstone Periapt"},{"floor":48,"key":"FossilizedHelix"},{"floor":55,"key":"Oddly Smooth Stone"}],"event_choices":[{"damage_healed":0,"gold_gain":0,"player_choice":"Ignored","damage_taken":0,"max_hp_gain":0,"max_hp_loss":0,"event_name":"Liars Game","floor":2,"gold_loss":0},{"damage_healed":0,"gold_gain":75,"player_choice":"Gather Gold","damage_taken":11,"max_hp_gain":0,"max_hp_loss":0,"event_name":"World of Goop","floor":3,"gold_loss":0},{"damage_healed":0,"gold_gain":0,"player_choice":"Fought Bandits","damage_taken":0,"max_hp_gain":0,"max_hp_loss":0,"event_name":"Masked Bandits","floor":24,"gold_loss":0},{"damage_healed":0,"gold_gain":0,"cards_transformed":["Strike_R","Strike_R"],"player_choice":"Transformed Cards","damage_taken":0,"max_hp_gain":0,"max_hp_loss":0,"event_name":"Designer","floor":25,"gold_loss":75,"cards_obtained":["Dark Embrace","Infernal Blade"]},{"damage_healed":0,"gold_gain":0,"player_choice":"Fight","damage_taken":0,"max_hp_gain":0,"max_hp_loss":0,"event_name":"Mysterious Sphere","floor":36,"gold_loss":0},{"damage_healed":0,"gold_gain":0,"player_choice":"Max HP","damage_taken":0,"max_hp_gain":0,"max_hp_loss":4,"event_name":"Winding Halls","floor":38,"gold_loss":0}],"is_beta":false,"boss_relics":[{"not_picked":["Runic Cube","Calling Bell"],"picked":"Snecko Eye"},{"not_picked":["Astrolabe","Runic Dome"],"picked":"Busted Crown"}],"items_purged_floors":[37,54],"is_endless":false,"potions_floor_spawned":[4,5,12,14,21,23,28,30,31,35,45,47,55],"ascension_level":20}