{"gold_per_floor":[10,25,45,61,161,186,186,219,219,219,253,270,304,324,324,429,429,439,349],"floor_reached":19,"playtime":861,"items_purged":[],"score":259,"play_id":"e1124e04-63ae-439e-9f73-0f2112740efe","local_time":"20181124200705","is_ascension_mode":true,"campfire_choices":[{"data":"Bash","floor":7.0,"key":"SMITH"},{"floor":10.0,"key":"REST"},{"floor":15.0,"key":"REST"}],"neow_cost":"NO_GOLD","seed_source_timestamp":0,"circlet_count":0,"master_deck":["Strike_R","Strike_R","Strike_R","Strike_R","Strike_R","Defend_R","Defend_R","Defend_R","Defend_R","Bash+1","Iron Wave","Clothesline","Impervious","Immolate","Bludgeon"],"special_seed":0,"relics":["Burning Blood","Bird Faced Urn","Strawberry","Question Card","Frozen Egg 2","Dodecahedron","Ornamental Fan","Black Star"],"potions_floor_usage":[18],"damage_taken":[{"damage":7.0,"enemies":"Jaw Worm","floor":1.0,"turns":4.0},{"damage":6.0,"enemies":"Cultist","floor":2.0,"turns":3.0},{"damage":12.0,"enemies":"2 Louse","floor":3.0,"turns":3.0},{"damage":12.0,"enemies":"Looter","floor":4.0,"turns":3.0},{"damage":18.0,"enemies":"Gremlin Nob","floor":6.0,"turns":5.0},{"damage":31.0,"enemies":"Lagavulin","floor":8.0,"turns":8.0},{"damage":22.0,"enemies":"Gremlin Nob","floor":11.0,"turns":4.0},{"damage":1.0,"enemies":"2 Fungi Beasts","floor":12.0,"turns":3.0},{"damage":22.0,"enemies":"3 Sentries","floor":13.0,"turns":5.0},{"damage":0.0,"enemies":"Large Slime","floor":14.0,"turns":4.0},{"damage":43.0,"enemies":"Hexaghost","floor":16.0,"turns":9.0},{"damage":52,"enemies":"Shell Parasite","floor":18,"turns":9},{"damage":34,"enemies":"2 Thieves","floor":19,"turns":3}],"seed_played":"6392260921383517726","potions_obtained":[{"floor":3.0,"key":"Fire Potion"},{"floor":6.0,"key":"LiquidBronze"},{"floor":11.0,"key":"SkillPotion"},{"floor":12.0,"key":"SteroidPotion"},{"floor":14.0,"key":"Strength Potion"}],"is_trial":false,"path_per_floor":["M","M","M","M","?","E","R","E","T","R","E","M","E","M","R","B",null,"M","M"],"character_chosen":"IRONCLAD","items_purchased":[],"campfire_rested":2,"item_purchase_floors":[],"current_hp_per_floor":[71,71,65,59,59,54,54,29,29,55,39,44,28,34,60,23,71,25,0],"gold":349,"neow_bonus":"ONE_RARE_RELIC","is_prod":false,"is_daily":false,"chose_seed":false,"campfire_upgraded":1,"win_rate":0,"timestamp":1543061225,"path_taken":["M","M","M","M","?","E","R","E","T","R","E","M","E","M","R","BOSS","M","?"],"build_version":"2018-11-15","purchased_purges":0,"victory":false,"max_hp_per_floor":[80,80,80,80,80,87,87,87,87,87,87,87,87,87,87,87,87,87,87],"card_choices":[{"not_picked":["Warcry","Shockwave","Armaments"],"picked":"SKIP","floor":1.0},{"not_picked":["Corruption","Havoc"],"picked":"Iron Wave","floor":2.0},{"not_picked":["Headbutt","Seeing Red","Searing Blow"],"picked":"SKIP","floor":3.0},{"not_picked":["Rupture","Thunderclap"],"picked":"Clothesline","floor":4.0},{"not_picked":["Cleave","Rampage"],"picked":"Impervious","floor":6.0},{"not_picked":["Pommel Strike","Combust"],"picked":"Immolate","floor":8.0},{"not_picked":["Perfected Strike","Headbutt","Intimidate","Battle Trance"],"picked":"SKIP","floor":11.0},{"not_picked":["Clothesline","Havoc","Anger","Blood for Blood"],"picked":"SKIP","floor":12.0},{"not_picked":["Limit Break","Thunderclap","Immolate","Shrug It Off"],"picked":"SKIP","floor":13.0},{"not_picked":["Flex","Clash","Clothesline","Seeing Red"],"picked":"SKIP","floor":14.0},{"not_picked":["Offering","Impervious","Dark Embrace+1"],"picked":"Bludgeon","floor":16.0},{"not_picked":["Clothesline+1","Flex","Thunderclap","Headbutt+1"],"picked":"SKIP","floor":18}],"player_experience":268819,"relics_obtained":[{"floor":6.0,"key":"Strawberry"},{"floor":8.0,"key":"Question Card"},{"floor":9.0,"key":"Frozen Egg 2"},{"floor":11.0,"key":"Dodecahedron"},{"floor":13.0,"key":"Ornamental Fan"}],"event_choices":[{"damage_healed":0.0,"max_hp_gain":0.0,"max_hp_loss":0.0,"gold_gain":100.0,"event_name":"Golden Shrine","player_choice":"Pray","floor":5.0,"gold_loss":0.0,"damage_taken":0.0}],"is_beta":false,"boss_relics":[{"not_picked":["Black Blood","Calling Bell"],"picked":"Black Star"}],"items_purged_floors":[],"is_endless":false,"potions_floor_spawned":[3,6,11,12,14],"killed_by":"2 Thieves","ascension_level":6}