{"gold_per_floor":[111,111,124,124,124,124,158,170,170,170,184,68,86,113,113,189,189,205,255,214,232,14,14,45,45,45,71,88,117,130,45,45,124,124,139,139,150,168,168,194,194,26,53,53,73,101,101,136,136,136,136,136,136,41,76,76],"floor_reached":57,"playtime":3615,"items_purged":["Pain","Strike_G","Strike_G","Strike_G"],"score":3066,"play_id":"41af99bb-1bab-4de4-837b-359c907b3d83","local_time":"20190924151555","is_ascension_mode":true,"campfire_choices":[{"data":"Neutralize","floor":6.0,"key":"SMITH"},{"data":"Cloak And Dagger","floor":10.0,"key":"SMITH"},{"data":"Noxious Fumes","floor":15.0,"key":"SMITH"},{"data":"Crippling Poison","floor":23,"key":"SMITH"},{"data":"Footwork","floor":32,"key":"SMITH"},{"data":"Footwork","floor":41,"key":"SMITH"},{"data":"Catalyst","floor":44,"key":"SMITH"},{"data":"Burst","floor":47,"key":"SMITH"},{"floor":49,"key":"RECALL"},{"data":"Adrenaline","floor":53,"key":"SMITH"}],"neow_cost":"TEN_PERCENT_HP_LOSS","seed_source_timestamp":56472924515794,"circlet_count":0,"master_deck":["AscendersBane","Strike_G","Strike_G","Defend_G","Defend_G","Defend_G","Defend_G","Defend_G","Survivor","Neutralize+1","Finisher+1","Heel Hook","Cloak And Dagger+1","Footwork+1","Footwork+1","Acrobatics","Noxious Fumes+1","Adrenaline+1","Crippling Poison+1","Deflect","Concentrate","Dodge and Roll","PiercingWail","Backflip","Burst+1","PiercingWail","Blur","Concentrate+1","Footwork+1","Escape Plan","Catalyst+1","Deadly Poison+1","PiercingWail+1","Night Terror+1"],"special_seed":0,"relics":["Ring of the Snake","Gambling Chip","WarpedTongs","Matryoshka","Regal Pillow","Pantograph","The Courier","Runic Pyramid","OrangePellets","CaptainsWheel","Mummified Hand","Snake Skull","Bag of Marbles","Smiling Mask","Ornamental Fan","Philosopher\u0027s Stone","Dream Catcher","Toxic Egg 2","Anchor","Letter Opener"],"potions_floor_usage":[56,56],"damage_taken":[{"damage":0.0,"enemies":"2 Louse","floor":1.0,"turns":3.0},{"damage":0.0,"enemies":"Cultist","floor":3.0,"turns":4.0},{"damage":10.0,"enemies":"Lagavulin","floor":7.0,"turns":6.0},{"damage":3.0,"enemies":"Jaw Worm","floor":8.0,"turns":4.0},{"damage":2.0,"enemies":"Red Slaver","floor":11.0,"turns":2.0},{"damage":0.0,"enemies":"Lots of Slimes","floor":13.0,"turns":5.0},{"damage":2.0,"enemies":"3 Sentries","floor":14.0,"turns":8.0},{"damage":38.0,"enemies":"Hexaghost","floor":16.0,"turns":10.0},{"damage":0.0,"enemies":"Chosen","floor":18.0,"turns":6.0},{"damage":4,"enemies":"2 Thieves","floor":20,"turns":5},{"damage":4,"enemies":"Centurion and Healer","floor":21,"turns":6},{"damage":7,"enemies":"Gremlin Leader","floor":24,"turns":7},{"damage":0,"enemies":"Book of Stabbing","floor":27,"turns":6},{"damage":0,"enemies":"Snake Plant","floor":28,"turns":4},{"damage":3,"enemies":"Slavers","floor":29,"turns":6},{"damage":2,"enemies":"Shelled Parasite and Fungi","floor":30,"turns":5},{"damage":9,"enemies":"Champ","floor":33,"turns":17},{"damage":0,"enemies":"3 Shapes","floor":35,"turns":4},{"damage":0,"enemies":"Orb Walker","floor":37,"turns":3},{"damage":19,"enemies":"Transient","floor":38,"turns":6},{"damage":8,"enemies":"Giant Head","floor":40,"turns":12},{"damage":0,"enemies":"3 Darklings","floor":45,"turns":11},{"damage":0,"enemies":"Nemesis","floor":46,"turns":7},{"damage":0,"enemies":"Giant Head","floor":48,"turns":9},{"damage":0,"enemies":"Donu and Deca","floor":50,"turns":16},{"damage":1,"enemies":"Awakened One","floor":51,"turns":16},{"damage":0,"enemies":"Shield and Spear","floor":55,"turns":9},{"damage":2,"enemies":"The Heart","floor":56,"turns":6}],"seed_played":"3199709083021847545","potions_obtained":[{"floor":1.0,"key":"EssenceOfSteel"},{"floor":13.0,"key":"Dexterity Potion"},{"floor":18.0,"key":"Energy Potion"},{"floor":21,"key":"PowerPotion"},{"floor":28,"key":"DuplicationPotion"}],"is_trial":false,"path_per_floor":["M","?","M","?","?","R","E","M","T","R","M","$","M","E","R","B",null,"M","?","M","M","$","R","E","$","T","E","M","E","M","?","R","B",null,"M","?","M","M","?","E","R","$","T","R","M","E","R","E","R","B","B",null,"R","$","E","B",null],"character_chosen":"THE_SILENT","items_purchased":["Footwork","OrangePellets","Escape Plan","Catalyst","PiercingWail+1"],"campfire_rested":0,"item_purchase_floors":[12,22,42,42,54],"current_hp_per_floor":[59,59,59,59,59,59,49,46,46,46,44,44,44,42,42,22,51,51,45,41,37,37,37,30,30,30,30,30,27,25,25,25,41,55,55,55,55,36,36,28,28,28,28,28,28,28,28,28,28,53,59,60,60,60,60,58],"gold":76,"neow_bonus":"ONE_RARE_RELIC","is_prod":false,"is_daily":false,"chose_seed":false,"campfire_upgraded":9,"win_rate":0,"timestamp":1569330955,"path_taken":["M","?","M","?","?","R","E","M","T","R","?","$","M","E","R","BOSS","M","?","M","?","$","R","E","?","T","E","M","E","M","?","R","BOSS","M","?","M","M","?","E","R","$","T","R","M","E","R","E","R","BOSS","BOSS","R","$","E","BOSS"],"build_version":"2019-09-23","purchased_purges":4,"victory":true,"max_hp_per_floor":[60,60,60,60,60,60,60,60,60,60,60,60,60,60,60,60,60,60,60,60,60,60,60,60,60,60,60,60,60,60,60,60,60,60,60,60,60,60,60,60,60,60,60,60,60,60,60,60,60,60,60,60,60,60,60,60],"card_choices":[{"not_picked":["Escape Plan","Bane"],"picked":"Finisher","floor":1.0},{"not_picked":["Accuracy","Setup"],"picked":"Flying Knee","floor":3.0},{"not_picked":["Masterful Stab","Bullet Time"],"picked":"Heel Hook","floor":7.0},{"not_picked":["Dagger Spray","Escape Plan"],"picked":"Cloak And Dagger","floor":8.0},{"not_picked":["Underhanded Strike","Accuracy"],"picked":"Footwork","floor":11.0},{"not_picked":["Flying Knee","Slice"],"picked":"Acrobatics","floor":13.0},{"not_picked":["Flying Knee","Poisoned Stab"],"picked":"Noxious Fumes","floor":14.0},{"not_picked":["Venomology","Malaise"],"picked":"Adrenaline","floor":16.0},{"not_picked":["Noxious Fumes+1","Well Laid Plans"],"picked":"Crippling Poison","floor":18.0},{"not_picked":["Outmaneuver","Setup"],"picked":"Deflect","floor":20},{"not_picked":["Blade Dance","Expertise"],"picked":"Concentrate","floor":21},{"not_picked":["Deflect+1","Riddle With Holes"],"picked":"Dodge and Roll","floor":24},{"not_picked":["Blade Dance","Blur"],"picked":"PiercingWail","floor":27},{"not_picked":["Sucker Punch","Deflect","Poisoned Stab"],"picked":"SKIP","floor":28},{"not_picked":["Infinite Blades","Flying Knee+1","Riddle With Holes+1"],"picked":"SKIP","floor":29},{"not_picked":["Endless Agony","Choke"],"picked":"Backflip","floor":30},{"not_picked":["Tools of the Trade","Venomology"],"picked":"Burst","floor":33},{"not_picked":["Prepared+1","Endless Agony+1"],"picked":"PiercingWail","floor":35},{"not_picked":["Noxious Fumes","Tactician"],"picked":"Blur","floor":37},{"not_picked":["Masterful Stab","Tactician"],"picked":"Concentrate+1","floor":38},{"not_picked":["Escape Plan","Bane"],"picked":"Footwork+1","floor":40},{"not_picked":["Underhanded Strike","Bane","Prepared"],"picked":"SKIP","floor":45},{"not_picked":["Dagger Spray","Cloak And Dagger","Poisoned Stab"],"picked":"SKIP","floor":46},{"not_picked":["Concentrate+1","Dodge and Roll+1"],"picked":"Deadly Poison+1","floor":48},{"not_picked":["Blur+1","Bouncing Flask+1"],"picked":"Night Terror+1","floor":55}],"player_experience":2094578,"relics_obtained":[{"floor":7.0,"key":"Matryoshka"},{"floor":9.0,"key":"Regal Pillow"},{"floor":9.0,"key":"Pantograph"},{"floor":14.0,"key":"The Courier"},{"floor":24,"key":"CaptainsWheel"},{"floor":26,"key":"Mummified Hand"},{"floor":26,"key":"Snake Skull"},{"floor":27,"key":"Bag of Marbles"},{"floor":29,"key":"Smiling Mask"},{"floor":40,"key":"Dream Catcher"},{"floor":46,"key":"Toxic Egg 2"},{"floor":48,"key":"Anchor"},{"floor":55,"key":"Letter Opener"}],"event_choices":[{"damage_healed":0.0,"max_hp_gain":0.0,"max_hp_loss":0.0,"gold_gain":0.0,"event_name":"Liars Game","player_choice":"Ignored","floor":2.0,"gold_loss":0.0,"damage_taken":0.0},{"damage_healed":0.0,"max_hp_gain":0.0,"max_hp_loss":0.0,"gold_gain":0.0,"event_name":"Living Wall","player_choice":"Grow","floor":4.0,"gold_loss":0.0,"damage_taken":0.0,"cards_upgraded":["Finisher"]},{"damage_healed":0.0,"max_hp_gain":0.0,"max_hp_loss":0.0,"gold_gain":0.0,"event_name":"Accursed Blacksmith","player_choice":"Rummage","floor":5.0,"gold_loss":0.0,"damage_taken":0.0,"relics_obtained":["WarpedTongs"],"cards_obtained":["Pain"]},{"damage_healed":0,"gold_gain":50,"player_choice":"Touch","damage_taken":6,"max_hp_gain":0,"max_hp_loss":0,"event_name":"FaceTrader","floor":19,"gold_loss":0},{"damage_healed":0,"gold_gain":0,"player_choice":"Obtained Relic","damage_taken":0,"relics_obtained":["Ornamental Fan"],"max_hp_gain":0,"max_hp_loss":0,"event_name":"Addict","floor":31,"gold_loss":85},{"cards_removed":["Flying Knee"],"damage_healed":0,"gold_gain":0,"player_choice":"Removed Attack","damage_taken":0,"max_hp_gain":0,"max_hp_loss":0,"event_name":"Falling","floor":36,"gold_loss":0},{"damage_healed":0,"gold_gain":0,"player_choice":"Ignored","damage_taken":0,"max_hp_gain":0,"max_hp_loss":0,"event_name":"Tomb of Lord Red Mask","floor":39,"gold_loss":0}],"is_beta":true,"boss_relics":[{"not_picked":["Runic Dome","Ectoplasm"],"picked":"Runic Pyramid"},{"not_picked":["Snecko Eye","Astrolabe"],"picked":"Philosopher\u0027s Stone"}],"items_purged_floors":[12,22,42,54],"is_endless":false,"potions_floor_spawned":[1,13,16,18,21,28,30,37,40,46,48],"ascension_level":20}