{"gold_per_floor":[111,111,124,143,22,49,65,65,92,92,92,127,145,158,158,257,257,275,275,291,291,304,304,114,127,127,143,143,160,160,171,171,275,275,275],"floor_reached":35,"playtime":1375,"items_purged":["Strike_B"],"score":396,"play_id":"de26845d-6a1a-45bc-8ab1-9164d37942c4","local_time":"20190707024051","is_ascension_mode":false,"campfire_choices":[{"data":"Zap","floor":8,"key":"SMITH"},{"data":"Ball Lightning","floor":10,"key":"SMITH"},{"floor":15,"key":"REST"},{"data":"Defragment","floor":23,"key":"SMITH"},{"data":"Streamline","floor":28,"key":"SMITH"},{"data":"Streamline","floor":30,"key":"SMITH"},{"data":"Dualcast","floor":32,"key":"SMITH"}],"neow_cost":"NONE","seed_source_timestamp":1743244886559283,"circlet_count":0,"master_deck":["Defend_B","Defend_B","Defend_B","Zap+1","Dualcast+1","Streamline+1","Chill","Capacitor","Ball Lightning+1","Leap","Streamline+1","Self Repair","Defragment+1","Self Repair","Buffer","Loop+1","Redo+1","Ghostly","Ghostly","Ghostly","Ghostly","Ghostly","Heatsinks","Hello World+1","Streamline+1","Amplify"],"relics":["FrozenCore","NeowsBlessing","Centennial Puzzle","Strawberry","Bag of Marbles","Runic Capacitor","Calipers","Empty Cage"],"potions_floor_usage":[],"damage_taken":[{"damage":0,"enemies":"Cultist","floor":1,"turns":1},{"damage":0,"enemies":"Small Slimes","floor":3,"turns":1},{"damage":0,"enemies":"Jaw Worm","floor":4,"turns":1},{"damage":31,"enemies":"Gremlin Nob","floor":6,"turns":4},{"damage":0,"enemies":"Exordium Wildlife","floor":7,"turns":3},{"damage":18,"enemies":"3 Sentries","floor":12,"turns":7},{"damage":10,"enemies":"3 Louse","floor":13,"turns":3},{"damage":6,"enemies":"Gremlin Gang","floor":14,"turns":5},{"damage":26,"enemies":"Hexaghost","floor":16,"turns":9},{"damage":4,"enemies":"Spheric Guardian","floor":18,"turns":4},{"damage":2,"enemies":"Chosen","floor":20,"turns":5},{"damage":2,"enemies":"Snecko","floor":22,"turns":6},{"damage":0,"enemies":"Centurion and Healer","floor":25,"turns":8},{"damage":0,"enemies":"Chosen and Byrds","floor":27,"turns":9},{"damage":0,"enemies":"Snecko","floor":29,"turns":7},{"damage":17,"enemies":"Cultist and Chosen","floor":31,"turns":8},{"damage":4,"enemies":"Champ","floor":33,"turns":14},{"damage":45,"enemies":"3 Darklings","floor":35,"turns":3}],"seed_played":"5641137226618004867","potions_obtained":[{"floor":4,"key":"FocusPotion"},{"floor":7,"key":"EssenceOfSteel"},{"floor":16,"key":"FocusPotion"},{"floor":22,"key":"Ancient Potion"}],"is_trial":false,"path_per_floor":["M","?","M","M","$","E","M","R","T","R","?","E","M","M","R","B",null,"M","?","M","?","M","R","$","M","T","M","R","M","R","M","R","B",null,"M"],"character_chosen":"DEFECT","items_purchased":["Ball Lightning","Runic Capacitor"],"campfire_rested":1,"item_purchase_floors":[5,24],"current_hp_per_floor":[75,75,75,75,75,44,44,44,51,51,51,33,30,31,55,43,82,82,82,82,41,41,41,41,41,41,41,41,41,41,38,38,41,41,0],"gold":275,"neow_bonus":"THREE_ENEMY_KILL","is_prod":false,"is_daily":false,"chose_seed":false,"campfire_upgraded":6,"win_rate":0,"timestamp":1562434851,"path_taken":["M","?","?","M","$","E","M","R","T","R","?","E","M","M","R","BOSS","M","?","M","?","M","R","?","M","T","?","R","M","R","M","R","BOSS","M"],"build_version":"2019-07-05","purchased_purges":1,"victory":false,"max_hp_per_floor":[75,75,75,75,75,75,75,75,82,82,82,82,82,82,82,82,82,82,82,82,41,41,41,41,41,41,41,41,41,41,41,41,41,41,41],"card_choices":[{"not_picked":["Rebound","Cold Snap"],"picked":"Streamline","floor":1},{"not_picked":["Loop","Hologram"],"picked":"Capacitor","floor":3},{"not_picked":["Tempest","Stack","Scrape"],"picked":"SKIP","floor":4},{"not_picked":["Skim","Sunder"],"picked":"Leap","floor":6},{"not_picked":["Ball Lightning","Compile Driver"],"picked":"Streamline","floor":7},{"not_picked":["Scrape","Blizzard"],"picked":"Self Repair","floor":12},{"not_picked":["BootSequence","Double Energy"],"picked":"Defragment","floor":13},{"not_picked":["Streamline","Darkness"],"picked":"Self Repair","floor":14},{"not_picked":["Hyperbeam","Rainbow"],"picked":"Buffer","floor":16},{"not_picked":["Lockon","Hologram"],"picked":"Loop+1","floor":18},{"not_picked":["Aggregate","Steam"],"picked":"Redo+1","floor":20},{"not_picked":["Tempest","Stack"],"picked":"Heatsinks","floor":22},{"not_picked":["Stack","Steam","Aggregate+1"],"picked":"SKIP","floor":25},{"not_picked":["Steam","Static Discharge"],"picked":"Hello World+1","floor":27},{"not_picked":["Thunder Strike","Stack","Redo"],"picked":"SKIP","floor":29},{"not_picked":["Gash","Chaos"],"picked":"Streamline+1","floor":31},{"not_picked":["Meteor Strike","Buffer"],"picked":"Amplify","floor":33}],"player_experience":210484,"relics_obtained":[{"floor":6,"key":"Centennial Puzzle"},{"floor":9,"key":"Strawberry"},{"floor":12,"key":"Bag of Marbles"},{"floor":26,"key":"Calipers"}],"event_choices":[{"damage_healed":0,"gold_gain":0,"cards_transformed":["Strike_B"],"player_choice":"Transformed","damage_taken":0,"max_hp_gain":0,"max_hp_loss":0,"event_name":"Transmorgrifier","floor":2,"gold_loss":0,"cards_obtained":["Chill"]},{"cards_removed":["Strike_B"],"damage_healed":0,"gold_gain":0,"player_choice":"Purged","damage_taken":0,"max_hp_gain":0,"max_hp_loss":0,"event_name":"Purifier","floor":11,"gold_loss":0},{"damage_healed":0,"gold_gain":0,"player_choice":"Ignored","damage_taken":0,"max_hp_gain":0,"max_hp_loss":0,"event_name":"Cursed Tome","floor":19,"gold_loss":0},{"damage_healed":0,"gold_gain":0,"player_choice":"Became a Ghost","damage_taken":0,"max_hp_gain":0,"max_hp_loss":41,"event_name":"Ghosts","floor":21,"gold_loss":0,"cards_obtained":["Ghostly","Ghostly","Ghostly","Ghostly","Ghostly"]}],"is_beta":false,"boss_relics":[{"not_picked":["Fusion Hammer","Velvet Choker"],"picked":"FrozenCore"},{"not_picked":["Coffee Dripper","Busted Crown"],"picked":"Empty Cage"}],"items_purged_floors":[5],"is_endless":false,"potions_floor_spawned":[4,7,16,18,22,25,27],"killed_by":"3 Darklings","ascension_level":0}