{"gold_per_floor":[212,232,45,45,57,57,70,97,97,97,112,122,191,202,202,202],"floor_reached":16,"playtime":457,"items_purged":[],"score":208,"play_id":"88d339e0-3fea-4723-ad77-0e6f9343ba23","local_time":"20190131023641","is_ascension_mode":true,"campfire_choices":[{"data":"Dagger Spray","floor":6,"key":"SMITH"},{"data":"Neutralize","floor":10,"key":"SMITH"},{"floor":15,"key":"REST"}],"neow_cost":"NONE","seed_source_timestamp":59294905640602,"circlet_count":0,"master_deck":["AscendersBane","Defend_G","Defend_G","Defend_G","Defend_G","Defend_G","Strike_G","Strike_G+1","Strike_G","Strike_G","Strike_G","Survivor","Neutralize+1","Quick Slash+1","Dagger Spray+1","Poisoned Stab","Quick Slash","A Thousand Cuts","Bouncing Flask","Caltrops","Noxious Fumes","Concentrate+1"],"relics":["Ring of the Snake","Whetstone","hubris:Towel","Bronze Scales","Darkstone Periapt","Toxic Egg 2"],"potions_floor_usage":[11,14],"damage_taken":[{"damage":1,"enemies":"2 Louse","floor":1,"turns":3},{"damage":3,"enemies":"Cultist","floor":2,"turns":5},{"damage":0,"enemies":"Jaw Worm","floor":5,"turns":3},{"damage":11,"enemies":"Looter","floor":7,"turns":4},{"damage":24,"enemies":"3 Sentries","floor":8,"turns":9},{"damage":10,"enemies":"Large Slime","floor":11,"turns":4},{"damage":0,"enemies":"Lots of Slimes","floor":12,"turns":1},{"damage":7,"enemies":"2 Fungi Beasts","floor":14,"turns":3},{"damage":26,"enemies":"The Guardian","floor":16,"turns":5}],"seed_played":"-5387126177382071079","potions_obtained":[{"floor":1,"key":"Strength Potion"},{"floor":8,"key":"Explosive Potion"},{"floor":12,"key":"Swift Potion"}],"is_trial":false,"path_per_floor":["M","M","$","?","M","R","M","E","T","R","M","M","T","M","R","B"],"character_chosen":"THE_SILENT","items_purchased":["Poisoned Stab","Whetstone"],"campfire_rested":1,"item_purchase_floors":[3,3],"current_hp_per_floor":[58,55,55,55,55,55,44,20,20,20,10,10,10,3,22,0],"gold":202,"neow_bonus":"HUNDRED_GOLD","is_prod":false,"is_daily":false,"chose_seed":false,"campfire_upgraded":2,"win_rate":0,"timestamp":1548898601,"path_taken":["M","M","$","?","M","R","?","E","T","R","M","M","?","M","R","BOSS"],"build_version":"2019-01-23","purchased_purges":0,"victory":false,"max_hp_per_floor":[66,66,66,66,66,66,66,66,66,66,66,66,66,66,66,66],"card_choices":[{"not_picked":["Eviscerate","Leg Sweep"],"picked":"Quick Slash","floor":1},{"not_picked":["Skewer","Underhanded Strike"],"picked":"Dagger Spray","floor":2},{"not_picked":["Prepared","Sucker Punch"],"picked":"Quick Slash","floor":5},{"not_picked":["hubris:Sniper","Skewer"],"picked":"A Thousand Cuts","floor":7},{"not_picked":["Masterful Stab","Calculated Gamble"],"picked":"Bouncing Flask","floor":8},{"not_picked":["Eviscerate","Venomology"],"picked":"Caltrops","floor":11},{"not_picked":["Prepared","hubris:Sniper"],"picked":"Noxious Fumes","floor":12},{"not_picked":["Expertise+1","Dagger Spray"],"picked":"Concentrate+1","floor":14}],"player_experience":1198606,"relics_obtained":[{"floor":8,"key":"Bronze Scales"},{"floor":9,"key":"Darkstone Periapt"},{"floor":13,"key":"Toxic Egg 2"}],"event_choices":[],"is_beta":false,"boss_relics":[],"items_purged_floors":[],"is_endless":false,"potions_floor_spawned":[1,8,12],"killed_by":"The Guardian","ascension_level":20}