{"gold_per_floor":[144,144,24,69,69,69,159,249,274,364,364,409,409,499,499,799,799,844,1114,1159,513,83,83,173,17,17,107,107,197,47,347,347,647,647,692,298,298,298,343,733,823,868,868,868,958,958,593,638,638,638],"floor_reached":51,"playtime":5253,"items_purged":["A Thousand Cuts","Grand Finale"],"score":1113,"play_id":"36b3b746-2c40-4060-9c9b-77e92538b8a5","local_time":"20190327201822","daily_mods":["Shiny","Flight","Midas"],"is_ascension_mode":false,"campfire_choices":[{"floor":6,"key":"REST"},{"floor":13,"key":"REST"},{"floor":15,"key":"REST"},{"floor":23,"key":"REST"},{"floor":32,"key":"REST"},{"floor":44,"key":"REST"},{"floor":46,"key":"REST"},{"floor":49,"key":"REST"}],"neow_cost":"","seed_source_timestamp":46592101219354,"circlet_count":0,"master_deck":["Venomology","Corpse Explosion","Malaise","Phantasmal Killer","Die Die Die","Adrenaline","Envenom","Doppelganger","Burst","Wraith Form v2","Tools of the Trade","Night Terror","Unload","After Image","Bullet Time","Storm of Steel","Glass Knife","Footwork+1","Adrenaline+1","Backstab","Burst+1","Bane","Predator","Quick Slash","Venomology","Neutralize","Poisoned Stab","Acrobatics","Envenom","Skewer","Terror+1","Blur","Bane","After Image","Dash+1","Catalyst","Crippling Poison","Backflip+1","Poisoned Stab+1","Glass Knife+1","Slice+1","Master of Strategy","Tactician","Choke","Normality","Backflip","Deadly Poison+1"],"special_seed":17983,"relics":["Ring of the Snake","The Specimen","Darkstone Periapt","Kunai","Strawberry","Boot","Nunchaku","Cursed Key","Incense Burner","Bronze Scales","Membership Card","Anchor","Omamori","Pen Nib","PreservedInsect","Dodecahedron","Snake Skull","Ancient Tea Set","Pantograph","MealTicket","Tough Bandages","Mercury Hourglass","Snecko Eye","ClockworkSouvenir","War Paint","Letter Opener","Old Coin","Potion Belt","Molten Egg 2","Bottled Lightning","Lee\u0027s Waffle","Vajra","Pear"],"potions_floor_usage":[7,10,12,12,14,14,16,16,20,24,27,27,29,29,31,31,33,40,41,42,42,48,50,50,50,50],"damage_taken":[{"damage":0,"enemies":"Small Slimes","floor":1,"turns":3},{"damage":0,"enemies":"2 Louse","floor":4,"turns":1},{"damage":8,"enemies":"3 Sentries","floor":7,"turns":4},{"damage":20,"enemies":"Lagavulin","floor":8,"turns":7},{"damage":1,"enemies":"Gremlin Nob","floor":10,"turns":3},{"damage":0,"enemies":"Cultist","floor":12,"turns":2},{"damage":9,"enemies":"3 Sentries","floor":14,"turns":2},{"damage":26,"enemies":"The Guardian","floor":16,"turns":10},{"damage":0,"enemies":"3 Byrds","floor":18,"turns":1},{"damage":20,"enemies":"2 Thieves","floor":20,"turns":3},{"damage":0,"enemies":"Book of Stabbing","floor":24,"turns":3},{"damage":4,"enemies":"Gremlin Leader","floor":27,"turns":5},{"damage":0,"enemies":"Book of Stabbing","floor":29,"turns":3},{"damage":0,"enemies":"Colosseum Slavers","floor":31,"turns":3},{"damage":0,"enemies":"Colosseum Nobs","floor":31,"turns":3},{"damage":0,"enemies":"Champ","floor":33,"turns":6},{"damage":0,"enemies":"3 Shapes","floor":35,"turns":2},{"damage":0,"enemies":"3 Darklings","floor":39,"turns":1},{"damage":6,"enemies":"Reptomancer","floor":40,"turns":3},{"damage":0,"enemies":"Giant Head","floor":41,"turns":4},{"damage":4,"enemies":"4 Shapes","floor":42,"turns":2},{"damage":1,"enemies":"Nemesis","floor":45,"turns":3},{"damage":0,"enemies":"Writhing Mass","floor":48,"turns":3},{"damage":0,"enemies":"Donu and Deca","floor":50,"turns":6}],"seed_played":"8691496002598521880","potions_obtained":[{"floor":1,"key":"Energy Potion"},{"floor":4,"key":"Ancient Potion"},{"floor":12,"key":"Swift Potion"},{"floor":20,"key":"Swift Potion"},{"floor":29,"key":"FairyPotion"},{"floor":41,"key":"LiquidBronze"},{"floor":42,"key":"PowerPotion"}],"is_trial":false,"path_per_floor":["M","?","$","M","?","R","E","E","T","E","?","M","R","E","R","B",null,"M","?","M","$","$","R","E","$","T","E","?","E","$","?","R","B",null,"M","$","?","?","M","E","E","M","T","R","E","R","$","M","R","B",null],"character_chosen":"THE_SILENT","items_purchased":["Adrenaline","Explosive Potion","Incense Burner","Blur","Bronze Scales","Bane","Membership Card","After Image","Anchor","Omamori","Catalyst","PreservedInsect","Crippling Poison","MealTicket","ClockworkSouvenir","War Paint","Letter Opener","Master of Strategy","Lee\u0027s Waffle","Vajra","Pear","GhostInAJar","Backflip"],"campfire_rested":8,"item_purchase_floors":[3,3,21,21,21,21,22,22,22,22,25,25,25,30,36,36,36,36,47,47,47,47,47],"current_hp_per_floor":[70,67,67,67,53,70,62,42,49,48,48,48,71,62,77,51,77,77,42,22,22,22,45,45,45,45,41,41,41,41,41,64,77,77,77,77,73,73,73,67,67,63,69,79,78,79,96,96,96,96],"gold":638,"neow_bonus":"","is_prod":false,"is_daily":true,"chose_seed":false,"campfire_upgraded":0,"win_rate":0,"timestamp":1553743102,"path_taken":["M","?","$","M","?","R","E","E","T","E","?","?","R","E","R","BOSS","M","?","?","$","$","R","E","$","T","E","?","E","?","?","R","BOSS","M","$","?","?","M","E","E","?","T","R","E","R","$","?","R","BOSS"],"build_version":"2019-01-23","purchased_purges":2,"victory":true,"max_hp_per_floor":[70,70,70,70,70,70,70,70,77,77,77,77,77,77,77,77,77,77,77,77,77,77,77,77,77,77,77,77,77,77,77,77,77,77,77,77,73,73,73,73,73,73,79,79,79,79,96,96,96,96],"card_choices":[{"not_picked":["Sucker Punch","Setup"],"picked":"Footwork","floor":1},{"not_picked":["PiercingWail","Dodge and Roll"],"picked":"Backstab","floor":4},{"not_picked":["Underhanded Strike","Cloak And Dagger"],"picked":"Burst","floor":7},{"not_picked":["Flechettes","Finisher"],"picked":"Bane","floor":8},{"not_picked":["Concentrate","All Out Attack"],"picked":"Predator","floor":10},{"not_picked":["Flying Knee","Deadly Poison"],"picked":"Poisoned Stab","floor":12},{"not_picked":["Endless Agony","Slice"],"picked":"Acrobatics","floor":14},{"not_picked":["Night Terror","Venomology"],"picked":"Envenom","floor":16},{"not_picked":["Outmaneuver","Slice"],"picked":"Skewer","floor":18},{"not_picked":["Acrobatics","Sucker Punch"],"picked":"Terror+1","floor":20},{"not_picked":["Underhanded Strike","Doppelganger"],"picked":"Dash+1","floor":24},{"not_picked":["Terror","Predator"],"picked":"Backflip","floor":27},{"not_picked":["Acrobatics","Slice","Quick Slash"],"picked":"SKIP","floor":29},{"not_picked":["Deflect","Acrobatics"],"picked":"Poisoned Stab+1","floor":31},{"not_picked":["Unload","Wraith Form v2"],"picked":"Glass Knife","floor":33},{"not_picked":["Underhanded Strike+1","Terror"],"picked":"Slice+1","floor":35},{"not_picked":["Deflect","Quick Slash"],"picked":"Tactician","floor":39},{"not_picked":["Finisher","Wraith Form v2"],"picked":"Choke","floor":40},{"not_picked":["Dagger Spray","Outmaneuver","Terror"],"picked":"SKIP","floor":41},{"not_picked":["Eviscerate","PiercingWail","Dagger Throw+1"],"picked":"SKIP","floor":42},{"not_picked":["Dagger Throw+1","Setup+1","Deflect"],"picked":"SKIP","floor":45},{"not_picked":["Dagger Spray+1","Blade Dance"],"picked":"Deadly Poison+1","floor":48}],"player_experience":453023,"relics_obtained":[{"floor":7,"key":"Darkstone Periapt"},{"floor":8,"key":"Kunai"},{"floor":9,"key":"Strawberry"},{"floor":10,"key":"Boot"},{"floor":14,"key":"Nunchaku"},{"floor":24,"key":"Pen Nib"},{"floor":26,"key":"Dodecahedron"},{"floor":27,"key":"Snake Skull"},{"floor":29,"key":"Pantograph"},{"floor":31,"key":"Tough Bandages"},{"floor":31,"key":"Mercury Hourglass"},{"floor":40,"key":"Old Coin"},{"floor":41,"key":"Potion Belt"},{"floor":43,"key":"Molten Egg 2"},{"floor":45,"key":"Bottled Lightning"}],"event_choices":[{"damage_healed":0,"gold_gain":0,"player_choice":"Success","damage_taken":3,"relics_obtained":["The Specimen"],"max_hp_gain":0,"max_hp_loss":0,"event_name":"Scrap Ooze","floor":2,"gold_loss":0},{"damage_healed":0,"gold_gain":0,"player_choice":"Entered Light","damage_taken":14,"max_hp_gain":0,"max_hp_loss":0,"event_name":"Shining Light","floor":5,"gold_loss":0,"cards_upgraded":["Adrenaline","Footwork"]},{"damage_healed":0,"gold_gain":0,"player_choice":"3 cards matched","damage_taken":0,"max_hp_gain":0,"max_hp_loss":0,"event_name":"Match and Keep!","floor":11,"gold_loss":0,"cards_obtained":["Quick Slash","Venomology","Neutralize"]},{"damage_healed":0,"gold_gain":270,"player_choice":"POTION GOLD GOLD GOLD ","damage_taken":35,"max_hp_gain":0,"max_hp_loss":0,"event_name":"Knowing Skull","floor":19,"potions_obtained":["SteroidPotion"],"gold_loss":0,"cards_obtained":[]},{"damage_healed":0,"gold_gain":0,"player_choice":"Opened","damage_taken":0,"relics_obtained":["Ancient Tea Set"],"max_hp_gain":0,"max_hp_loss":0,"event_name":"The Mausoleum","floor":28,"gold_loss":0,"cards_obtained":["Writhe"]},{"damage_healed":0,"gold_gain":0,"player_choice":"Fight","damage_taken":0,"max_hp_gain":0,"max_hp_loss":0,"event_name":"Colosseum","floor":31,"gold_loss":0},{"damage_healed":0,"gold_gain":0,"player_choice":"Fought Nobs","damage_taken":0,"max_hp_gain":0,"max_hp_loss":0,"event_name":"Colosseum","floor":31,"gold_loss":0},{"damage_healed":0,"gold_gain":0,"player_choice":"Max HP","damage_taken":0,"max_hp_gain":0,"max_hp_loss":4,"event_name":"Winding Halls","floor":37,"gold_loss":0},{"damage_healed":0,"gold_gain":0,"player_choice":"Upgraded","damage_taken":0,"max_hp_gain":0,"max_hp_loss":0,"event_name":"Upgrade Shrine","floor":38,"gold_loss":0,"cards_upgraded":["Glass Knife"]}],"is_beta":false,"boss_relics":[{"not_picked":["Ectoplasm","Velvet Choker"],"picked":"Cursed Key"},{"not_picked":["Coffee Dripper","Sozu"],"picked":"Snecko Eye"}],"items_purged_floors":[21,30],"is_endless":false,"potions_floor_spawned":[1,4,12,20,29,33,39,40,41,42],"ascension_level":0}