{"gold_per_floor":[365,69,86,2,19,53,53,86,86,86,115,139,151,180,192,278,290,318,349,361,51,68,96,96,96],"floor_reached":25,"playtime":1641,"items_purged":["Strike_G"],"score":553,"play_id":"0542c90b-64a4-4ca9-98ec-bd6b1cb396e3","local_time":"20181212113431","is_ascension_mode":true,"campfire_choices":[{"data":"Footwork","floor":7.0,"key":"SMITH"},{"floor":10.0,"key":"REST"},{"floor":15.0,"key":"REST"},{"floor":24.0,"key":"REST"}],"neow_cost":"TEN_PERCENT_HP_LOSS","seed_source_timestamp":0,"circlet_count":0,"master_deck":["AscendersBane","Defend_G","Defend_G","Defend_G","Defend_G+1","Defend_G","Strike_G","Strike_G","Strike_G","Strike_G","Survivor","Neutralize","Footwork+1","Crippling Poison","Well Laid Plans","Bouncing Flask+1","Noxious Fumes","Catalyst","Bouncing Flask","Deadly Poison","Dodge and Roll","Dagger Spray","Escape Plan","Malaise","Footwork","Catalyst","Leg Sweep","Catalyst"],"special_seed":0,"relics":["Ring of the Snake","Happy Flower","Mummified Hand","Question Card","Shuriken","MawBank","Snecko Eye","War Paint","Meat on the Bone"],"potions_floor_usage":[25],"damage_taken":[{"damage":4.0,"enemies":"Small Slimes","floor":1.0,"turns":6.0},{"damage":4.0,"enemies":"Cultist","floor":3.0,"turns":4.0},{"damage":2.0,"enemies":"2 Louse","floor":5.0,"turns":4.0},{"damage":23.0,"enemies":"Lagavulin","floor":6.0,"turns":5.0},{"damage":6.0,"enemies":"3 Sentries","floor":8.0,"turns":7.0},{"damage":7.0,"enemies":"Lagavulin","floor":11.0,"turns":4.0},{"damage":26.0,"enemies":"Exordium Thugs","floor":12.0,"turns":5.0},{"damage":0.0,"enemies":"2 Fungi Beasts","floor":14.0,"turns":4.0},{"damage":0.0,"enemies":"Hexaghost","floor":16.0,"turns":7.0},{"damage":12.0,"enemies":"3 Byrds","floor":18.0,"turns":5.0},{"damage":0.0,"enemies":"Spheric Guardian","floor":19.0,"turns":3.0},{"damage":4.0,"enemies":"Centurion and Healer","floor":22.0,"turns":5.0},{"damage":27.0,"enemies":"Slavers","floor":23.0,"turns":5.0},{"damage":26,"enemies":"Gremlin Leader","floor":25,"turns":5}],"seed_played":"-4294938949332054723","potions_obtained":[{"floor":3.0,"key":"Strength Potion"},{"floor":5.0,"key":"SteroidPotion"},{"floor":8.0,"key":"Poison Potion"},{"floor":14.0,"key":"PowerPotion"},{"floor":23.0,"key":"AttackPotion"}],"is_trial":false,"path_per_floor":["M","$","M","$","M","E","R","E","T","R","E","M","?","M","R","B",null,"M","M","?","$","M","E","R","E"],"character_chosen":"THE_SILENT","items_purchased":["Crippling Poison","Well Laid Plans","Happy Flower","Noxious Fumes","Catalyst","War Paint"],"campfire_rested":3,"item_purchase_floors":[2,2,2,4,21,21],"current_hp_per_floor":[55,55,51,51,49,26,26,20,20,38,31,5,5,5,23,23,51,39,39,39,39,35,8,26,0],"gold":96,"neow_bonus":"TWO_FIFTY_GOLD","is_prod":false,"is_daily":false,"chose_seed":false,"campfire_upgraded":1,"win_rate":0,"timestamp":1544610871,"path_taken":["M","$","M","$","M","E","R","E","T","R","E","M","?","M","R","BOSS","M","?","?","$","M","E","R","E"],"build_version":"2018-12-11","purchased_purges":1,"victory":false,"max_hp_per_floor":[60,60,60,60,60,60,60,60,60,60,60,60,60,60,60,60,60,60,60,60,60,60,60,60,60],"card_choices":[{"not_picked":["Deflect","All Out Attack"],"picked":"Footwork","floor":1.0},{"not_picked":["PiercingWail","Heel Hook"],"picked":"Bouncing Flask","floor":3.0},{"not_picked":["Noxious Fumes","Prepared"],"picked":"Catalyst","floor":5.0},{"not_picked":["Blade Dance","Finisher"],"picked":"Bouncing Flask","floor":6.0},{"not_picked":["Envenom","Flying Knee"],"picked":"Deadly Poison","floor":8.0},{"not_picked":["Sucker Punch","Cloak And Dagger","Skewer","Poisoned Stab"],"picked":"SKIP","floor":11.0},{"not_picked":["Choke","PiercingWail","Prepared"],"picked":"Dodge and Roll","floor":12.0},{"not_picked":["Caltrops","Flechettes","Poisoned Stab"],"picked":"Escape Plan","floor":14.0},{"not_picked":["Die Die Die","Burst","Storm of Steel"],"picked":"Malaise","floor":16.0},{"not_picked":["PiercingWail","Calculated Gamble","Slice"],"picked":"Footwork","floor":18.0},{"not_picked":["Quick Slash","Deadly Poison","Calculated Gamble","Concentrate"],"picked":"SKIP","floor":19.0},{"not_picked":["Backflip","Sucker Punch","Cloak And Dagger"],"picked":"Leg Sweep","floor":22.0},{"not_picked":["Tactician","Caltrops","Deflect"],"picked":"Catalyst","floor":23.0}],"player_experience":1008446,"relics_obtained":[{"floor":6.0,"key":"Mummified Hand"},{"floor":8.0,"key":"Question Card"},{"floor":9.0,"key":"Shuriken"},{"floor":11.0,"key":"MawBank"},{"floor":23.0,"key":"Meat on the Bone"}],"event_choices":[{"damage_healed":0.0,"max_hp_gain":0.0,"max_hp_loss":0.0,"gold_gain":0.0,"event_name":"Match and Keep!","player_choice":"1 cards matched","floor":13.0,"gold_loss":0.0,"damage_taken":0.0,"cards_obtained":["Dagger Spray"]},{"damage_healed":0.0,"max_hp_gain":0.0,"max_hp_loss":0.0,"gold_gain":0.0,"event_name":"Ghosts","player_choice":"Ignored","floor":20.0,"gold_loss":0.0,"damage_taken":0.0}],"is_beta":true,"boss_relics":[{"not_picked":["White Beast Statue","Pandora\u0027s Box"],"picked":"Snecko Eye"}],"items_purged_floors":[21],"is_endless":false,"potions_floor_spawned":[3,5,8,14,23],"killed_by":"Gremlin Leader","ascension_level":18}