{"gold_per_floor":[111,125,170,186,261,261,292,292,292,311,344,363,390,103,103,198,198,216,236,67,83,44,74,74,104,104,116,148,171,215,227,239,356,368,400,429,454,477,489,534,546,583,595,482,492,521,521,540,540,540,540,540,16,51,51],"floor_reached":56,"playtime":2675,"items_purged":["Strike_R","Strike_R","Strike_R"],"score":1821,"play_id":"630b6689-6d37-4832-b780-e11bb4a1ec88","local_time":"20190312235533","is_ascension_mode":true,"campfire_choices":[{"data":"Uppercut","floor":6.0,"key":"SMITH"},{"data":"Bash","floor":8.0,"key":"SMITH"},{"data":"Armaments","floor":15.0,"key":"SMITH"},{"floor":24,"key":"REST"},{"data":"Offering","floor":27,"key":"SMITH"},{"floor":32,"key":"REST"},{"data":"Inflame","floor":41,"key":"SMITH"},{"floor":49,"key":"RECALL"},{"data":"Demon Form","floor":52,"key":"SMITH"}],"neow_cost":"NONE","seed_source_timestamp":38281878723502,"circlet_count":0,"master_deck":["Strike_R","Strike_R+1","Defend_R","Defend_R","Defend_R","Defend_R+1","Bash+1","Uppercut+1","Rampage+1","Metallicize","Shrug It Off+1","Inflame+1","Heavy Blade","Armaments+1","Immolate","Feed","Battle Trance","Power Through+1","Corruption+1","Sword Boomerang","Offering+1","Heavy Blade+1","Armaments+1","Dark Embrace","Flame Barrier+1","Body Slam+1","Sentinel","Offering","Demon Form+1","Dual Wield","Shrug It Off+1"],"special_seed":0,"relics":["Burning Blood","Pen Nib","Regal Pillow","Centennial Puzzle","Mercury Hourglass","Ancient Tea Set","Boot","Lantern","Black Star","Thread and Needle","Blood Vial","Happy Flower","Mummified Hand","MawBank","Vajra","Torii","Snecko Eye","Dream Catcher","Matryoshka","Question Card","Molten Egg 2","Potion Belt","Singing Bowl","Letter Opener","ClockworkSouvenir","Whetstone","War Paint","Bottled Flame"],"potions_floor_usage":[23,28,55,55],"damage_taken":[{"damage":6.0,"enemies":"Cultist","floor":1.0,"turns":4.0},{"damage":8.0,"enemies":"Small Slimes","floor":2.0,"turns":3.0},{"damage":7.0,"enemies":"Jaw Worm","floor":4.0,"turns":3.0},{"damage":12.0,"enemies":"Gremlin Nob","floor":7.0,"turns":3.0},{"damage":24.0,"enemies":"Gremlin Gang","floor":10.0,"turns":4.0},{"damage":12.0,"enemies":"Lagavulin","floor":11.0,"turns":7.0},{"damage":0.0,"enemies":"Large Slime","floor":12.0,"turns":5.0},{"damage":9.0,"enemies":"3 Sentries","floor":13.0,"turns":6.0},{"damage":0,"enemies":"Slime Boss","floor":16,"turns":8},{"damage":8,"enemies":"3 Byrds","floor":18,"turns":2},{"damage":27,"enemies":"Spheric Guardian","floor":19,"turns":6},{"damage":9,"enemies":"Centurion and Healer","floor":21,"turns":5},{"damage":47,"enemies":"Slavers","floor":23,"turns":4},{"damage":9,"enemies":"Gremlin Leader","floor":25,"turns":6},{"damage":14,"enemies":"Sentry and Sphere","floor":28,"turns":5},{"damage":8,"enemies":"Snake Plant","floor":29,"turns":4},{"damage":23,"enemies":"Slavers","floor":30,"turns":5},{"damage":84,"enemies":"Automaton","floor":33,"turns":11},{"damage":0,"enemies":"Orb Walker","floor":35,"turns":1},{"damage":7,"enemies":"3 Darklings","floor":36,"turns":4},{"damage":30,"enemies":"Writhing Mass","floor":37,"turns":5},{"damage":6,"enemies":"Transient","floor":38,"turns":5},{"damage":6,"enemies":"Reptomancer","floor":40,"turns":2},{"damage":6,"enemies":"Giant Head","floor":42,"turns":3},{"damage":1,"enemies":"Jaw Worm Horde","floor":45,"turns":3},{"damage":34,"enemies":"Nemesis","floor":46,"turns":7},{"damage":12,"enemies":"Writhing Mass","floor":48,"turns":2},{"damage":23,"enemies":"Awakened One","floor":50,"turns":7},{"damage":64,"enemies":"Shield and Spear","floor":54,"turns":3},{"damage":23,"enemies":"The Heart","floor":55,"turns":6}],"seed_played":"8702740071841260756","potions_obtained":[{"floor":4.0,"key":"Weak Potion"},{"floor":10.0,"key":"SpeedPotion"},{"floor":12.0,"key":"Fire Potion"},{"floor":23,"key":"Fruit Juice"},{"floor":25,"key":"Strength Potion"},{"floor":33,"key":"Regen Potion"},{"floor":36,"key":"PowerPotion"},{"floor":42,"key":"SkillPotion"},{"floor":48,"key":"FearPotion"}],"is_trial":false,"path_per_floor":["M","M","T","M","?","R","E","R","T","M","E","M","E","$","R","B",null,"M","M","$","M","$","E","R","E","T","R","M","M","E","?","R","B",null,"M","M","M","M","?","E","R","E","T","$","M","E","?","M","R","B",null,"R","$","E","B",null],"character_chosen":"IRONCLAD","items_purchased":["Immolate","Lantern","Battle Trance","Corruption","ClockworkSouvenir","Whetstone","FairyPotion","Dual Wield"],"campfire_rested":2,"item_purchase_floors":[14,14,20,22,53,53,53,53],"current_hp_per_floor":[80,78,78,77,69,69,63,63,63,45,39,45,42,42,42,48,72,70,49,49,49,49,16,58,61,61,61,58,62,51,51,97,25,89,97,101,79,81,81,83,83,88,88,88,99,77,77,78,78,67,112,112,112,60,45],"gold":51,"neow_bonus":"RANDOM_COMMON_RELIC","is_prod":false,"is_daily":false,"chose_seed":false,"campfire_upgraded":6,"win_rate":0,"timestamp":1552431333,"path_taken":["M","M","?","M","?","R","E","R","T","M","E","M","E","$","R","BOSS","M","M","$","?","$","E","R","E","T","R","M","M","E","?","R","BOSS","M","?","M","M","?","E","R","E","T","$","M","E","?","?","R","BOSS","R","$","E","BOSS"],"build_version":"2019-01-23","purchased_purges":3,"victory":true,"max_hp_per_floor":[80,80,80,80,80,80,80,80,80,80,80,80,80,80,80,80,80,80,80,80,83,83,91,91,95,95,95,98,102,106,106,106,110,110,110,113,113,113,107,107,107,110,110,110,114,118,118,123,123,127,127,127,127,131,131],"card_choices":[{"not_picked":["True Grit","Clothesline"],"picked":"Uppercut","floor":1.0},{"not_picked":["Sever Soul","Heavy Blade"],"picked":"Rampage","floor":2.0},{"not_picked":["Iron Wave","Flex","Havoc"],"picked":"SKIP","floor":4.0},{"not_picked":["Warcry","True Grit"],"picked":"Metallicize","floor":7.0},{"not_picked":["Twin Strike","Hemokinesis"],"picked":"Shrug It Off","floor":10.0},{"not_picked":["Limit Break","True Grit"],"picked":"Inflame","floor":11.0},{"not_picked":["Armaments","Clothesline"],"picked":"Heavy Blade","floor":12.0},{"not_picked":["Hemokinesis","Perfected Strike"],"picked":"Armaments","floor":13.0},{"not_picked":["Offering","Brutality"],"picked":"Feed","floor":16},{"not_picked":["Rage","Flex","Twin Strike"],"picked":"SKIP","floor":18},{"not_picked":["Sentinel+1","Hemokinesis","Heavy Blade"],"picked":"SKIP","floor":19},{"not_picked":["Headbutt","Fire Breathing"],"picked":"Power Through+1","floor":21},{"not_picked":["Rage","Twin Strike+1"],"picked":"Sword Boomerang","floor":23},{"not_picked":["Sever Soul","Pummel"],"picked":"Offering","floor":25},{"not_picked":["Warcry","Fire Breathing"],"picked":"Heavy Blade+1","floor":28},{"not_picked":["Havoc","Perfected Strike"],"picked":"Armaments+1","floor":29},{"not_picked":["Sword Boomerang","Heavy Blade","Infernal Blade"],"picked":"SKIP","floor":30},{"not_picked":["Brutality","Juggernaut"],"picked":"Dark Embrace","floor":33},{"not_picked":["Heavy Blade+1","Flex"],"picked":"Flame Barrier+1","floor":35},{"not_picked":["Infernal Blade","Heavy Blade","Iron Wave"],"picked":"SKIP","floor":36},{"not_picked":["Iron Wave+1","Headbutt+1"],"picked":"Body Slam+1","floor":37},{"not_picked":["Havoc+1","Dual Wield","Wild Strike"],"picked":"SKIP","floor":38},{"not_picked":["Twin Strike","Anger"],"picked":"Sentinel","floor":40},{"not_picked":["Havoc+1","Pommel Strike+1","Second Wind"],"picked":"SKIP","floor":42},{"not_picked":["Sever Soul+1","Iron Wave+1","Sword Boomerang+1"],"picked":"Offering","floor":45},{"not_picked":["Combust","Anger+1","Perfected Strike+1"],"picked":"Demon Form","floor":46},{"not_picked":["Inflame","Clash+1","Burning Pact+1","Perfected Strike+1"],"picked":"Singing Bowl","floor":48},{"not_picked":["Rage+1","Thunderclap+1","Cleave+1"],"picked":"Shrug It Off+1","floor":54}],"player_experience":1395687,"relics_obtained":[{"floor":3.0,"key":"Regal Pillow"},{"floor":7.0,"key":"Centennial Puzzle"},{"floor":9.0,"key":"Mercury Hourglass"},{"floor":11.0,"key":"Ancient Tea Set"},{"floor":13.0,"key":"Boot"},{"floor":23,"key":"Thread and Needle"},{"floor":23,"key":"Blood Vial"},{"floor":25,"key":"Happy Flower"},{"floor":25,"key":"Mummified Hand"},{"floor":26,"key":"MawBank"},{"floor":30,"key":"Vajra"},{"floor":30,"key":"Torii"},{"floor":40,"key":"Dream Catcher"},{"floor":40,"key":"Matryoshka"},{"floor":42,"key":"Question Card"},{"floor":42,"key":"Molten Egg 2"},{"floor":43,"key":"Potion Belt"},{"floor":46,"key":"Singing Bowl"},{"floor":46,"key":"Letter Opener"},{"floor":54,"key":"War Paint"},{"floor":54,"key":"Bottled Flame"}],"event_choices":[{"damage_healed":0.0,"max_hp_gain":0.0,"max_hp_loss":0.0,"gold_gain":75.0,"event_name":"FaceTrader","player_choice":"Touch","floor":5.0,"gold_loss":0.0,"damage_taken":8.0},{"damage_healed":0,"gold_gain":0,"player_choice":"Upgraded","damage_taken":0,"max_hp_gain":0,"max_hp_loss":0,"event_name":"Upgrade Shrine","floor":31,"gold_loss":0,"cards_upgraded":["Corruption"]},{"damage_healed":0,"gold_gain":0,"player_choice":"Max HP","damage_taken":0,"max_hp_gain":0,"max_hp_loss":6,"event_name":"Winding Halls","floor":39,"gold_loss":0},{"damage_healed":0,"gold_gain":0,"player_choice":"Ignored","damage_taken":0,"max_hp_gain":0,"max_hp_loss":0,"event_name":"SecretPortal","floor":47,"gold_loss":0}],"is_beta":false,"boss_relics":[{"not_picked":["Pandora\u0027s Box","Philosopher\u0027s Stone"],"picked":"Black Star"},{"not_picked":["Empty Cage","Orrery"],"picked":"Snecko Eye"}],"items_purged_floors":[14,20,44],"is_endless":false,"potions_floor_spawned":[4,10,12,19,21,23,25,33,36,38,40,42,48,54],"ascension_level":5}