{"gold_per_floor":[18,28,28,178,48,48,73,83,134,157,157,117],"floor_reached":12,"playtime":1392,"items_purged":["Doubt"],"score":152,"play_id":"4804ed33-62c5-41fa-9602-05882094c006","local_time":"20190316195921","is_ascension_mode":true,"campfire_choices":[{"data":"Bash","floor":6.0,"key":"SMITH"},{"data":"Disarm","floor":11.0,"key":"SMITH"}],"neow_cost":"NO_GOLD","seed_source_timestamp":0,"circlet_count":0,"master_deck":["AscendersBane","Strike_R","Strike_R","Strike_R","Strike_R","Strike_R","Defend_R","Defend_R","Defend_R","Defend_R","Bash+1","Feed","Disarm+1","Shrug It Off","Cleave","Iron Wave"],"special_seed":0,"relics":["Burning Blood","PreservedInsect","Smiling Mask","Pen Nib"],"potions_floor_usage":[],"damage_taken":[{"damage":12.0,"enemies":"Cultist","floor":1.0,"turns":4.0},{"damage":17.0,"enemies":"Jaw Worm","floor":2.0,"turns":5.0},{"damage":55.0,"enemies":"3 Sentries","floor":7.0,"turns":12.0},{"damage":0.0,"enemies":"2 Louse","floor":8.0,"turns":3.0},{"damage":26,"enemies":"Exordium Thugs","floor":12,"turns":2}],"seed_played":"-1697486810838925987","potions_obtained":[{"floor":1.0,"key":"SneckoOil"},{"floor":7.0,"key":"LiquidBronze"}],"is_trial":false,"path_per_floor":["M","M","$","?","$","R","E","M","T","T","R","M"],"character_chosen":"IRONCLAD","items_purchased":["Cleave"],"campfire_rested":0,"item_purchase_floors":[5],"current_hp_per_floor":[65,57,57,57,57,57,11,20,20,20,20,0],"gold":117,"neow_bonus":"THREE_RARE_CARDS","is_prod":false,"is_daily":false,"chose_seed":false,"campfire_upgraded":2,"win_rate":0,"timestamp":1552762761,"path_taken":["M","?","?","?","$","R","E","M","T","?","R","M"],"build_version":"2019-01-23","purchased_purges":1,"victory":false,"max_hp_per_floor":[78,81,81,81,81,81,84,87,87,87,87,87],"card_choices":[{"not_picked":["Dark Embrace","Impervious"],"picked":"Feed","floor":0.0},{"not_picked":["Iron Wave","Wild Strike"],"picked":"Disarm","floor":1.0},{"not_picked":["Clothesline","Sword Boomerang"],"picked":"Shrug It Off","floor":2.0},{"not_picked":["Hemokinesis","Combust"],"picked":"Iron Wave","floor":7.0},{"not_picked":["Dual Wield","Headbutt","Thunderclap"],"picked":"SKIP","floor":8.0}],"player_experience":1423718,"relics_obtained":[{"floor":7.0,"key":"PreservedInsect"},{"floor":9.0,"key":"Smiling Mask"},{"floor":10.0,"key":"Pen Nib"}],"event_choices":[{"damage_healed":0.0,"max_hp_gain":0.0,"max_hp_loss":0.0,"gold_gain":150.0,"event_name":"Liars Game","player_choice":"AGREE","floor":4.0,"gold_loss":0.0,"damage_taken":0.0,"cards_obtained":["Doubt"]}],"is_beta":false,"boss_relics":[],"items_purged_floors":[5],"is_endless":false,"potions_floor_spawned":[1,7],"killed_by":"Exordium Thugs","ascension_level":20}