{"gold_per_floor":[412,211,226,226,249,283,70,70,70,96,106,121,135,115],"floor_reached":14,"playtime":396,"items_purged":["Strike_B"],"score":250,"play_id":"f07b81ce-d80a-4ac2-a6e3-308f4a3c4727","local_time":"20181215234317","is_ascension_mode":true,"campfire_choices":[{"floor":8,"key":"REST"}],"neow_cost":"PERCENT_DAMAGE","seed_source_timestamp":51534701843351,"circlet_count":0,"master_deck":["AscendersBane","Strike_B","Strike_B","Strike_B","Defend_B","Defend_B","Defend_B+1","Defend_B","Zap","Dualcast","Gash","Sunder","Skim+1","Leap","Ball Lightning+1","Cold Snap+1","Genetic Algorithm","Cold Snap+1","Steam"],"relics":["Cracked Core","Old Coin","Molten Egg 2","Juzu Bracelet","War Paint","PreservedInsect","Orichalcum"],"potions_floor_usage":[6,10],"damage_taken":[{"damage":4,"enemies":"Small Slimes","floor":1,"turns":3},{"damage":2,"enemies":"Jaw Worm","floor":3,"turns":3},{"damage":32,"enemies":"Gremlin Nob","floor":6,"turns":4},{"damage":0,"enemies":"3 Sentries","floor":10,"turns":2},{"damage":5,"enemies":"2 Louse","floor":11,"turns":2},{"damage":7,"enemies":"Exordium Wildlife","floor":12,"turns":2},{"damage":5,"enemies":"Lots of Slimes","floor":13,"turns":3},{"damage":16,"enemies":"Exordium Thugs","floor":14,"turns":1}],"seed_played":"1880823121268156989","potions_obtained":[{"floor":3,"key":"Poison Potion"},{"floor":6,"key":"PowerPotion"},{"floor":12,"key":"LiquidBronze"}],"is_trial":false,"path_per_floor":["M","$","M","?","T","E","$","R","T","E","M","M","M","M"],"character_chosen":"DEFECT","items_purchased":["Sunder","Skim","PreservedInsect","Cold Snap+1"],"campfire_rested":1,"item_purchase_floors":[2,2,7,7],"current_hp_per_floor":[42,42,40,35,35,3,3,24,24,24,19,12,7,0],"gold":115,"neow_bonus":"ONE_RARE_RELIC","is_prod":false,"is_daily":false,"chose_seed":false,"campfire_upgraded":0,"win_rate":0,"timestamp":1544913797,"path_taken":["M","$","M","?","?","E","$","R","T","E","M","M","M","M"],"build_version":"2018-12-13","purchased_purges":1,"victory":false,"max_hp_per_floor":[71,71,71,71,71,71,71,71,71,71,71,71,71,71],"card_choices":[{"not_picked":["Go for the Eyes","Chill"],"picked":"Gash","floor":1},{"not_picked":["Hologram","Turbo"],"picked":"Leap","floor":3},{"not_picked":["Gash+1","Loop"],"picked":"Ball Lightning+1","floor":6},{"not_picked":["Beam Cell+1","Turbo","Hologram"],"picked":"SKIP","floor":10},{"not_picked":["Steam Power","Coolheaded"],"picked":"Genetic Algorithm","floor":11},{"not_picked":["Turbo","Chaos"],"picked":"Cold Snap+1","floor":12},{"not_picked":["Hello World","Conserve Battery"],"picked":"Steam","floor":13}],"player_experience":1035550,"relics_obtained":[{"floor":5,"key":"Juzu Bracelet"},{"floor":6,"key":"War Paint"},{"floor":9,"key":"Orichalcum"}],"event_choices":[{"damage_healed":0,"gold_gain":0,"player_choice":"Success","damage_taken":5,"relics_obtained":["Molten Egg 2"],"max_hp_gain":0,"max_hp_loss":0,"event_name":"Scrap Ooze","floor":4,"gold_loss":0}],"is_beta":true,"boss_relics":[],"items_purged_floors":[2],"is_endless":false,"potions_floor_spawned":[3,6,12],"killed_by":"Exordium Thugs","ascension_level":20}