{"path_per_floor":["M","M","?","M","M","R","E","M","T","M","$","E","M","M","R"],"character_chosen":"IRONCLAD","items_purchased":["Reaper"],"gold_per_floor":[111,125,300,320,330,330,365,375,375,385,225,250,263,275,275,275],"floor_reached":16,"campfire_rested":0,"playtime":629,"item_purchase_floors":[11],"current_hp_per_floor":[67,73,73,72,64,64,70,73,73,66,66,35,34,40,40,0],"items_purged":[],"gold":275,"score":197,"play_id":"88041efa-f391-40ce-b403-db8006e9b04c","local_time":"20180609234617","is_prod":false,"is_daily":false,"chose_seed":false,"is_ascension_mode":true,"campfire_upgraded":2,"win_rate":0,"timestamp":1528580777,"campfire_choices":[{"data":"Whirlwind","floor":6,"key":"SMITH"},{"data":"Spot Weakness","floor":15,"key":"SMITH"}],"path_taken":["M","M","?","M","M","R","E","M","T","M","?","E","M","M","R","BOSS"],"build_version":"2018-06-08","seed_source_timestamp":47346947822695,"purchased_purges":0,"victory":false,"master_deck":["Strike_R","Strike_R","Strike_R","Strike_R","Strike_R","Defend_R","Defend_R","Defend_R","Defend_R","Bash","Inflame","Spot Weakness+1","Doubt","Whirlwind+1","Armaments","Body Slam","Body Slam","Perfected Strike","Reaper","Metallicize","Clash","Iron Wave"],"max_hp_per_floor":[80,80,80,80,80,80,80,80,80,80,80,80,80,80,80,80],"relics":["Burning Blood","Peace Pipe","Pantograph","Bottled Lightning"],"card_choices":[{"not_picked":["Battle Trance","Uppercut"],"picked":"Inflame","floor":1},{"not_picked":["Sever Soul","Havoc"],"picked":"Spot Weakness","floor":2},{"not_picked":["Headbutt","Warcry"],"picked":"Whirlwind","floor":4},{"not_picked":["True Grit","Wild Strike"],"picked":"Armaments","floor":5},{"not_picked":["Warcry","Havoc"],"picked":"Body Slam","floor":7},{"not_picked":["Pommel Strike","Sword Boomerang"],"picked":"Body Slam","floor":8},{"not_picked":["Reckless Charge","Warcry"],"picked":"Perfected Strike","floor":10},{"not_picked":["Rage","Wild Strike"],"picked":"Metallicize","floor":12},{"not_picked":["Sentinel","Havoc"],"picked":"Clash","floor":13},{"not_picked":["True Grit","Iron Wave","Sword Boomerang"],"picked":"SKIP","floor":14},{"not_picked":["True Grit","Sword Boomerang"],"picked":"Iron Wave","floor":14}],"player_experience":299515,"potions_floor_usage":[5,7,13],"damage_taken":[{"damage":11,"enemies":"2 Louse","floor":1,"turns":3},{"damage":0,"enemies":"Small Slimes","floor":2,"turns":3},{"damage":7,"enemies":"Jaw Worm","floor":4,"turns":4},{"damage":14,"enemies":"Blue Slaver","floor":5,"turns":5},{"damage":0,"enemies":"3 Sentries","floor":7,"turns":2},{"damage":3,"enemies":"Exordium Wildlife","floor":8,"turns":4},{"damage":13,"enemies":"Gremlin Gang","floor":10,"turns":3},{"damage":37,"enemies":"Gremlin Nob","floor":12,"turns":5},{"damage":16,"enemies":"Blue Slaver","floor":13,"turns":3},{"damage":0,"enemies":"Lots of Slimes","floor":14,"turns":1},{"damage":81,"enemies":"The Guardian","floor":16,"turns":12}],"relics_obtained":[{"floor":7,"key":"Peace Pipe"},{"floor":9,"key":"Pantograph"},{"floor":12,"key":"Bottled Lightning"}],"event_choices":[{"event_name":"Liars Game","player_choice":"agreed","floor":3,"damage_taken":0}],"boss_relics":[],"items_purged_floors":[],"potions_floor_spawned":[1,4,5,7],"seed_played":"7557219147765707718","killed_by":"The Guardian","ascension_level":8,"potions_obtained":[{"floor":1,"key":"SkillPotion"},{"floor":4,"key":"Ancient Potion"},{"floor":5,"key":"SteroidPotion"},{"floor":7,"key":"Regen Potion"}],"is_trial":false}