{"gold_per_floor":[112,112,136,136,136,180,180,193,219,239,270,285,285,319,319,319],"floor_reached":16,"playtime":433,"items_purged":[],"score":290,"play_id":"477a7c12-a124-403d-8914-c91eb842d460","local_time":"20181226142944","is_ascension_mode":true,"campfire_choices":[{"data":"Biased Cognition","floor":7,"key":"SMITH"},{"floor":13,"key":"REST"},{"data":"Coolheaded","floor":15,"key":"SMITH"}],"neow_cost":"NONE","seed_source_timestamp":5995012781743,"circlet_count":0,"master_deck":["AscendersBane","Strike_B","Strike_B","Strike_B","Strike_B","Defend_B","Defend_B","Defend_B","Defend_B","Zap","Dualcast","Leap","Ball Lightning","Skim","Biased Cognition+1","Compile Driver","Conserve Battery","Consume","Tempest","Coolheaded+1"],"relics":["Cracked Core","NeowsBlessing","Golden Idol","Kunai","Regal Pillow","Bronze Scales","Anchor","Potion Belt"],"potions_floor_usage":[10,16],"damage_taken":[{"damage":0,"enemies":"Small Slimes","floor":1,"turns":1},{"damage":0,"enemies":"Jaw Worm","floor":3,"turns":1},{"damage":0,"enemies":"Gremlin Nob","floor":6,"turns":1},{"damage":0,"enemies":"2 Louse","floor":8,"turns":2},{"damage":23,"enemies":"Exordium Thugs","floor":10,"turns":4},{"damage":23,"enemies":"Lagavulin","floor":11,"turns":5},{"damage":1,"enemies":"Looter","floor":12,"turns":2},{"damage":18,"enemies":"3 Sentries","floor":14,"turns":5},{"damage":40,"enemies":"Slime Boss","floor":16,"turns":6}],"seed_played":"3000671961199591597","potions_obtained":[{"floor":6,"key":"LiquidBronze"},{"floor":8,"key":"Swift Potion"},{"floor":14,"key":"Ancient Potion"}],"is_trial":false,"path_per_floor":["M","?","M","T","?","E","R","M","T","M","E","M","R","E","R","B"],"character_chosen":"DEFECT","items_purchased":[],"campfire_rested":1,"item_purchase_floors":[],"current_hp_per_floor":[64,64,64,64,64,64,64,64,64,41,18,17,51,33,33,0],"gold":319,"neow_bonus":"THREE_ENEMY_KILL","is_prod":false,"is_daily":false,"chose_seed":false,"campfire_upgraded":2,"win_rate":0,"timestamp":1545830984,"path_taken":["M","?","M","?","?","E","R","M","T","?","E","M","R","E","R","BOSS"],"build_version":"2018-12-20","purchased_purges":0,"victory":false,"max_hp_per_floor":[71,64,64,64,64,64,64,64,64,64,64,64,64,64,64,64],"card_choices":[{"not_picked":["Hologram","Turbo"],"picked":"Leap","floor":1},{"not_picked":["Darkness","Streamline"],"picked":"Ball Lightning","floor":3},{"not_picked":["Glacier","Defragment"],"picked":"Biased Cognition","floor":6},{"not_picked":["FTL","Rebound"],"picked":"Compile Driver","floor":8},{"not_picked":["Fusion","Storm"],"picked":"Conserve Battery","floor":10},{"not_picked":["Heatsinks","Leap"],"picked":"Consume","floor":11},{"not_picked":["Leap","Hologram"],"picked":"Tempest","floor":12},{"not_picked":["Steam","Scrape"],"picked":"Coolheaded","floor":14}],"player_experience":1067411,"relics_obtained":[{"floor":4,"key":"Kunai"},{"floor":6,"key":"Regal Pillow"},{"floor":9,"key":"Bronze Scales"},{"floor":11,"key":"Anchor"},{"floor":14,"key":"Potion Belt"}],"event_choices":[{"damage_healed":0,"gold_gain":0,"player_choice":"Lose Max HP","damage_taken":0,"relics_obtained":["Golden Idol"],"max_hp_gain":0,"max_hp_loss":7,"event_name":"Golden Idol","floor":2,"gold_loss":0},{"damage_healed":0,"gold_gain":0,"player_choice":"1 cards matched","damage_taken":0,"max_hp_gain":0,"max_hp_loss":0,"event_name":"Match and Keep!","floor":5,"gold_loss":0,"cards_obtained":["Skim"]}],"is_beta":false,"boss_relics":[],"items_purged_floors":[],"is_endless":false,"potions_floor_spawned":[6,8,14],"killed_by":"Slime Boss","ascension_level":20}