{"gold_per_floor":[119,119,119,142,24,63,63,102,102,117,117,148,168,183,183,279,279,300,320,320,113,138,138,204,204],"floor_reached":25,"playtime":987,"items_purged":["Strike_B","Strike_B"],"score":532,"play_id":"4e8c8431-0c2c-492e-977f-0c96ca3ed869","local_time":"20181218012741","is_ascension_mode":true,"campfire_choices":[{"data":"Sunder","floor":7.0,"key":"SMITH"},{"data":"Static Discharge","floor":11.0,"key":"SMITH"},{"data":"Zap","floor":15.0,"key":"SMITH"},{"floor":23.0,"key":"REST"}],"neow_cost":"NONE","seed_source_timestamp":0,"circlet_count":0,"master_deck":["AscendersBane","Strike_B","Strike_B","Defend_B","Defend_B","Defend_B","Defend_B","Zap+1","Dualcast","Static Discharge+1","Sunder+1","Doom and Gloom","Leap","Coolheaded+1","Tempest+1","Consume+1","Coolheaded+1","Hologram+1","Seek+1","Genetic Algorithm+1","Necronomicurse","Blizzard","Coolheaded+1","Skim+1"],"special_seed":0,"relics":["Cracked Core","NeowsBlessing","Golden Idol","Pear","Toxic Egg 2","Potion Belt","Kunai","Fusion Hammer","Necronomicon","Tiny Chest"],"potions_floor_usage":[],"damage_taken":[{"damage":0.0,"enemies":"Small Slimes","floor":1.0,"turns":1.0},{"damage":0.0,"enemies":"Jaw Worm","floor":4.0,"turns":1.0},{"damage":0.0,"enemies":"3 Sentries","floor":6.0,"turns":1.0},{"damage":11.0,"enemies":"Lagavulin","floor":8.0,"turns":5.0},{"damage":0.0,"enemies":"2 Louse","floor":10.0,"turns":1.0},{"damage":35.0,"enemies":"Gremlin Nob","floor":12.0,"turns":4.0},{"damage":0.0,"enemies":"Large Slime","floor":13.0,"turns":4.0},{"damage":0.0,"enemies":"Looter","floor":14.0,"turns":3.0},{"damage":7.0,"enemies":"Hexaghost","floor":16.0,"turns":10.0},{"damage":17.0,"enemies":"2 Thieves","floor":18.0,"turns":3.0},{"damage":9.0,"enemies":"Shell Parasite","floor":19.0,"turns":6.0},{"damage":3.0,"enemies":"Centurion and Healer","floor":22.0,"turns":4.0},{"damage":10.0,"enemies":"Slavers","floor":24.0,"turns":4.0},{"damage":0,"enemies":"Shelled Parasite and Fungi","floor":25,"turns":1}],"seed_played":"8476501971349635309","potions_obtained":[{"floor":1.0,"key":"FocusPotion"},{"floor":4.0,"key":"Explosive Potion"},{"floor":14.0,"key":"GamblersBrew"},{"floor":16.0,"key":"SteroidPotion"},{"floor":19.0,"key":"Weak Potion"},{"floor":22.0,"key":"LiquidBronze"}],"is_trial":false,"path_per_floor":["M","?","?","M","$","E","R","E","T","M","R","E","M","M","R","B",null,"M","M","?","$","M","R","E","M"],"character_chosen":"DEFECT","items_purchased":["Doom and Gloom","Blizzard","Coolheaded+1"],"campfire_rested":1,"item_purchase_floors":[5,21,21],"current_hp_per_floor":[64,40,45,45,45,55,55,44,44,44,44,9,9,9,9,2,65,48,39,18,18,15,40,30,30],"gold":204,"neow_bonus":"THREE_ENEMY_KILL","is_prod":false,"is_daily":false,"chose_seed":false,"campfire_upgraded":3,"win_rate":0,"timestamp":1545092861,"path_taken":["M","?","?","M","?","E","R","E","T","M","R","E","?","M","R","BOSS","M","M","?","$","M","R","E","M"],"build_version":"2018-12-13","purchased_purges":2,"victory":false,"max_hp_per_floor":[71,71,76,76,76,86,86,86,86,86,86,86,86,86,86,86,86,86,86,86,86,86,86,86,86],"card_choices":[{"not_picked":["Self Repair","Skim"],"picked":"Static Discharge","floor":1.0},{"not_picked":["Coolheaded","Rip and Tear"],"picked":"Sunder","floor":4.0},{"not_picked":["Rip and Tear","Self Repair"],"picked":"Leap","floor":6.0},{"not_picked":["Aggregate","Barrage"],"picked":"Coolheaded","floor":8.0},{"not_picked":["Lockon","Fission+1"],"picked":"Tempest+1","floor":10.0},{"not_picked":["White Noise+1","Genetic Algorithm+1"],"picked":"Consume+1","floor":12.0},{"not_picked":["Rip and Tear","Lockon"],"picked":"Coolheaded+1","floor":13.0},{"not_picked":["Ball Lightning","FTL"],"picked":"Hologram+1","floor":14.0},{"not_picked":["Amplify+1","Core Surge"],"picked":"Seek+1","floor":16.0},{"not_picked":["Leap+1","Stack+1"],"picked":"Genetic Algorithm+1","floor":18.0},{"not_picked":["Melter","Hello World","Hologram+1"],"picked":"SKIP","floor":19.0},{"not_picked":["Steam+1","Rebound","Undo+1"],"picked":"SKIP","floor":22.0},{"not_picked":["Force Field+1","Doom and Gloom"],"picked":"Skim+1","floor":24.0}],"player_experience":1036180,"relics_obtained":[{"floor":6.0,"key":"Pear"},{"floor":8.0,"key":"Toxic Egg 2"},{"floor":9.0,"key":"Potion Belt"},{"floor":12.0,"key":"Kunai"},{"floor":20.0,"key":"Necronomicon"},{"floor":24.0,"key":"Tiny Chest"}],"event_choices":[{"damage_healed":0.0,"max_hp_gain":0.0,"max_hp_loss":0.0,"gold_gain":0.0,"event_name":"Golden Idol","player_choice":"Take Damage","floor":2.0,"gold_loss":0.0,"damage_taken":24.0,"relics_obtained":["Golden Idol"]},{"damage_healed":0.0,"max_hp_gain":5.0,"max_hp_loss":0.0,"gold_gain":0.0,"event_name":"Big Fish","player_choice":"Donut","floor":3.0,"gold_loss":0.0,"damage_taken":0.0},{"damage_healed":0.0,"max_hp_gain":0.0,"max_hp_loss":0.0,"gold_gain":0.0,"event_name":"Cursed Tome","player_choice":"Obtained Book","floor":20.0,"gold_loss":0.0,"damage_taken":21.0}],"is_beta":true,"boss_relics":[{"not_picked":["Ectoplasm","Empty Cage"],"picked":"Fusion Hammer"}],"items_purged_floors":[5,21],"is_endless":false,"potions_floor_spawned":[1,4,14,16,19,22],"killed_by":"Shelled Parasite and Fungi","ascension_level":20}