{"gold_per_floor":[112,132,151,168,168,194,194,226,226,256,256,268,268,102,102,198,198,218,252,127,143,157,191,191,224,224,256,270,270,297,297,297,396,396,407,417,65,84,98,125,125,154,154,154,170,188,208,235,235,235,235,235,136,170,170],"floor_reached":55,"playtime":7297,"items_purged":["Strike_R","Strike_R","Strike_R"],"score":1064,"play_id":"a9050d2b-c0d2-4045-9ebc-664cd93e27b7","local_time":"20190320093403","is_ascension_mode":true,"campfire_choices":[{"data":"Berserk","floor":7,"key":"SMITH"},{"floor":11,"key":"REST"},{"data":"Pommel Strike","floor":13,"key":"SMITH"},{"data":"Armaments","floor":15,"key":"SMITH"},{"data":"Rage","floor":29,"key":"SMITH"},{"data":"RitualDagger","floor":32,"key":"SMITH"},{"data":"Strike_R","floor":41,"key":"PURGE"},{"floor":49,"key":"RECALL"},{"data":"Spot Weakness","floor":52,"key":"SMITH"}],"neow_cost":"PERCENT_DAMAGE","seed_source_timestamp":59416872274356,"circlet_count":0,"master_deck":["Defend_R","Defend_R","Defend_R","Defend_R","Bash","Clash","Shrug It Off","Clash","Berserk+1","Pommel Strike+1","Disarm","Impervious","Whirlwind","Armaments+1","Feed","Clothesline+1","Shrug It Off","Shrug It Off+1","Hemokinesis","Entrench+1","Rage+1","Juggernaut","RitualDagger+1","Brutality","Feel No Pain+1","Uppercut+1","Evolve","Body Slam+1","Offering","Flex+1","Dual Wield+1","Spot Weakness+1","Blood for Blood+1"],"relics":["Burning Blood","Ginger","Orichalcum","Gremlin Horn","Torii","Velvet Choker","Red Mask","Shuriken","Vajra","FossilizedHelix","Bag of Marbles","Peace Pipe","Black Star","Red Skull","Oddly Smooth Stone","Regal Pillow","Blue Candle","Letter Opener","StoneCalendar","Centennial Puzzle","Dodecahedron","Mercury Hourglass"],"potions_floor_usage":[8,19,19,25,28,33,38,48,50,54,54,55],"damage_taken":[{"damage":0,"enemies":"Small Slimes","floor":1,"turns":3},{"damage":0,"enemies":"2 Louse","floor":2,"turns":2},{"damage":0,"enemies":"Cultist","floor":3,"turns":3},{"damage":0,"enemies":"3 Louse","floor":4,"turns":4},{"damage":25,"enemies":"Lagavulin","floor":6,"turns":5},{"damage":62,"enemies":"3 Sentries","floor":8,"turns":18},{"damage":27,"enemies":"Lagavulin","floor":10,"turns":6},{"damage":0,"enemies":"2 Fungi Beasts","floor":12,"turns":3},{"damage":9,"enemies":"Hexaghost","floor":16,"turns":12},{"damage":16,"enemies":"Shell Parasite","floor":18,"turns":7},{"damage":39,"enemies":"Masked Bandits","floor":19,"turns":4},{"damage":10,"enemies":"Spheric Guardian","floor":21,"turns":4},{"damage":6,"enemies":"Shelled Parasite and Fungi","floor":22,"turns":9},{"damage":4,"enemies":"Gremlin Leader","floor":23,"turns":5},{"damage":11,"enemies":"Slavers","floor":25,"turns":9},{"damage":14,"enemies":"Book of Stabbing","floor":27,"turns":7},{"damage":0,"enemies":"Snake Plant","floor":28,"turns":4},{"damage":0,"enemies":"Gremlin Leader","floor":30,"turns":8},{"damage":46,"enemies":"Collector","floor":33,"turns":10},{"damage":18,"enemies":"3 Darklings","floor":35,"turns":8},{"damage":0,"enemies":"3 Shapes","floor":36,"turns":1},{"damage":42,"enemies":"Transient","floor":38,"turns":5},{"damage":6,"enemies":"Sphere and 2 Shapes","floor":39,"turns":10},{"damage":30,"enemies":"Reptomancer","floor":40,"turns":6},{"damage":5,"enemies":"Giant Head","floor":42,"turns":7},{"damage":0,"enemies":"Maw","floor":45,"turns":7},{"damage":6,"enemies":"Spire Growth","floor":46,"turns":3},{"damage":0,"enemies":"Sphere and 2 Shapes","floor":47,"turns":9},{"damage":1,"enemies":"Nemesis","floor":48,"turns":5},{"damage":54,"enemies":"Donu and Deca","floor":50,"turns":9},{"damage":52,"enemies":"Shield and Spear","floor":54,"turns":7},{"damage":110,"enemies":"The Heart","floor":55,"turns":8}],"seed_played":"2932182549225875962","potions_obtained":[{"floor":4,"key":"GamblersBrew"},{"floor":6,"key":"Regen Potion"},{"floor":16,"key":"SkillPotion"},{"floor":22,"key":"FairyPotion"},{"floor":23,"key":"Dexterity Potion"},{"floor":27,"key":"Regen Potion"},{"floor":30,"key":"Strength Potion"},{"floor":35,"key":"EssenceOfSteel"},{"floor":38,"key":"SmokeBomb"},{"floor":40,"key":"Weak Potion"},{"floor":44,"key":"GamblersBrew"},{"floor":54,"key":"AttackPotion"}],"is_trial":false,"path_per_floor":["M","M","M","M","?","E","R","E","T","E","R","M","R","$","R","B",null,"M","?","$","M","M","E","?","E","T","E","M","R","E","?","R","B",null,"M","M","$","M","M","E","R","E","T","?","M","M","M","E","R","B",null,"R","$","E","B"],"character_chosen":"IRONCLAD","items_purchased":["Whirlwind","Armaments","Shrug It Off","Evolve","Red Skull","Dexterity Potion","Weak Potion"],"campfire_rested":1,"item_purchase_floors":[14,14,20,37,37,53,53],"current_hp_per_floor":[78,84,90,96,96,77,77,36,36,15,43,49,49,49,49,46,96,89,60,60,56,60,62,62,57,57,49,67,67,73,67,67,27,107,95,101,101,65,69,45,45,46,46,46,52,52,58,63,63,15,111,111,111,65,0],"gold":170,"neow_bonus":"TWENTY_PERCENT_HP_BONUS","is_prod":false,"is_daily":false,"chose_seed":false,"campfire_upgraded":6,"win_rate":0,"timestamp":1553099643,"path_taken":["M","M","M","M","?","E","R","E","T","E","R","M","R","$","R","BOSS","M","?","$","M","M","E","?","E","T","E","M","R","E","?","R","BOSS","M","M","$","M","M","E","R","E","T","?","M","M","M","E","R","BOSS","R","$","E","BOSS"],"build_version":"2019-01-23","purchased_purges":3,"victory":false,"max_hp_per_floor":[96,96,96,96,96,96,96,96,96,96,96,96,96,96,96,96,96,99,103,103,103,107,107,107,107,107,107,107,107,107,107,107,107,107,107,107,107,107,111,111,111,111,111,111,111,111,111,111,111,111,111,111,111,111,111],"card_choices":[{"not_picked":["Anger","Wild Strike"],"picked":"Clash","floor":1},{"not_picked":["Anger","Iron Wave"],"picked":"Shrug It Off","floor":2},{"not_picked":["Anger","Body Slam","Evolve"],"picked":"SKIP","floor":3},{"not_picked":["Warcry","Pummel"],"picked":"Clash","floor":4},{"not_picked":["Burning Pact","Sword Boomerang"],"picked":"Berserk","floor":6},{"not_picked":["Twin Strike","Cleave"],"picked":"Pommel Strike","floor":8},{"not_picked":["Sword Boomerang","Anger"],"picked":"Disarm","floor":10},{"not_picked":["Iron Wave","Pommel Strike"],"picked":"Impervious","floor":12},{"not_picked":["Bludgeon","Dark Embrace"],"picked":"Feed","floor":16},{"not_picked":["Armaments","Cleave+1"],"picked":"Clothesline+1","floor":18},{"not_picked":["Armaments","Body Slam+1"],"picked":"Shrug It Off+1","floor":21},{"not_picked":["Second Wind","True Grit"],"picked":"Hemokinesis","floor":22},{"not_picked":["Armaments","Blood for Blood"],"picked":"Entrench+1","floor":23},{"not_picked":["Blood for Blood","Uppercut"],"picked":"Rage","floor":25},{"not_picked":["Armaments","Shrug It Off"],"picked":"Juggernaut","floor":27},{"not_picked":["Body Slam","Seeing Red+1","Iron Wave"],"picked":"SKIP","floor":28},{"not_picked":["Clothesline","Pommel Strike","Perfected Strike"],"picked":"SKIP","floor":30},{"not_picked":["Dark Embrace","Reaper"],"picked":"Brutality","floor":33},{"not_picked":["Anger","Heavy Blade"],"picked":"Feel No Pain+1","floor":35},{"not_picked":["Havoc+1","Searing Blow"],"picked":"Uppercut+1","floor":36},{"not_picked":["Perfected Strike","True Grit+1","Wild Strike+1"],"picked":"SKIP","floor":38},{"not_picked":["Whirlwind+1","Carnage"],"picked":"Body Slam+1","floor":39},{"not_picked":["Iron Wave+1","Thunderclap+1"],"picked":"Offering","floor":40},{"not_picked":["Ghostly Armor","Shockwave"],"picked":"Flex+1","floor":42},{"not_picked":["Power Through","Havoc+1","Cleave"],"picked":"SKIP","floor":45},{"not_picked":["Clash+1","Berserk"],"picked":"Dual Wield+1","floor":46},{"not_picked":["Feel No Pain","Power Through+1"],"picked":"Spot Weakness","floor":47},{"not_picked":["Anger+1","Clothesline+1","Sever Soul+1"],"picked":"SKIP","floor":48},{"not_picked":["Bloodletting+1","Clothesline+1"],"picked":"Blood for Blood+1","floor":54}],"player_experience":375969,"relics_obtained":[{"floor":6,"key":"Ginger"},{"floor":8,"key":"Orichalcum"},{"floor":9,"key":"Gremlin Horn"},{"floor":10,"key":"Torii"},{"floor":19,"key":"Red Mask"},{"floor":23,"key":"Shuriken"},{"floor":25,"key":"Vajra"},{"floor":26,"key":"FossilizedHelix"},{"floor":27,"key":"Bag of Marbles"},{"floor":30,"key":"Peace Pipe"},{"floor":40,"key":"Oddly Smooth Stone"},{"floor":40,"key":"Regal Pillow"},{"floor":42,"key":"Blue Candle"},{"floor":42,"key":"Letter Opener"},{"floor":48,"key":"StoneCalendar"},{"floor":48,"key":"Centennial Puzzle"},{"floor":54,"key":"Dodecahedron"},{"floor":54,"key":"Mercury Hourglass"}],"event_choices":[{"cards_removed":["Strike_R"],"damage_healed":0,"gold_gain":0,"player_choice":"Forget","damage_taken":0,"max_hp_gain":0,"max_hp_loss":0,"event_name":"Living Wall","floor":5,"gold_loss":0},{"damage_healed":0,"gold_gain":0,"player_choice":"Fought Bandits","damage_taken":0,"max_hp_gain":0,"max_hp_loss":0,"event_name":"Masked Bandits","floor":19,"gold_loss":0},{"damage_healed":0,"gold_gain":0,"player_choice":"Ignored","damage_taken":0,"max_hp_gain":0,"max_hp_loss":0,"event_name":"Ghosts","floor":24,"gold_loss":0},{"damage_healed":0,"gold_gain":0,"player_choice":"Joined the Cult","damage_taken":6,"max_hp_gain":0,"max_hp_loss":0,"event_name":"Nest","floor":31,"gold_loss":0,"cards_obtained":["RitualDagger"]},{"damage_healed":0,"gold_gain":0,"player_choice":"Got Potions","damage_taken":0,"max_hp_gain":0,"max_hp_loss":0,"event_name":"Lab","floor":44,"gold_loss":0}],"is_beta":false,"boss_relics":[{"not_picked":["Snecko Eye","Eternal Feather"],"picked":"Velvet Choker"},{"not_picked":["Tiny House","Sozu"],"picked":"Black Star"}],"items_purged_floors":[14,20,37],"is_endless":false,"potions_floor_spawned":[4,6,16,22,23,27,30,35,38,40,45,47,54],"killed_by":"The Heart","ascension_level":3}