{"path_per_floor":["M","M","$","?","M","E","M","R","T","$","R","M","R","E","R"],"character_chosen":"IRONCLAD","items_purchased":["Clothesline","Whetstone"],"gold_per_floor":[113,129,77,77,97,131,145,145,169,26,26,44,44,70,70,70],"floor_reached":16,"campfire_rested":1,"playtime":1183,"item_purchase_floors":[3,10],"current_hp_per_floor":[74,74,74,67,73,50,38,38,38,38,38,34,34,18,57,0],"items_purged":[],"gold":70,"score":160,"play_id":"ed96a14f-9030-46d8-bd44-5aa28cd4f1f8","local_time":"20180614122244","is_prod":false,"is_daily":false,"chose_seed":false,"is_ascension_mode":true,"campfire_upgraded":3,"win_rate":0,"timestamp":1528971764,"campfire_choices":[{"data":"Shockwave","floor":8,"key":"SMITH"},{"data":"Offering","floor":11,"key":"SMITH"},{"data":"Intimidate","floor":13,"key":"SMITH"},{"floor":15,"key":"REST"}],"path_taken":["M","M","?","?","M","E","M","R","T","$","R","M","R","E","R","BOSS"],"build_version":"2018-06-13v3","seed_source_timestamp":10882125013176,"purchased_purges":0,"victory":false,"master_deck":["Strike_R","Strike_R","Strike_R+1","Strike_R","Strike_R","Defend_R","Defend_R","Defend_R","Defend_R","Bash","Offering+1","Dual Wield","Shockwave+1","Clothesline+1","Wild Strike","Pummel","Sword Boomerang","Intimidate+1","Feel No Pain"],"max_hp_per_floor":[80,80,80,80,80,80,80,80,80,80,80,80,80,80,80,80],"relics":["Burning Blood","Bronze Scales","Regal Pillow","Juzu Bracelet","Whetstone","Art of War"],"card_choices":[{"not_picked":["Warcry","Bloodletting"],"picked":"Dual Wield","floor":1},{"not_picked":["Blood for Blood","True Grit"],"picked":"Shockwave","floor":2},{"not_picked":["Body Slam","Ghostly Armor"],"picked":"Wild Strike","floor":5},{"not_picked":["Bloodletting","Shockwave"],"picked":"Pummel","floor":6},{"not_picked":["Thunderclap","Havoc"],"picked":"Sword Boomerang","floor":7},{"not_picked":["Clothesline","True Grit"],"picked":"Intimidate","floor":12},{"not_picked":["Clash","Headbutt"],"picked":"Feel No Pain","floor":14}],"player_experience":332729,"potions_floor_usage":[14,16],"damage_taken":[{"damage":4,"enemies":"Cultist","floor":1,"turns":2},{"damage":6,"enemies":"2 Louse","floor":2,"turns":3},{"damage":0,"enemies":"Small Slimes","floor":5,"turns":3},{"damage":29,"enemies":"Gremlin Nob","floor":6,"turns":3},{"damage":18,"enemies":"Exordium Wildlife","floor":7,"turns":4},{"damage":10,"enemies":"Looter","floor":12,"turns":2},{"damage":22,"enemies":"3 Sentries","floor":14,"turns":5},{"damage":58,"enemies":"The Guardian","floor":16,"turns":13}],"relics_obtained":[{"floor":6,"key":"Regal Pillow"},{"floor":9,"key":"Juzu Bracelet"},{"floor":14,"key":"Art of War"}],"event_choices":[{"event_name":"Scrap Ooze","player_choice":"success","floor":4,"damage_taken":7}],"boss_relics":[],"items_purged_floors":[],"potions_floor_spawned":[1,5,12],"seed_played":"1932226970613089002","killed_by":"The Guardian","ascension_level":9,"potions_obtained":[{"floor":1,"key":"Swift Potion"},{"floor":5,"key":"Weak Potion"},{"floor":12,"key":"EssenceOfSteel"}],"is_trial":false}