{"gold_per_floor":[114,114,134,151,151,151,171,127,127,127,157,157,59,71,71,71],"floor_reached":16,"playtime":584,"items_purged":[],"score":200,"play_id":"0bcddc5e-24e1-4364-b0a2-ded3f7d54068","local_time":"20190918141410","is_ascension_mode":true,"campfire_choices":[{"data":"Bash","floor":6,"key":"SMITH"},{"floor":10,"key":"REST"},{"floor":12,"key":"REST"},{"data":"Inflame","floor":15,"key":"SMITH"}],"neow_cost":"NONE","seed_source_timestamp":13727485956784,"circlet_count":0,"master_deck":["AscendersBane","Strike_R+1","Strike_R","Strike_R","Strike_R+1","Defend_R","Defend_R","Defend_R","Defend_R","Bash+1","Sword Boomerang","Metallicize","Sword Boomerang","Clothesline","Power Through","Inflame+1","Shrug It Off","Shockwave"],"relics":["Burning Blood","Dodecahedron","Kunai"],"potions_floor_usage":[16],"damage_taken":[{"damage":13,"enemies":"Cultist","floor":1,"turns":5},{"damage":4,"enemies":"Small Slimes","floor":3,"turns":6},{"damage":2,"enemies":"Jaw Worm","floor":4,"turns":5},{"damage":38,"enemies":"Exordium Thugs","floor":7,"turns":7},{"damage":33,"enemies":"Lagavulin","floor":11,"turns":8},{"damage":14,"enemies":"Lots of Slimes","floor":14,"turns":5},{"damage":23,"enemies":"The Guardian","floor":16,"turns":4}],"seed_played":"2711857285149106466","potions_obtained":[{"floor":3,"key":"Swift Potion"},{"floor":4,"key":"LiquidBronze"}],"is_trial":false,"path_per_floor":["M","?","M","M","?","R","M","?","T","R","E","R","$","M","R","B"],"character_chosen":"IRONCLAD","items_purchased":["Inflame","Shrug It Off"],"campfire_rested":2,"item_purchase_floors":[13,13],"current_hp_per_floor":[68,61,63,67,42,42,10,10,10,34,7,31,31,23,23,0],"gold":71,"neow_bonus":"TEN_PERCENT_HP_BONUS","is_prod":false,"is_daily":false,"chose_seed":false,"campfire_upgraded":2,"win_rate":0,"timestamp":1568808850,"path_taken":["M","?","M","M","?","R","M","?","T","R","E","R","$","M","R","BOSS"],"build_version":"2019-09-17","purchased_purges":0,"victory":false,"max_hp_per_floor":[82,82,82,82,82,82,82,82,82,82,82,82,82,82,82,82],"card_choices":[{"not_picked":["Intimidate","Searing Blow"],"picked":"Sword Boomerang","floor":1},{"not_picked":["Clash","Rupture"],"picked":"Metallicize","floor":3},{"not_picked":["Flex","Armaments"],"picked":"Sword Boomerang","floor":4},{"not_picked":["Flame Barrier","Twin Strike"],"picked":"Clothesline","floor":7},{"not_picked":["Sentinel","Perfected Strike"],"picked":"Power Through","floor":11},{"not_picked":["Warcry","Burning Pact"],"picked":"Shockwave","floor":14}],"player_experience":2071710,"relics_obtained":[{"floor":9,"key":"Dodecahedron"},{"floor":11,"key":"Kunai"}],"event_choices":[{"cards_removed":["Strike_R"],"damage_healed":0,"gold_gain":0,"player_choice":"Card Removal","damage_taken":7,"max_hp_gain":0,"max_hp_loss":0,"event_name":"Golden Wing","floor":2,"gold_loss":0},{"damage_healed":0,"gold_gain":0,"player_choice":"Entered Light","damage_taken":25,"max_hp_gain":0,"max_hp_loss":0,"event_name":"Shining Light","floor":5,"gold_loss":0,"cards_upgraded":["Strike_R","Strike_R"]},{"damage_healed":0,"gold_gain":0,"player_choice":"Left Gold","damage_taken":0,"max_hp_gain":0,"max_hp_loss":0,"event_name":"World of Goop","floor":8,"gold_loss":44}],"is_beta":true,"boss_relics":[],"items_purged_floors":[],"is_endless":false,"potions_floor_spawned":[3,4],"killed_by":"The Guardian","ascension_level":20}