{"gold_per_floor":[17,17,35,50,50,50,83,96,119,119,32,66,77,88,88,88],"floor_reached":16,"playtime":533,"items_purged":[],"score":224,"play_id":"fce58f55-0c9c-45f4-948b-d13cc2c487f1","local_time":"20190312171800","is_ascension_mode":true,"campfire_choices":[{"data":"Bash","floor":6,"key":"SMITH"},{"floor":10,"key":"REST"},{"data":"True Grit","floor":15,"key":"SMITH"}],"neow_cost":"NO_GOLD","seed_source_timestamp":16652504751946,"circlet_count":0,"master_deck":["AscendersBane","Strike_R","Strike_R","Strike_R","Strike_R","Strike_R","Defend_R","Defend_R","Defend_R","Defend_R","Bash+1","Anger","True Grit+1","Shrug It Off","Feed","Corruption","Feel No Pain","Fiend Fire","Rage","Anger"],"relics":["Burning Blood","Unceasing Top","Blood Vial","Oddly Smooth Stone","Dream Catcher"],"potions_floor_usage":[12,16,16],"damage_taken":[{"damage":7,"enemies":"Cultist","floor":1,"turns":4},{"damage":10,"enemies":"Small Slimes","floor":3,"turns":4},{"damage":14,"enemies":"Jaw Worm","floor":4,"turns":6},{"damage":34,"enemies":"Lagavulin","floor":7,"turns":7},{"damage":35,"enemies":"Large Slime","floor":8,"turns":9},{"damage":29,"enemies":"Gremlin Nob","floor":12,"turns":4},{"damage":5,"enemies":"Blue Slaver","floor":13,"turns":4},{"damage":2,"enemies":"Exordium Wildlife","floor":14,"turns":6},{"damage":49,"enemies":"The Guardian","floor":16,"turns":11}],"seed_played":"5692266453762712905","potions_obtained":[{"floor":4,"key":"PowerPotion"},{"floor":7,"key":"LiquidBronze"},{"floor":14,"key":"Weak Potion"}],"is_trial":false,"path_per_floor":["M","$","M","M","?","R","E","M","T","R","$","E","M","M","R","B"],"character_chosen":"IRONCLAD","items_purchased":["Feel No Pain"],"campfire_rested":1,"item_purchase_floors":[11],"current_hp_per_floor":[67,67,63,55,75,75,47,23,23,46,46,28,34,43,43,0],"gold":88,"neow_bonus":"ONE_RARE_RELIC","is_prod":false,"is_daily":false,"chose_seed":false,"campfire_upgraded":2,"win_rate":0,"timestamp":1552407480,"path_taken":["M","$","M","M","?","R","E","?","T","R","$","E","M","M","R","BOSS"],"build_version":"2019-01-23","purchased_purges":0,"victory":false,"max_hp_per_floor":[75,75,75,75,75,75,75,78,78,78,78,81,84,87,87,87],"card_choices":[{"not_picked":["Sword Boomerang","Disarm"],"picked":"Anger","floor":1},{"not_picked":["Shrug It Off","Combust"],"picked":"True Grit","floor":3},{"not_picked":["Clash","Iron Wave"],"picked":"Shrug It Off","floor":4},{"not_picked":["Battle Trance","Rupture"],"picked":"Feed","floor":7},{"not_picked":["Infernal Blade","Havoc"],"picked":"Corruption","floor":8},{"not_picked":["Second Wind","Uppercut"],"picked":"Fiend Fire","floor":12},{"not_picked":["Shrug It Off","Thunderclap"],"picked":"Rage","floor":13},{"not_picked":["Sword Boomerang","Perfected Strike"],"picked":"Anger","floor":14}],"player_experience":1393657,"relics_obtained":[{"floor":7,"key":"Blood Vial"},{"floor":9,"key":"Oddly Smooth Stone"},{"floor":12,"key":"Dream Catcher"}],"event_choices":[{"damage_healed":20,"gold_gain":0,"player_choice":"Full Heal","damage_taken":0,"max_hp_gain":0,"max_hp_loss":0,"event_name":"Wheel of Change","floor":5,"gold_loss":0}],"is_beta":false,"boss_relics":[],"items_purged_floors":[],"is_endless":false,"potions_floor_spawned":[4,7,8,14],"killed_by":"The Guardian","ascension_level":20}