{"gold_per_floor":[110,110,34,34,59,59,82,115,115,115],"floor_reached":10,"playtime":812,"items_purged":[],"score":132,"play_id":"6ffe3006-a7ee-4c0c-9903-55d98be84976","local_time":"20190219193805","is_ascension_mode":true,"campfire_choices":[{"data":"Infinite Blades","floor":6.0,"key":"SMITH"}],"neow_cost":"PERCENT_DAMAGE","seed_source_timestamp":0,"circlet_count":0,"master_deck":["AscendersBane","Defend_G","Defend_G","Defend_G","Defend_G","Defend_G","Strike_G","Strike_G","Strike_G","Strike_G","Strike_G","Survivor","Neutralize","Night Terror","Dodge and Roll","Infinite Blades+1","Bouncing Flask","Backflip","Backflip"],"special_seed":0,"relics":["Ring of the Snake","Golden Idol","Meat on the Bone","Darkstone Periapt"],"potions_floor_usage":[],"damage_taken":[{"damage":8.0,"enemies":"Small Slimes","floor":1.0,"turns":4.0},{"damage":0.0,"enemies":"2 Louse","floor":5.0,"turns":3.0},{"damage":1.0,"enemies":"Cultist","floor":7.0,"turns":4.0},{"damage":25.0,"enemies":"Lagavulin","floor":8.0,"turns":7.0},{"damage":0,"enemies":"Lots of Slimes","floor":10,"turns":1}],"seed_played":"-6707674503270765502","potions_obtained":[{"floor":5.0,"key":"Swift Potion"},{"floor":8.0,"key":"GamblersBrew"}],"is_trial":false,"path_per_floor":["M","?","$","?","M","R","M","E","T","M"],"character_chosen":"THE_SILENT","items_purchased":["Infinite Blades"],"campfire_rested":0,"item_purchase_floors":[3],"current_hp_per_floor":[36,36,36,36,36,36,35,10,10,10],"gold":115,"neow_bonus":"THREE_RARE_CARDS","is_prod":false,"is_daily":false,"chose_seed":false,"campfire_upgraded":1,"win_rate":0,"timestamp":1550601485,"path_taken":["M","?","$","?","M","R","M","E","T","M"],"build_version":"2019-01-23","purchased_purges":0,"victory":false,"max_hp_per_floor":[66,60,60,60,60,60,60,60,60,60],"card_choices":[{"not_picked":["Tools of the Trade","Phantasmal Killer"],"picked":"Night Terror","floor":0.0},{"not_picked":["Bane","Calculated Gamble"],"picked":"Dodge and Roll","floor":1.0},{"not_picked":["Accuracy","Slice"],"picked":"Bouncing Flask","floor":5.0},{"not_picked":["Flying Knee","Deflect"],"picked":"Backflip","floor":7.0},{"not_picked":["Sucker Punch","Dodge and Roll"],"picked":"Backflip","floor":8.0}],"player_experience":1311996,"relics_obtained":[{"floor":8.0,"key":"Meat on the Bone"},{"floor":9.0,"key":"Darkstone Periapt"}],"event_choices":[{"damage_healed":0.0,"max_hp_gain":0.0,"max_hp_loss":6.0,"gold_gain":0.0,"event_name":"Golden Idol","player_choice":"Lose Max HP","floor":2.0,"gold_loss":0.0,"damage_taken":0.0,"relics_obtained":["Golden Idol"]},{"damage_healed":0.0,"max_hp_gain":0.0,"max_hp_loss":0.0,"gold_gain":0.0,"event_name":"Golden Wing","player_choice":"Ignored","floor":4.0,"gold_loss":0.0,"damage_taken":0.0}],"is_beta":false,"boss_relics":[],"items_purged_floors":[],"is_endless":true,"potions_floor_spawned":[5,8],"killed_by":"Lots of Slimes","ascension_level":20}