{"gold_per_floor":[116,133,133,58,133,133,149,166,166,166,193,193,209,238,238,337,337,351,351,351,351,276,276,12,12,12,30,44,44,44,59,59,160,160,175,175,12,28,128,128,158,177,177,212,224,49,59,76,76,76],"floor_reached":51,"playtime":6807,"items_purged":["Defend_G","Strike_G","Defend_G"],"score":962,"play_id":"d8f16bfd-affd-45c0-ac44-ba97b6673ebf","local_time":"20190930031527","is_ascension_mode":true,"campfire_choices":[{"data":"Quick Slash","floor":6.0,"key":"SMITH"},{"data":"Dodge and Roll","floor":10.0,"key":"SMITH"},{"data":"Deadly Poison","floor":12.0,"key":"SMITH"},{"floor":15.0,"key":"REST"},{"data":"A Thousand Cuts","floor":23.0,"key":"SMITH"},{"data":"Apotheosis","floor":25.0,"key":"SMITH"},{"data":"Acrobatics","floor":30.0,"key":"SMITH"},{"data":"Footwork","floor":32.0,"key":"SMITH"},{"data":"Footwork","floor":40.0,"key":"SMITH"},{"data":"Blur","floor":49.0,"key":"SMITH"}],"neow_cost":"NONE","seed_source_timestamp":1826762328272593,"circlet_count":0,"master_deck":["Survivor","Neutralize","Quick Slash+1","PiercingWail","Deadly Poison+1","Dodge and Roll+1","Acrobatics+1","Footwork+1","A Thousand Cuts+1","Calculated Gamble+1","RitualDagger","Ghostly","Ghostly","Ghostly","Ghostly","Ghostly","Catalyst","Flying Knee","Apotheosis+1","Blur+1","Venomology","Infinite Blades","Blur+1","Backflip","Footwork+1","Blur+1","Backflip"],"special_seed":0,"relics":["Ring of the Snake","Regal Pillow","Blue Candle","Singing Bowl","Dodecahedron","Cursed Key","Empty Cage","Thread and Needle","Gremlin Horn","Meat on the Bone"],"potions_floor_usage":[50,50],"damage_taken":[{"damage":0.0,"enemies":"2 Louse","floor":1.0,"turns":4.0},{"damage":0.0,"enemies":"Jaw Worm","floor":2.0,"turns":4.0},{"damage":0.0,"enemies":"Cultist","floor":7.0,"turns":5.0},{"damage":0.0,"enemies":"Exordium Wildlife","floor":8.0,"turns":3.0},{"damage":18.0,"enemies":"Gremlin Nob","floor":11.0,"turns":4.0},{"damage":0.0,"enemies":"2 Fungi Beasts","floor":13.0,"turns":4.0},{"damage":19.0,"enemies":"Lagavulin","floor":14.0,"turns":8.0},{"damage":5.0,"enemies":"The Guardian","floor":16.0,"turns":13.0},{"damage":15.0,"enemies":"2 Thieves","floor":18.0,"turns":5.0},{"damage":0.0,"enemies":"Shell Parasite","floor":27.0,"turns":5.0},{"damage":0.0,"enemies":"Centurion and Healer","floor":28.0,"turns":6.0},{"damage":0.0,"enemies":"Sentry and Sphere","floor":31.0,"turns":8.0},{"damage":0.0,"enemies":"Automaton","floor":33.0,"turns":16.0},{"damage":0.0,"enemies":"3 Shapes","floor":35.0,"turns":5.0},{"damage":0.0,"enemies":"3 Darklings","floor":38.0,"turns":6.0},{"damage":0.0,"enemies":"Mind Bloom Boss Battle","floor":39.0,"turns":7.0},{"damage":0.0,"enemies":"Reptomancer","floor":41.0,"turns":11.0},{"damage":0.0,"enemies":"Sphere and 2 Shapes","floor":42.0,"turns":6.0},{"damage":0.0,"enemies":"Nemesis","floor":44.0,"turns":9.0},{"damage":0.0,"enemies":"Jaw Worm Horde","floor":45.0,"turns":6.0},{"damage":0.0,"enemies":"3 Darklings","floor":47.0,"turns":6.0},{"damage":0.0,"enemies":"Spire Growth","floor":48.0,"turns":7.0},{"damage":0,"enemies":"Awakened One","floor":50,"turns":27}],"seed_played":"5019465630056273288","potions_obtained":[{"floor":2.0,"key":"Weak Potion"},{"floor":7.0,"key":"Strength Potion"},{"floor":11.0,"key":"GhostInAJar"},{"floor":13.0,"key":"SkillPotion"},{"floor":16.0,"key":"FearPotion"},{"floor":18.0,"key":"AttackPotion"},{"floor":27.0,"key":"Block Potion"},{"floor":33.0,"key":"GhostInAJar"},{"floor":38.0,"key":"Swift Potion"},{"floor":48.0,"key":"EssenceOfSteel"}],"is_trial":false,"path_per_floor":["M","M","?","$","?","R","M","M","T","R","E","R","M","E","R","B",null,"M","?","?","?","?","R","$","R","T","M","M","$","R","M","R","B",null,"M","?","$","M","?","R","E","M","T","E","M","$","M","M","R","B",null],"character_chosen":"THE_SILENT","items_purchased":["Apotheosis","Blur","Backflip","Footwork","Backflip"],"campfire_rested":1,"item_purchase_floors":[24,37,37,37,46],"current_hp_per_floor":[70,70,63,63,52,52,52,52,52,52,34,34,34,17,53,48,72,57,51,36,36,36,36,36,36,36,38,40,40,40,40,40,40,40,42,42,42,44,46,46,48,50,50,52,52,52,54,56,56,56],"gold":76,"neow_bonus":"RANDOM_COMMON_RELIC","is_prod":false,"is_daily":false,"chose_seed":false,"campfire_upgraded":9,"win_rate":0,"timestamp":1569827727,"path_taken":["M","M","?","$","?","R","M","M","T","R","E","R","M","E","R","BOSS","M","?","?","?","?","R","?","R","T","M","M","$","R","M","R","BOSS","M","?","$","?","?","R","E","M","T","E","M","$","M","M","R","BOSS"],"build_version":"2019-07-17","purchased_purges":3,"victory":true,"max_hp_per_floor":[70,70,70,70,70,70,70,70,70,70,70,70,70,72,72,72,72,72,72,36,36,36,36,36,36,36,38,40,40,40,40,40,40,40,42,42,42,44,46,46,48,50,50,52,52,52,54,56,56,56],"card_choices":[{"not_picked":["Underhanded Strike","Deflect"],"picked":"Quick Slash","floor":1.0},{"not_picked":["Bane","Sucker Punch"],"picked":"PiercingWail","floor":2.0},{"not_picked":["All Out Attack","Deflect"],"picked":"Deadly Poison","floor":7.0},{"not_picked":["Prepared","Tactician"],"picked":"Dodge and Roll","floor":8.0},{"not_picked":["Accuracy","Blade Dance"],"picked":"Acrobatics","floor":11.0},{"not_picked":["Storm of Steel","Flying Knee"],"picked":"Footwork","floor":13.0},{"not_picked":["Flying Knee","Dash","Acrobatics"],"picked":"Singing Bowl","floor":14.0},{"not_picked":["Glass Knife","Corpse Explosion"],"picked":"A Thousand Cuts","floor":16.0},{"not_picked":["Bane","Blade Dance"],"picked":"Calculated Gamble+1","floor":18.0},{"not_picked":["Flying Knee","Crippling Poison","Slice"],"picked":"Singing Bowl","floor":27.0},{"not_picked":["Acrobatics","Dagger Throw","Deadly Poison"],"picked":"Singing Bowl","floor":28.0},{"not_picked":["Dagger Throw+1","Reflex+1"],"picked":"Blur+1","floor":31.0},{"not_picked":["Die Die Die","Storm of Steel"],"picked":"Venomology","floor":33.0},{"not_picked":["Outmaneuver+1","Dagger Throw","Catalyst+1"],"picked":"Singing Bowl","floor":35.0},{"not_picked":["Poisoned Stab","Sucker Punch","Quick Slash"],"picked":"Singing Bowl","floor":38.0},{"not_picked":["Riddle With Holes+1","Quick Slash+1","Dash"],"picked":"Singing Bowl","floor":39.0},{"not_picked":["Bouncing Flask","Bane+1","Dash"],"picked":"Singing Bowl","floor":41.0},{"not_picked":["Accuracy+1","Dash+1","Envenom"],"picked":"Singing Bowl","floor":42.0},{"not_picked":["Expertise","Dodge and Roll","Footwork"],"picked":"Singing Bowl","floor":44.0},{"not_picked":["Quick Slash+1","Dagger Throw+1"],"picked":"Blur+1","floor":45.0},{"not_picked":["Bane","Slice","Acrobatics"],"picked":"Singing Bowl","floor":47.0},{"not_picked":["Backstab+1","Blade Dance","Dagger Throw+1"],"picked":"Singing Bowl","floor":48.0}],"player_experience":539644,"relics_obtained":[{"floor":9.0,"key":"Blue Candle"},{"floor":11.0,"key":"Singing Bowl"},{"floor":14.0,"key":"Dodecahedron"},{"floor":39.0,"key":"Thread and Needle"},{"floor":41.0,"key":"Gremlin Horn"},{"floor":44.0,"key":"Meat on the Bone"}],"event_choices":[{"cards_removed":["Strike_G"],"damage_healed":0.0,"max_hp_gain":0.0,"max_hp_loss":0.0,"gold_gain":0.0,"event_name":"Golden Wing","player_choice":"Card Removal","floor":3.0,"gold_loss":0.0,"damage_taken":7.0},{"damage_healed":0.0,"max_hp_gain":0.0,"max_hp_loss":0.0,"gold_gain":75.0,"event_name":"World of Goop","player_choice":"Gather Gold","floor":5.0,"gold_loss":0.0,"damage_taken":11.0},{"damage_healed":0.0,"max_hp_gain":0.0,"max_hp_loss":0.0,"gold_gain":0.0,"event_name":"Nest","player_choice":"Joined the Cult","floor":19.0,"gold_loss":0.0,"damage_taken":6.0,"cards_obtained":["RitualDagger"]},{"damage_healed":0.0,"max_hp_gain":0.0,"max_hp_loss":36.0,"gold_gain":0.0,"event_name":"Ghosts","player_choice":"Became a Ghost","floor":20.0,"gold_loss":0.0,"damage_taken":0.0,"cards_obtained":["Ghostly","Ghostly","Ghostly","Ghostly","Ghostly"]},{"damage_healed":0.0,"max_hp_gain":0.0,"max_hp_loss":0.0,"gold_gain":0.0,"cards_transformed":["Strike_G","Strike_G"],"event_name":"Drug Dealer","player_choice":"Became Test Subject","floor":21.0,"gold_loss":0.0,"damage_taken":0.0,"cards_obtained":["Catalyst","Flying Knee"]},{"cards_removed":["Strike_G"],"damage_healed":0.0,"max_hp_gain":0.0,"max_hp_loss":0.0,"gold_gain":0.0,"event_name":"Beggar","player_choice":"Gave Gold","floor":22.0,"gold_loss":75.0,"damage_taken":0.0},{"damage_healed":0.0,"max_hp_gain":0.0,"max_hp_loss":0.0,"gold_gain":0.0,"cards_transformed":["Defend_G"],"event_name":"Transmorgrifier","player_choice":"Transformed","floor":36.0,"gold_loss":0.0,"damage_taken":0.0,"cards_obtained":["Infinite Blades"]},{"damage_healed":0.0,"max_hp_gain":0.0,"max_hp_loss":0.0,"gold_gain":0.0,"event_name":"MindBloom","player_choice":"Fight","floor":39.0,"gold_loss":0.0,"damage_taken":0.0}],"is_beta":false,"boss_relics":[{"not_picked":["Orrery","Runic Pyramid"],"picked":"Cursed Key"},{"not_picked":["Velvet Choker","Coffee Dripper"],"picked":"Empty Cage"}],"items_purged_floors":[4,24,46],"is_endless":false,"potions_floor_spawned":[2,7,11,13,16,18,27,33,38,42,44,48],"ascension_level":3}