{"gold_per_floor":[114,64,82,82,96,124,124,124,124,124,139,139,155,115,115,189,189,209,228,228],"floor_reached":20,"playtime":1008,"items_purged":[],"score":296,"play_id":"ff7d757d-b532-4e87-a5da-52f64a676ff3","local_time":"20180930011510","is_ascension_mode":true,"campfire_choices":[{"data":"Rainbow","floor":8,"key":"SMITH"},{"data":"Defragment","floor":10,"key":"SMITH"},{"data":"Genetic Algorithm","floor":12,"key":"SMITH"},{"floor":15,"key":"REST"}],"neow_cost":"NONE","seed_source_timestamp":59726969354386,"circlet_count":0,"master_deck":["Strike_B","Strike_B","Strike_B","Defend_B","Defend_B","Defend_B","Zap","Dualcast","AscendersBane","Rainbow+1","Defragment+1","Auto Shields","Leap","Genetic Algorithm+1","Creative AI","Compile Driver+1"],"relics":["Cracked Core","Gremlin Horn","Ancient Tea Set","Ornamental Fan","Snecko Eye"],"potions_floor_usage":[6,6,16,16,16,19],"damage_taken":[{"damage":0,"enemies":"2 Louse","floor":1,"turns":1},{"damage":3,"enemies":"Small Slimes","floor":3,"turns":5},{"damage":0,"enemies":"Cultist","floor":5,"turns":4},{"damage":24,"enemies":"Gremlin Nob","floor":6,"turns":4},{"damage":9,"enemies":"Looter","floor":11,"turns":3},{"damage":4,"enemies":"Blue Slaver","floor":13,"turns":2},{"damage":32,"enemies":"The Guardian","floor":16,"turns":12},{"damage":20,"enemies":"Spheric Guardian","floor":18,"turns":4},{"damage":26,"enemies":"Shell Parasite","floor":19,"turns":7},{"damage":14,"enemies":"Chosen and Byrds","floor":20,"turns":4}],"seed_played":"635785754180164718","potions_obtained":[{"floor":1,"key":"Poison Potion"},{"floor":5,"key":"AttackPotion"},{"floor":11,"key":"EssenceOfSteel"},{"floor":14,"key":"EntropicBrew"}],"is_trial":false,"path_per_floor":["M","?","M","?","M","E","T","R","T","R","M","R","M","?","R","B",null,"M","M"],"character_chosen":"DEFECT","items_purchased":[],"campfire_rested":1,"item_purchase_floors":[],"current_hp_per_floor":[64,64,61,61,61,37,37,37,37,37,28,28,24,24,45,13,57,37,11,0],"gold":228,"neow_bonus":"TRANSFORM_CARD","is_prod":false,"is_daily":false,"chose_seed":false,"campfire_upgraded":3,"win_rate":0,"timestamp":1538262910,"path_taken":["M","?","M","?","M","E","?","R","T","R","M","R","M","?","R","BOSS","M","M","M"],"build_version":"2018-09-27","purchased_purges":0,"victory":false,"max_hp_per_floor":[71,71,71,71,71,71,71,71,71,71,71,71,71,71,71,71,71,71,71,71],"card_choices":[{"not_picked":["Lockon","Steam Power"],"picked":"Defragment","floor":1},{"not_picked":["Sweeping Beam","Rebound"],"picked":"Auto Shields","floor":3},{"not_picked":["Compile Driver","Coolheaded"],"picked":"Leap","floor":5},{"not_picked":["Stack","Skim","Ball Lightning"],"picked":"SKIP","floor":6},{"not_picked":["Stack","Hologram"],"picked":"Genetic Algorithm","floor":11},{"not_picked":["Leap","Redo","Rebound"],"picked":"SKIP","floor":13},{"not_picked":["Core Surge","Reboot"],"picked":"Creative AI","floor":16},{"not_picked":["BootSequence","Fusion","Conserve Battery"],"picked":"SKIP","floor":18},{"not_picked":["Redo","Stack"],"picked":"Compile Driver+1","floor":19}],"player_experience":561656,"relics_obtained":[{"floor":6,"key":"Gremlin Horn"},{"floor":7,"key":"Ancient Tea Set"},{"floor":9,"key":"Ornamental Fan"}],"event_choices":[{"event_name":"The Cleric","player_choice":"Card Removal","floor":2,"damage_taken":0},{"event_name":"Golden Wing","player_choice":"Ignored","floor":4,"damage_taken":0},{"event_name":"The Woman in Blue","player_choice":"Bought 3 Potions","floor":14,"damage_taken":0}],"is_beta":true,"boss_relics":[{"not_picked":["Coffee Dripper","Runic Dome"],"picked":"Snecko Eye"}],"items_purged_floors":[],"is_endless":false,"potions_floor_spawned":[1,5,11],"killed_by":"Chosen and Byrds","ascension_level":14}