{"gold_per_floor":[116,116,129,129,91,116,116,116,116,141,160,160,180,196,196,286,286,309,309,334,86,11,11,11],"floor_reached":24,"playtime":905,"items_purged":[],"score":376,"play_id":"6e1522dc-5044-4c95-aedd-d5b245e7e570","local_time":"20181106011506","is_ascension_mode":true,"campfire_choices":[{"data":"1","floor":12,"key":"LIFT"},{"data":"2","floor":15,"key":"LIFT"},{"data":"3","floor":23,"key":"LIFT"}],"neow_cost":"NONE","seed_source_timestamp":15552718774347,"circlet_count":0,"master_deck":["AscendersBane","Defend_G","Defend_G","Defend_G","Defend_G+1","Defend_G","Strike_G","Strike_G","Strike_G","Strike_G","Survivor+1","Neutralize","Deadly Poison","Dagger Throw","Infinite Blades","Skewer","Backstab","Cloak And Dagger","Cloak And Dagger","Corpse Explosion","Backflip"],"relics":["Ring of the Snake","NeowsBlessing","Girya","Golden Idol","Ninja Scroll","WristBlade","MutagenicStrength","Matryoshka"],"potions_floor_usage":[24],"damage_taken":[{"damage":0,"enemies":"Cultist","floor":1,"turns":1},{"damage":0,"enemies":"Small Slimes","floor":3,"turns":1},{"damage":0,"enemies":"3 Sentries","floor":6,"turns":2},{"damage":0,"enemies":"2 Louse","floor":10,"turns":1},{"damage":0,"enemies":"Looter","floor":11,"turns":2},{"damage":1,"enemies":"Exordium Wildlife","floor":13,"turns":3},{"damage":0,"enemies":"2 Fungi Beasts","floor":14,"turns":1},{"damage":35,"enemies":"Slime Boss","floor":16,"turns":13},{"damage":0,"enemies":"2 Thieves","floor":18,"turns":1},{"damage":7,"enemies":"3 Byrds","floor":20,"turns":5},{"damage":41,"enemies":"Gremlin Leader","floor":24,"turns":3}],"seed_played":"9134431157347877362","potions_obtained":[{"floor":6,"key":"Ancient Potion"},{"floor":10,"key":"Ancient Potion"},{"floor":18,"key":"SkillPotion"}],"is_trial":false,"path_per_floor":["M","?","M","?","$","E","?","?","T","M","M","R","M","M","R","B",null,"M","?","M","$","?","R","E"],"character_chosen":"THE_SILENT","items_purchased":["Infinite Blades","Matryoshka"],"campfire_rested":0,"item_purchase_floors":[5,21],"current_hp_per_floor":[59,59,59,52,52,52,52,40,40,40,40,40,39,39,39,4,47,47,47,40,40,40,40,0],"gold":11,"neow_bonus":"THREE_ENEMY_KILL","is_prod":false,"is_daily":false,"chose_seed":false,"campfire_upgraded":0,"win_rate":0,"timestamp":1541463306,"path_taken":["M","?","?","?","$","E","?","?","T","M","?","R","M","M","R","BOSS","M","?","M","$","?","R","E"],"build_version":"2018-11-02","purchased_purges":0,"victory":false,"max_hp_per_floor":[66,66,66,66,66,66,61,61,61,61,61,61,61,61,61,61,61,61,61,61,61,61,61,61],"card_choices":[{"not_picked":["Distraction","Quick Slash"],"picked":"Deadly Poison","floor":1},{"not_picked":["Eviscerate","Prepared"],"picked":"Dagger Throw","floor":3},{"not_picked":["Phantasmal Killer","Dagger Throw"],"picked":"Skewer","floor":6},{"not_picked":["Leg Sweep","Prepared"],"picked":"Backstab","floor":10},{"not_picked":["Slice","Deflect","Setup"],"picked":"SKIP","floor":11},{"not_picked":["Tactician","PiercingWail"],"picked":"Cloak And Dagger","floor":13},{"not_picked":["Concentrate","Bane"],"picked":"Cloak And Dagger","floor":14},{"not_picked":["Grand Finale","Envenom"],"picked":"Corpse Explosion","floor":16},{"not_picked":["Underhanded Strike","Tactician"],"picked":"Backflip","floor":18},{"not_picked":["Setup","Reflex","Prepared"],"picked":"SKIP","floor":20}],"player_experience":754195,"relics_obtained":[{"floor":6,"key":"Girya"},{"floor":9,"key":"Ninja Scroll"}],"event_choices":[{"damage_healed":0,"gold_gain":0,"player_choice":"Cursed","damage_taken":0,"max_hp_gain":0,"max_hp_loss":0,"event_name":"Wheel of Change","floor":2,"gold_loss":0,"cards_obtained":["Decay"]},{"cards_removed":["Strike_G"],"damage_healed":0,"gold_gain":0,"player_choice":"Card Removal","damage_taken":7,"max_hp_gain":0,"max_hp_loss":0,"event_name":"Golden Wing","floor":4,"gold_loss":0},{"damage_healed":0,"gold_gain":0,"player_choice":"Lose Max HP","damage_taken":0,"relics_obtained":["Golden Idol"],"max_hp_gain":0,"max_hp_loss":5,"event_name":"Golden Idol","floor":7,"gold_loss":0},{"damage_healed":0,"gold_gain":0,"player_choice":"Entered Light","damage_taken":12,"max_hp_gain":0,"max_hp_loss":0,"event_name":"Shining Light","floor":8,"gold_loss":0,"cards_upgraded":["Defend_G","Survivor"]},{"damage_healed":0,"gold_gain":0,"player_choice":"Inject Mutagens","damage_taken":0,"relics_obtained":["MutagenicStrength"],"max_hp_gain":0,"max_hp_loss":0,"event_name":"Drug Dealer","floor":19,"gold_loss":0},{"cards_removed":["Decay"],"damage_healed":0,"gold_gain":0,"player_choice":"Gave Gold","damage_taken":0,"max_hp_gain":0,"max_hp_loss":0,"event_name":"Beggar","floor":22,"gold_loss":75}],"is_beta":true,"boss_relics":[{"not_picked":["Runic Dome","Orrery"],"picked":"WristBlade"}],"items_purged_floors":[],"is_endless":false,"potions_floor_spawned":[6,10,13,14,18],"killed_by":"Gremlin Leader","ascension_level":14}