{"gold_per_floor":[115,131,142,152,152,152,184,196,223,243,273,283,283,283,283,357,357,373,373,383,383,383,410,410,277,277,296,296,307,146,146],"floor_reached":31,"playtime":1046,"items_purged":[],"score":514,"play_id":"fb741607-d934-4ce6-9a71-bb8b1e7d0441","local_time":"20190130181418","is_ascension_mode":true,"campfire_choices":[{"data":"Electrodynamics","floor":6,"key":"SMITH"},{"floor":13,"key":"REST"},{"data":"Defragment","floor":15,"key":"SMITH"},{"floor":24,"key":"REST"},{"data":"Fission","floor":28,"key":"SMITH"}],"neow_cost":"PERCENT_DAMAGE","seed_source_timestamp":28562329074295,"circlet_count":0,"master_deck":["AscendersBane","Strike_B+1","Strike_B+1","Strike_B+1","Strike_B+1","Defend_B+1","Defend_B+1","Defend_B+1","Defend_B+1","Zap","Dualcast","Electrodynamics+1","Glacier","White Noise","Compile Driver","Cold Snap","Defragment+1","Chill","Steam","Fission+1","Sweeping Beam","hubris:Prefetch"],"relics":["Cracked Core","hubris:SlimyHat","hubris:BallOfYels","Snecko Eye","Torii","Vajra","Pear","DataDisk"],"potions_floor_usage":[7,12,31],"damage_taken":[{"damage":0,"enemies":"Cultist","floor":1,"turns":3},{"damage":0,"enemies":"Small Slimes","floor":2,"turns":2},{"damage":0,"enemies":"2 Louse","floor":3,"turns":3},{"damage":1,"enemies":"Large Slime","floor":4,"turns":4},{"damage":39,"enemies":"Gremlin Nob","floor":7,"turns":4},{"damage":18,"enemies":"3 Louse","floor":8,"turns":2},{"damage":10,"enemies":"Looter","floor":10,"turns":3},{"damage":8,"enemies":"2 Fungi Beasts","floor":12,"turns":3},{"damage":16,"enemies":"The Guardian","floor":16,"turns":9},{"damage":21,"enemies":"Chosen","floor":18,"turns":8},{"damage":19,"enemies":"Shell Parasite","floor":20,"turns":3},{"damage":18,"enemies":"Slavers","floor":23,"turns":2},{"damage":1,"enemies":"Snake Plant","floor":27,"turns":4},{"damage":31,"enemies":"Chosen and Byrds","floor":29,"turns":4},{"damage":1,"enemies":"Book of Stabbing","floor":31,"turns":4}],"seed_played":"-8201194488872335590","potions_obtained":[{"floor":3,"key":"Dexterity Potion"},{"floor":4,"key":"Swift Potion"},{"floor":7,"key":"Fruit Juice"},{"floor":12,"key":"GamblersBrew"}],"is_trial":false,"path_per_floor":["M","M","M","M","?","R","E","M","T","M","?","M","R","?","R","B",null,"M","?","M","?","?","E","R","?","T","M","R","M","$","E"],"character_chosen":"DEFECT","items_purchased":["DataDisk"],"campfire_rested":2,"item_purchase_floors":[30],"current_hp_per_floor":[46,46,46,45,71,71,32,14,14,4,4,1,23,23,23,7,59,38,38,19,19,19,1,23,23,33,32,32,1,1,0],"gold":146,"neow_bonus":"THREE_RARE_CARDS","is_prod":false,"is_daily":false,"chose_seed":false,"campfire_upgraded":3,"win_rate":0,"timestamp":1548868458,"path_taken":["M","?","M","M","?","R","E","M","T","?","?","M","R","?","R","BOSS","M","?","M","?","?","E","R","?","T","?","R","M","$","E"],"build_version":"2019-01-23","purchased_purges":0,"victory":false,"max_hp_per_floor":[71,71,71,71,71,71,71,71,71,71,71,76,76,76,76,76,76,76,76,76,76,76,76,76,76,86,86,86,86,86,86],"card_choices":[{"not_picked":["Multi-Cast","hubris:Prefetch"],"picked":"Electrodynamics","floor":0},{"not_picked":["Go for the Eyes","Steam"],"picked":"Reinforced Body","floor":1},{"not_picked":["Genetic Algorithm","Compile Driver"],"picked":"Glacier","floor":2},{"not_picked":["Stack","BootSequence"],"picked":"White Noise","floor":3},{"not_picked":["Go for the Eyes","Steam"],"picked":"Compile Driver","floor":4},{"not_picked":["Hyperbeam","Storm"],"picked":"Cold Snap","floor":7},{"not_picked":["Steam Power","Darkness"],"picked":"Defragment","floor":8},{"not_picked":["BootSequence","Reinforced Body"],"picked":"Chill","floor":10},{"not_picked":["Heatsinks","Consume"],"picked":"Steam","floor":12},{"not_picked":["hubris:SpecializedCircuitry","Multi-Cast"],"picked":"Fission","floor":16},{"not_picked":["Streamline+1","Steam","Leap+1"],"picked":"SKIP","floor":18},{"not_picked":["Hologram","Darkness"],"picked":"Sweeping Beam","floor":20},{"not_picked":["Skim","Streamline","Rip and Tear"],"picked":"SKIP","floor":23},{"not_picked":["Hello World","Scrape+1"],"picked":"hubris:Prefetch","floor":27},{"not_picked":["Loop","Sweeping Beam","Conserve Battery"],"picked":"SKIP","floor":29}],"player_experience":1183244,"relics_obtained":[{"floor":7,"key":"hubris:SlimyHat"},{"floor":9,"key":"hubris:BallOfYels"},{"floor":23,"key":"Torii"},{"floor":26,"key":"Pear"}],"event_choices":[{"cards_removed":["Reinforced Body"],"damage_healed":26,"gold_gain":0,"player_choice":"Offered Uncommon","damage_taken":0,"max_hp_gain":0,"max_hp_loss":0,"event_name":"Bonfire Elementals","floor":5,"gold_loss":0},{"damage_healed":0,"gold_gain":30,"player_choice":"Searched \u00271\u0027 times","damage_taken":0,"max_hp_gain":0,"max_hp_loss":0,"event_name":"Dead Adventurer","floor":11,"gold_loss":0},{"damage_healed":0,"gold_gain":0,"player_choice":"Ignored","damage_taken":0,"max_hp_gain":0,"max_hp_loss":0,"event_name":"Shining Light","floor":14,"gold_loss":0},{"damage_healed":0,"gold_gain":0,"player_choice":"Simplicity","damage_taken":0,"max_hp_gain":0,"max_hp_loss":0,"event_name":"Back to Basics","floor":19,"gold_loss":0,"cards_upgraded":["Strike_B","Strike_B","Strike_B","Strike_B","Defend_B","Defend_B","Defend_B","Defend_B"]},{"damage_healed":0,"gold_gain":0,"player_choice":"Ignored","damage_taken":0,"max_hp_gain":0,"max_hp_loss":0,"event_name":"Cursed Tome","floor":21,"gold_loss":0},{"damage_healed":0,"gold_gain":0,"player_choice":"Paid Gold","damage_taken":0,"relics_obtained":["Vajra"],"max_hp_gain":0,"max_hp_loss":0,"event_name":"WeMeetAgain","floor":25,"gold_loss":133}],"is_beta":false,"boss_relics":[{"not_picked":["hubris:VirtuousBlindfold","Orrery"],"picked":"Snecko Eye"}],"items_purged_floors":[],"is_endless":false,"potions_floor_spawned":[3,4,7,12,16,27],"killed_by":"Book of Stabbing","ascension_level":20}