{"gold_per_floor":[110,73,87,87,101,130,130,130,154,0,0,0,17,50,50,128,128,139,59,59,89,99,99,99],"floor_reached":24,"playtime":1048,"items_purged":["Strike_R"],"score":404,"play_id":"cfaad870-dc93-48e5-a3c0-412f256da9c1","local_time":"20190904000114","is_ascension_mode":true,"campfire_choices":[{"data":"Anger","floor":7,"key":"SMITH"},{"data":"Armaments","floor":12,"key":"SMITH"},{"data":"Uppercut","floor":15,"key":"SMITH"},{"floor":23,"key":"REST"}],"neow_cost":"NONE","seed_source_timestamp":228033092788519,"circlet_count":0,"master_deck":["AscendersBane","Strike_R","Strike_R","Strike_R","Defend_R","Defend_R","Defend_R","Defend_R","Bash+1","Shrug It Off","Pummel","Anger+1","Iron Wave","Clothesline","Armaments+1","Uppercut+1","Shockwave","Corruption","Dual Wield","Sentinel","Second Wind","Disarm","RitualDagger","Body Slam"],"relics":["Burning Blood","NeowsBlessing","Blood Vial","Kunai","Bronze Scales","Vajra","Orrery","Red Mask"],"potions_floor_usage":[21,21,24],"damage_taken":[{"damage":0,"enemies":"Cultist","floor":1,"turns":1},{"damage":0,"enemies":"2 Louse","floor":3,"turns":1},{"damage":0,"enemies":"Small Slimes","floor":5,"turns":1},{"damage":49,"enemies":"3 Sentries","floor":6,"turns":13},{"damage":0,"enemies":"Looter","floor":13,"turns":3},{"damage":20,"enemies":"Lagavulin","floor":14,"turns":7},{"damage":16,"enemies":"Hexaghost","floor":16,"turns":9},{"damage":34,"enemies":"Spheric Guardian","floor":18,"turns":6},{"damage":43,"enemies":"Masked Bandits","floor":21,"turns":6},{"damage":0,"enemies":"3 Byrds","floor":22,"turns":3},{"damage":43,"enemies":"Gremlin Leader","floor":24,"turns":4}],"seed_played":"6379521596096834633","potions_obtained":[{"floor":3,"key":"BloodPotion"},{"floor":6,"key":"FearPotion"},{"floor":21,"key":"Weak Potion"},{"floor":22,"key":"PowerPotion"}],"is_trial":false,"path_per_floor":["M","$","M","?","M","E","R","?","T","$","?","R","M","E","R","B",null,"M","$","?","?","M","R","E"],"character_chosen":"IRONCLAD","items_purchased":["Pummel","Clothesline","Armaments","Disarm"],"campfire_rested":1,"item_purchase_floors":[2,10,10,19],"current_hp_per_floor":[74,74,75,75,75,32,32,27,27,27,20,20,28,16,16,8,58,32,32,26,9,17,39,0],"gold":99,"neow_bonus":"THREE_ENEMY_KILL","is_prod":false,"is_daily":false,"chose_seed":false,"campfire_upgraded":3,"win_rate":0,"timestamp":1567548074,"path_taken":["M","?","?","?","M","E","R","?","T","$","?","R","M","E","R","BOSS","M","$","?","?","M","R","E"],"build_version":"2019-07-17","purchased_purges":1,"victory":false,"max_hp_per_floor":[75,75,75,75,75,75,75,75,75,75,75,75,75,75,75,75,75,75,75,75,75,75,75,75],"card_choices":[{"not_picked":["Clash","Warcry"],"picked":"Shrug It Off","floor":1},{"not_picked":["True Grit","Evolve"],"picked":"Anger","floor":3},{"not_picked":["Entrench","Second Wind","Bloodletting"],"picked":"SKIP","floor":5},{"not_picked":["Wild Strike","Shrug It Off"],"picked":"Iron Wave","floor":6},{"not_picked":["Twin Strike","Clothesline","Hemokinesis"],"picked":"SKIP","floor":13},{"not_picked":["Barricade","Twin Strike"],"picked":"Uppercut","floor":14},{"not_picked":["Armaments","Dropkick"],"picked":"Shockwave","floor":17},{"not_picked":["Wild Strike","Clash"],"picked":"Corruption","floor":17},{"not_picked":["Headbutt","Combust"],"picked":"Dual Wield","floor":17},{"not_picked":["Havoc","Combust"],"picked":"Sentinel","floor":17},{"not_picked":["Warcry","Headbutt"],"picked":"Second Wind","floor":17},{"not_picked":["Fire Breathing+1","Thunderclap","Wild Strike"],"picked":"SKIP","floor":18},{"not_picked":["Corruption","Rupture"],"picked":"Body Slam","floor":22}],"player_experience":2004511,"relics_obtained":[{"floor":6,"key":"Blood Vial"},{"floor":9,"key":"Bronze Scales"},{"floor":14,"key":"Vajra"},{"floor":21,"key":"Red Mask"}],"event_choices":[{"damage_healed":0,"gold_gain":0,"player_choice":"Grow","damage_taken":0,"max_hp_gain":0,"max_hp_loss":0,"event_name":"Living Wall","floor":4,"gold_loss":0,"cards_upgraded":["Bash"]},{"damage_healed":0,"gold_gain":0,"player_choice":"Success","damage_taken":5,"relics_obtained":["Kunai"],"max_hp_gain":0,"max_hp_loss":0,"event_name":"Scrap Ooze","floor":8,"gold_loss":0},{"cards_removed":["Strike_R"],"damage_healed":0,"gold_gain":0,"player_choice":"Card Removal","damage_taken":7,"max_hp_gain":0,"max_hp_loss":0,"event_name":"Golden Wing","floor":11,"gold_loss":0},{"damage_healed":0,"gold_gain":0,"player_choice":"Joined the Cult","damage_taken":6,"max_hp_gain":0,"max_hp_loss":0,"event_name":"Nest","floor":20,"gold_loss":0,"cards_obtained":["RitualDagger"]},{"damage_healed":0,"gold_gain":0,"player_choice":"Fought Bandits","damage_taken":0,"max_hp_gain":0,"max_hp_loss":0,"event_name":"Masked Bandits","floor":21,"gold_loss":0}],"is_beta":false,"boss_relics":[{"not_picked":["Empty Cage","Calling Bell"],"picked":"Orrery"}],"items_purged_floors":[10],"is_endless":false,"potions_floor_spawned":[3,6,21,22],"killed_by":"Gremlin Leader","ascension_level":20}