{"gold_per_floor":[110,185,23,23,33,33,59,59,59,79,104,115,133,150,150,150],"floor_reached":16,"playtime":545,"items_purged":[],"score":224,"play_id":"8b739cb1-3b30-4ec4-ac0d-effdfb7feed3","local_time":"20190516084726","is_ascension_mode":true,"campfire_choices":[{"data":"Bash","floor":6.0,"key":"SMITH"},{"floor":8.0,"key":"REST"},{"data":"Disarm","floor":15,"key":"SMITH"}],"neow_cost":"NONE","seed_source_timestamp":0,"circlet_count":0,"master_deck":["AscendersBane","Strike_R","Strike_R","Strike_R","Strike_R","Defend_R","Defend_R","Defend_R","Defend_R","Bash+1","Double Tap","Pommel Strike","Thunderclap","Disarm+1","Combust","Sword Boomerang","Rampage","Whirlwind","Shrug It Off"],"special_seed":0,"relics":["Burning Blood","PreservedInsect","Shuriken","Dodecahedron","Calipers"],"potions_floor_usage":[13,14,16],"damage_taken":[{"damage":6.0,"enemies":"2 Louse","floor":1.0,"turns":3.0},{"damage":9.0,"enemies":"Jaw Worm","floor":5.0,"turns":5.0},{"damage":25.0,"enemies":"Lagavulin","floor":7.0,"turns":6.0},{"damage":8.0,"enemies":"Small Slimes","floor":10.0,"turns":4.0},{"damage":23.0,"enemies":"3 Sentries","floor":11.0,"turns":5.0},{"damage":25.0,"enemies":"3 Louse","floor":12.0,"turns":3.0},{"damage":13,"enemies":"Blue Slaver","floor":13,"turns":4},{"damage":0,"enemies":"Gremlin Gang","floor":14,"turns":1},{"damage":24,"enemies":"The Guardian","floor":16,"turns":9}],"seed_played":"-7866196694747683750","potions_obtained":[{"floor":10.0,"key":"Regen Potion"},{"floor":12.0,"key":"SkillPotion"},{"floor":13,"key":"SneckoOil"}],"is_trial":false,"path_per_floor":["M","?","$","?","M","R","E","R","T","M","E","M","M","M","R","B"],"character_chosen":"IRONCLAD","items_purchased":["PreservedInsect"],"campfire_rested":1,"item_purchase_floors":[3],"current_hp_per_floor":[68,57,57,50,47,47,28,50,50,48,31,12,17,23,23,0],"gold":150,"neow_bonus":"ONE_RANDOM_RARE_CARD","is_prod":false,"is_daily":false,"chose_seed":false,"campfire_upgraded":2,"win_rate":0,"timestamp":1557989246,"path_taken":["M","?","$","?","M","R","E","R","T","M","E","M","M","M","R","BOSS"],"build_version":"2019-01-23","purchased_purges":0,"victory":false,"max_hp_per_floor":[75,75,75,75,75,75,75,75,75,75,75,75,75,75,75,75],"card_choices":[{"not_picked":["Evolve","Shrug It Off"],"picked":"Pommel Strike","floor":1.0},{"not_picked":["Pommel Strike","Havoc"],"picked":"Thunderclap","floor":5.0},{"not_picked":["Metallicize","Twin Strike"],"picked":"Disarm","floor":7.0},{"not_picked":["Clash","True Grit"],"picked":"Combust","floor":10.0},{"not_picked":["Rupture","Thunderclap"],"picked":"Sword Boomerang","floor":11.0},{"not_picked":["Headbutt","Seeing Red"],"picked":"Rampage","floor":12.0},{"not_picked":["Pommel Strike","Intimidate"],"picked":"Whirlwind","floor":13},{"not_picked":["True Grit","Armaments"],"picked":"Shrug It Off","floor":14}],"player_experience":1691002,"relics_obtained":[{"floor":7.0,"key":"Shuriken"},{"floor":9.0,"key":"Dodecahedron"},{"floor":11.0,"key":"Calipers"}],"event_choices":[{"damage_healed":0.0,"max_hp_gain":0.0,"max_hp_loss":0.0,"gold_gain":75.0,"event_name":"World of Goop","player_choice":"Gather Gold","floor":2.0,"gold_loss":0.0,"damage_taken":11.0},{"cards_removed":["Strike_R"],"damage_healed":0.0,"max_hp_gain":0.0,"max_hp_loss":0.0,"gold_gain":0.0,"event_name":"Golden Wing","player_choice":"Card Removal","floor":4.0,"gold_loss":0.0,"damage_taken":7.0}],"is_beta":false,"boss_relics":[],"items_purged_floors":[],"is_endless":false,"potions_floor_spawned":[10,12,13],"killed_by":"The Guardian","ascension_level":20}