{"gold_per_floor":[15,90,103,103,117,117,148,148,175,175,192,192,224,224,224,325,325,338,351,351,276,276,276,308,328,628,644,444,473,473,487,487,487],"floor_reached":33,"playtime":1173,"items_purged":["Strike_R","Defend_R"],"score":469,"play_id":"2519150d-ab8e-4fc7-b1ec-e114b0f8a5f4","local_time":"20180928125344","is_ascension_mode":true,"campfire_choices":[{"data":"Whirlwind","floor":6,"key":"SMITH"},{"floor":8,"key":"REST"},{"data":"Rampage","floor":12,"key":"SMITH"},{"data":"Searing Blow","floor":15,"key":"SMITH"},{"data":"Searing Blow+1","floor":23,"key":"SMITH"},{"data":"Searing Blow+2","floor":30,"key":"SMITH"},{"floor":32,"key":"REST"}],"neow_cost":"NO_GOLD","seed_source_timestamp":15083241799954,"circlet_count":0,"master_deck":["Strike_R","Strike_R","Strike_R","Defend_R","Defend_R","Bash+1","AscendersBane","Thunderclap","Whirlwind+1","Pommel Strike","Rampage+1","Searing Blow+3","Impervious"],"relics":["Burning Blood","Pen Nib","Prayer Wheel","Orichalcum","Art of War","Busted Crown","MutagenicStrength","Juzu Bracelet","Old Coin","Mercury Hourglass"],"potions_floor_usage":[16,33],"damage_taken":[{"damage":7,"enemies":"Jaw Worm","floor":1,"turns":3},{"damage":15,"enemies":"Cultist","floor":3,"turns":5},{"damage":3,"enemies":"2 Louse","floor":5,"turns":3},{"damage":40,"enemies":"3 Sentries","floor":7,"turns":6},{"damage":11,"enemies":"Looter","floor":11,"turns":3},{"damage":20,"enemies":"Gremlin Nob","floor":13,"turns":4},{"damage":39,"enemies":"The Guardian","floor":16,"turns":10},{"damage":21,"enemies":"2 Thieves","floor":18,"turns":3},{"damage":5,"enemies":"Spheric Guardian","floor":19,"turns":3},{"damage":16,"enemies":"Gremlin Leader","floor":24,"turns":4},{"damage":8,"enemies":"Centurion and Healer","floor":25,"turns":4},{"damage":18,"enemies":"Cultist and Chosen","floor":27,"turns":5},{"damage":38,"enemies":"Slavers","floor":29,"turns":4},{"damage":6,"enemies":"Chosen and Byrds","floor":31,"turns":2},{"damage":97,"enemies":"Champ","floor":33,"turns":7}],"seed_played":"5557462358010388853","potions_obtained":[{"floor":3,"key":"SpeedPotion"},{"floor":7,"key":"GamblersBrew"},{"floor":13,"key":"Regen Potion"},{"floor":18,"key":"SpeedPotion"}],"is_trial":false,"path_per_floor":["M","?","M","?","M","R","E","R","T","?","M","R","E","?","R","B",null,"M","M","?","$","?","R","E","M","T","M","$","E","R","M","R"],"character_chosen":"IRONCLAD","items_purchased":["FairyPotion"],"campfire_rested":2,"item_purchase_floors":[28],"current_hp_per_floor":[71,60,51,39,42,42,8,32,32,32,27,27,13,39,39,21,65,50,51,77,77,77,77,67,65,65,53,53,21,21,21,45,0],"gold":487,"neow_bonus":"REMOVE_TWO","is_prod":false,"is_daily":false,"chose_seed":false,"campfire_upgraded":5,"win_rate":0,"timestamp":1538132024,"path_taken":["M","?","M","?","M","R","E","R","T","?","M","R","E","?","R","BOSS","M","M","?","$","?","R","E","M","T","M","$","E","R","M","R","BOSS"],"build_version":"2018-09-27","purchased_purges":2,"victory":false,"max_hp_per_floor":[80,80,80,80,80,80,80,80,80,80,80,80,80,80,80,80,80,80,80,80,80,80,80,80,80,80,80,80,80,80,80,80,80],"card_choices":[{"not_picked":["Armaments","Dropkick","Warcry"],"picked":"SKIP","floor":1},{"not_picked":["Havoc","Twin Strike"],"picked":"Thunderclap","floor":3},{"not_picked":["Reckless Charge","Sever Soul"],"picked":"Whirlwind","floor":5},{"not_picked":["Shockwave","Fiend Fire"],"picked":"Pommel Strike","floor":7},{"not_picked":["Thunderclap","Heavy Blade"],"picked":"Rampage","floor":11},{"not_picked":["Clash","Twin Strike","Thunderclap"],"picked":"SKIP","floor":11},{"not_picked":["Warcry","Headbutt"],"picked":"Searing Blow","floor":13},{"not_picked":["Limit Break","Barricade"],"picked":"Impervious","floor":16},{"not_picked":["Seeing Red"],"picked":"SKIP","floor":18},{"not_picked":["Rupture"],"picked":"SKIP","floor":18},{"not_picked":["Spot Weakness"],"picked":"SKIP","floor":19},{"not_picked":["Ghostly Armor"],"picked":"SKIP","floor":19},{"not_picked":["Sword Boomerang"],"picked":"SKIP","floor":24},{"not_picked":["Havoc"],"picked":"SKIP","floor":25},{"not_picked":["Disarm"],"picked":"SKIP","floor":25},{"not_picked":["Pommel Strike+1"],"picked":"SKIP","floor":27},{"not_picked":["Heavy Blade"],"picked":"SKIP","floor":27},{"not_picked":["Corruption"],"picked":"SKIP","floor":29},{"not_picked":["Dropkick"],"picked":"SKIP","floor":31},{"not_picked":["Headbutt+1"],"picked":"SKIP","floor":31}],"player_experience":538233,"relics_obtained":[{"floor":7,"key":"Prayer Wheel"},{"floor":9,"key":"Orichalcum"},{"floor":13,"key":"Art of War"},{"floor":24,"key":"Juzu Bracelet"},{"floor":26,"key":"Old Coin"},{"floor":29,"key":"Mercury Hourglass"}],"event_choices":[{"event_name":"World of Goop","player_choice":"Gather Gold","floor":2,"damage_taken":0},{"event_name":"Scrap Ooze","player_choice":"success","floor":4,"damage_taken":12},{"event_name":"Living Wall","player_choice":"Grow","floor":10,"damage_taken":0},{"event_name":"Big Fish","player_choice":"Banana","floor":14,"damage_taken":0},{"event_name":"The Library","player_choice":"Heal","floor":20,"damage_taken":0},{"event_name":"Drug Dealer","player_choice":"Inject Mutagens","floor":22,"damage_taken":0}],"is_beta":true,"boss_relics":[{"not_picked":["Cursed Key","Sozu"],"picked":"Busted Crown"}],"items_purged_floors":[21,28],"is_endless":false,"potions_floor_spawned":[3,7,13,18,19,24,29],"killed_by":"Champ","ascension_level":12}