{"gold_per_floor":[114,114,60,60,76,76,111,111,193,193,222,236,252,277,277,353,353,366,366,366,125,144,173,173,205,205,230,247,247,247,264,264,343,343,359,99,149,166,181,213,213,246,246,346,357,357,357,394,406,418,430,442,454,49,83,83],"floor_reached":56,"playtime":4785,"items_purged":["Pain","Strike_R","Strike_R"],"score":2193,"play_id":"07b20617-4da4-4ab3-be3e-fa9c72362a31","local_time":"20190507180206","is_ascension_mode":true,"campfire_choices":[{"data":"Bash","floor":6,"key":"SMITH"},{"data":"Uppercut","floor":8,"key":"SMITH"},{"data":"Hemokinesis","floor":10,"key":"SMITH"},{"data":"Spot Weakness","floor":15,"key":"SMITH"},{"data":"Heavy Blade","floor":29,"key":"SMITH"},{"data":"Bludgeon","floor":32,"key":"SMITH"},{"data":"Whirlwind","floor":41,"key":"SMITH"},{"floor":47,"key":"DIG"},{"floor":49,"key":"RECALL"},{"floor":53,"key":"DIG"}],"neow_cost":"NONE","seed_source_timestamp":19615390284780,"circlet_count":0,"master_deck":["AscendersBane","Strike_R","Strike_R","Defend_R","Defend_R","Defend_R","Defend_R","Bash+1","Hemokinesis+1","Shrug It Off","Uppercut+1","Twin Strike","Spot Weakness+1","Combust","Offering","Heavy Blade+1","Bludgeon+1","Bludgeon+1","Shrug It Off","Feel No Pain","Ghostly","Ghostly","Ghostly","Reaper+1","Flame Barrier","Whirlwind+1","Immolate","Inflame"],"relics":["Burning Blood","NeowsBlessing","Bag of Preparation","Tiny Chest","Shuriken","Pen Nib","Snecko Eye","WarpedTongs","Red Skull","Centennial Puzzle","Turnip","Gremlin Horn","Anchor","Dream Catcher","Cursed Key","Lantern","Du-Vu Doll","PreservedInsect","Omamori","Shovel","MawBank","Question Card","Pantograph","Whetstone","Bottled Lightning"],"potions_floor_usage":[50,55,56],"damage_taken":[{"damage":0,"enemies":"Cultist","floor":1,"turns":1},{"damage":0,"enemies":"Small Slimes","floor":5,"turns":1},{"damage":0,"enemies":"Gremlin Nob","floor":7,"turns":1},{"damage":31,"enemies":"3 Sentries","floor":11,"turns":10},{"damage":4,"enemies":"Jaw Worm","floor":12,"turns":3},{"damage":6,"enemies":"2 Fungi Beasts","floor":13,"turns":4},{"damage":21,"enemies":"Lagavulin","floor":14,"turns":5},{"damage":23,"enemies":"The Guardian","floor":16,"turns":10},{"damage":18,"enemies":"2 Thieves","floor":18,"turns":3},{"damage":0,"enemies":"Chosen","floor":22,"turns":3},{"damage":10,"enemies":"Book of Stabbing","floor":23,"turns":2},{"damage":0,"enemies":"Gremlin Leader","floor":25,"turns":3},{"damage":10,"enemies":"Book of Stabbing","floor":27,"turns":2},{"damage":1,"enemies":"3 Cultists","floor":28,"turns":4},{"damage":2,"enemies":"Snake Plant","floor":31,"turns":1},{"damage":6,"enemies":"Collector","floor":33,"turns":5},{"damage":7,"enemies":"Orb Walker","floor":35,"turns":2},{"damage":4,"enemies":"2 Orb Walkers","floor":37,"turns":4},{"damage":2,"enemies":"3 Darklings","floor":38,"turns":3},{"damage":3,"enemies":"Sphere and 2 Shapes","floor":39,"turns":5},{"damage":12,"enemies":"Giant Head","floor":40,"turns":4},{"damage":2,"enemies":"Nemesis","floor":42,"turns":3},{"damage":0,"enemies":"Mind Bloom Boss Battle","floor":44,"turns":4},{"damage":0,"enemies":"Transient","floor":45,"turns":6},{"damage":19,"enemies":"Giant Head","floor":48,"turns":5},{"damage":40,"enemies":"Time Eater","floor":50,"turns":6},{"damage":41,"enemies":"Awakened One","floor":51,"turns":8},{"damage":4,"enemies":"Shield and Spear","floor":55,"turns":4},{"damage":67,"enemies":"The Heart","floor":56,"turns":5}],"seed_played":"637597070984979177","potions_obtained":[{"floor":1,"key":"Strength Potion"},{"floor":12,"key":"Poison Potion"},{"floor":22,"key":"PowerPotion"},{"floor":27,"key":"SteroidPotion"},{"floor":44,"key":"FearPotion"},{"floor":48,"key":"Energy Potion"}],"is_trial":false,"path_per_floor":["M","?","$","?","M","R","E","R","T","R","E","M","M","E","R","B",null,"M","?","?","$","M","E","?","E","T","E","M","R","?","M","R","B",null,"M","$","?","M","M","E","R","E","T","?","M","?","R","E","R","B","B",null,"R","$","E","B"],"character_chosen":"IRONCLAD","items_purchased":["Fire Potion","Red Skull","Lantern","Whetstone","AttackPotion","Inflame"],"campfire_rested":0,"item_purchase_floors":[3,21,36,54,54,54],"current_hp_per_floor":[74,67,67,72,78,78,80,80,80,80,55,57,57,42,42,25,66,54,31,31,31,37,33,33,39,39,35,40,40,40,42,42,42,42,42,42,42,42,42,39,39,42,42,42,42,42,42,30,30,14,7,33,33,33,42,0],"gold":83,"neow_bonus":"THREE_ENEMY_KILL","is_prod":false,"is_daily":false,"chose_seed":false,"campfire_upgraded":7,"win_rate":0,"timestamp":1557244926,"path_taken":["M","?","$","?","M","R","E","R","T","R","E","M","M","E","R","BOSS","M","?","?","$","?","E","?","E","T","E","?","R","?","M","R","BOSS","M","$","?","M","M","E","R","E","T","?","M","?","R","E","R","BOSS","BOSS","R","$","E","BOSS"],"build_version":"2019-01-23","purchased_purges":3,"victory":false,"max_hp_per_floor":[75,75,75,80,80,80,80,80,80,80,80,80,80,80,80,80,80,80,85,85,85,85,85,85,85,85,85,85,85,42,42,42,42,42,42,42,42,42,42,42,42,42,42,42,42,42,42,42,42,42,42,42,42,42,42,42],"card_choices":[{"not_picked":["Blood for Blood","Wild Strike"],"picked":"Hemokinesis","floor":1},{"not_picked":["Anger","Inflame"],"picked":"Shrug It Off","floor":5},{"not_picked":["Perfected Strike","Armaments"],"picked":"Uppercut","floor":7},{"not_picked":["Sentinel","Iron Wave","Intimidate"],"picked":"SKIP","floor":11},{"not_picked":["Havoc","Iron Wave"],"picked":"Twin Strike","floor":12},{"not_picked":["Perfected Strike","Clash"],"picked":"Spot Weakness","floor":13},{"not_picked":["Rage","Perfected Strike"],"picked":"Combust","floor":14},{"not_picked":["Barricade","Dark Embrace"],"picked":"Offering","floor":16},{"not_picked":["Perfected Strike","Wild Strike"],"picked":"Heavy Blade","floor":18},{"not_picked":["Burning Pact","Headbutt"],"picked":"Bludgeon","floor":22},{"not_picked":["Cleave","Twin Strike","Combust"],"picked":"SKIP","floor":23},{"not_picked":["Body Slam+1","Second Wind"],"picked":"Bludgeon","floor":25},{"not_picked":["Rampage","Thunderclap"],"picked":"Shrug It Off","floor":27},{"not_picked":["Warcry","Havoc"],"picked":"Feel No Pain","floor":28},{"not_picked":["Ghostly Armor","Sword Boomerang","Bloodletting"],"picked":"SKIP","floor":31},{"not_picked":["Bludgeon","Brutality"],"picked":"Reaper","floor":33},{"not_picked":["True Grit","Headbutt"],"picked":"Flame Barrier","floor":35},{"not_picked":["Rage","Second Wind","Infernal Blade+1"],"picked":"SKIP","floor":38},{"not_picked":["Twin Strike","Iron Wave","Perfected Strike+1"],"picked":"SKIP","floor":39},{"not_picked":["Bludgeon","Armaments+1"],"picked":"Whirlwind","floor":40},{"not_picked":["Headbutt","Perfected Strike","Anger+1"],"picked":"SKIP","floor":42},{"not_picked":["Headbutt+1","Twin Strike+1","Body Slam+1"],"picked":"SKIP","floor":45},{"not_picked":["Second Wind","Rage"],"picked":"Immolate","floor":48},{"not_picked":["Burning Pact","Infernal Blade+1","Dropkick","Perfected Strike+1"],"picked":"SKIP","floor":55}],"player_experience":1663964,"relics_obtained":[{"floor":7,"key":"Bag of Preparation"},{"floor":9,"key":"Tiny Chest"},{"floor":11,"key":"Shuriken"},{"floor":14,"key":"Pen Nib"},{"floor":23,"key":"Centennial Puzzle"},{"floor":25,"key":"Gremlin Horn"},{"floor":26,"key":"Anchor"},{"floor":27,"key":"Dream Catcher"},{"floor":37,"key":"Du-Vu Doll"},{"floor":40,"key":"PreservedInsect"},{"floor":42,"key":"Omamori"},{"floor":44,"key":"Shovel"},{"floor":47,"key":"MawBank"},{"floor":48,"key":"Question Card"},{"floor":53,"key":"Pantograph"},{"floor":55,"key":"Bottled Lightning"}],"event_choices":[{"cards_removed":["Strike_R"],"damage_healed":0,"gold_gain":0,"player_choice":"Card Removal","damage_taken":7,"max_hp_gain":0,"max_hp_loss":0,"event_name":"Golden Wing","floor":2,"gold_loss":0},{"damage_healed":0,"gold_gain":0,"player_choice":"Donut","damage_taken":0,"max_hp_gain":5,"max_hp_loss":0,"event_name":"Big Fish","floor":4,"gold_loss":0},{"damage_healed":0,"gold_gain":0,"player_choice":"Shed Blood","damage_taken":28,"max_hp_gain":5,"max_hp_loss":0,"event_name":"Forgotten Altar","floor":19,"gold_loss":0},{"damage_healed":0,"gold_gain":0,"player_choice":"Rummage","damage_taken":0,"relics_obtained":["WarpedTongs"],"max_hp_gain":0,"max_hp_loss":0,"event_name":"Accursed Blacksmith","floor":20,"gold_loss":0,"cards_obtained":["Pain"]},{"damage_healed":0,"gold_gain":0,"player_choice":"Gave Potion","damage_taken":0,"relics_obtained":["Turnip"],"max_hp_gain":0,"max_hp_loss":0,"event_name":"WeMeetAgain","floor":24,"gold_loss":0},{"damage_healed":0,"gold_gain":0,"player_choice":"Became a Ghost","damage_taken":0,"max_hp_gain":0,"max_hp_loss":43,"event_name":"Ghosts","floor":30,"gold_loss":0,"cards_obtained":["Ghostly","Ghostly","Ghostly"]},{"damage_healed":0,"gold_gain":0,"player_choice":"Fight","damage_taken":0,"max_hp_gain":0,"max_hp_loss":0,"event_name":"Mysterious Sphere","floor":37,"gold_loss":0},{"damage_healed":0,"gold_gain":0,"player_choice":"Fight","damage_taken":0,"max_hp_gain":0,"max_hp_loss":0,"event_name":"MindBloom","floor":44,"gold_loss":0},{"damage_healed":0,"gold_gain":0,"player_choice":"Ignored","damage_taken":0,"max_hp_gain":0,"max_hp_loss":0,"event_name":"Tomb of Lord Red Mask","floor":46,"gold_loss":0}],"is_beta":false,"boss_relics":[{"not_picked":["Black Blood","Eternal Feather"],"picked":"Snecko Eye"},{"not_picked":["Velvet Choker","White Beast Statue"],"picked":"Cursed Key"}],"items_purged_floors":[21,36,54],"is_endless":false,"potions_floor_spawned":[1,7,12,22,27,28,31,38,44,48],"killed_by":"The Heart","ascension_level":20}