{"gold_per_floor":[115,115,131,131,131,166,186,186,186,214,225,225,257,257,257,352,352,366,385,385,398,166,199,199,233,233,267,91,109,109,9,9,9],"floor_reached":33,"playtime":1038,"items_purged":["Strike_R","Strike_R"],"score":692,"play_id":"224f8075-046f-4ce3-be5f-089d73e5c4bc","local_time":"20190702152936","is_ascension_mode":true,"campfire_choices":[{"data":"Inflame","floor":8,"key":"SMITH"},{"floor":12,"key":"DIG"},{"floor":15,"key":"REST"},{"floor":24,"key":"REST"},{"floor":32,"key":"REST"}],"neow_cost":"NONE","seed_source_timestamp":105290939904710,"circlet_count":0,"master_deck":["AscendersBane","Strike_R+1","Strike_R+1","Strike_R","Defend_R","Defend_R","Defend_R","Defend_R","Bash+1","Thunderclap","Inflame+1","Inflame+1","Iron Wave","Twin Strike","Metallicize+1","Immolate+1","Burning Pact","Anger","Heavy Blade","Armaments","Spot Weakness","Impervious","Corruption+1","True Grit"],"relics":["Burning Blood","NeowsBlessing","Dodecahedron","Frozen Egg 2","Shovel","Self Forming Clay","Shuriken","Golden Idol","Velvet Choker","Vajra","Red Skull","Bag of Marbles","Pear","Bottled Tornado","Dream Catcher"],"potions_floor_usage":[13,23,33],"damage_taken":[{"damage":0,"enemies":"Small Slimes","floor":1,"turns":2},{"damage":0,"enemies":"2 Louse","floor":3,"turns":1},{"damage":0,"enemies":"3 Sentries","floor":6,"turns":1},{"damage":0,"enemies":"Cultist","floor":7,"turns":2},{"damage":27,"enemies":"Gremlin Nob","floor":10,"turns":4},{"damage":28,"enemies":"Large Slime","floor":11,"turns":5},{"damage":19,"enemies":"Lagavulin","floor":13,"turns":5},{"damage":42,"enemies":"Slime Boss","floor":16,"turns":10},{"damage":8,"enemies":"3 Byrds","floor":18,"turns":4},{"damage":20,"enemies":"2 Thieves","floor":19,"turns":3},{"damage":11,"enemies":"Snecko","floor":21,"turns":4},{"damage":20,"enemies":"Gremlin Leader","floor":23,"turns":5},{"damage":24,"enemies":"Book of Stabbing","floor":25,"turns":4},{"damage":28,"enemies":"Gremlin Leader","floor":27,"turns":5},{"damage":0,"enemies":"Shelled Parasite and Fungi","floor":29,"turns":1},{"damage":65,"enemies":"Collector","floor":33,"turns":6}],"seed_played":"-4664016780697968718","potions_obtained":[{"floor":3,"key":"Regen Potion"},{"floor":13,"key":"SpeedPotion"},{"floor":16,"key":"Block Potion"},{"floor":23,"key":"SpeedPotion"},{"floor":29,"key":"Explosive Potion"}],"is_trial":false,"path_per_floor":["M","?","M","?","?","E","M","R","T","E","M","R","E","?","R","B",null,"M","M","?","M","$","E","R","E","T","E","$","M","T","$","R","B"],"character_chosen":"IRONCLAD","items_purchased":["Vajra","Impervious"],"campfire_rested":3,"item_purchase_floors":[22,28],"current_hp_per_floor":[74,51,57,57,57,63,69,69,69,48,26,26,25,25,45,9,53,51,37,37,32,32,18,38,20,30,8,8,14,14,14,37,0],"gold":9,"neow_bonus":"THREE_ENEMY_KILL","is_prod":false,"is_daily":false,"chose_seed":false,"campfire_upgraded":1,"win_rate":0,"timestamp":1562074176,"path_taken":["M","?","M","?","?","E","M","R","T","E","?","R","E","?","R","BOSS","M","M","?","M","?","E","R","E","T","E","$","M","?","$","R","BOSS"],"build_version":"2019-07-01","purchased_purges":2,"victory":false,"max_hp_per_floor":[75,75,75,75,75,75,75,75,75,75,75,75,75,68,68,68,68,68,68,68,68,68,68,68,68,78,78,78,78,78,78,78,78],"card_choices":[{"not_picked":["Perfected Strike","Warcry"],"picked":"Thunderclap","floor":1},{"not_picked":["Twin Strike","Perfected Strike"],"picked":"Inflame","floor":3},{"not_picked":["Perfected Strike","Evolve"],"picked":"Inflame","floor":6},{"not_picked":["Demon Form","Body Slam"],"picked":"Iron Wave","floor":7},{"not_picked":["Metallicize+1","Searing Blow"],"picked":"Twin Strike","floor":10},{"not_picked":["Sentinel","Flex"],"picked":"Metallicize+1","floor":11},{"not_picked":["Warcry","Second Wind","Wild Strike"],"picked":"SKIP","floor":13},{"not_picked":["Double Tap","Limit Break"],"picked":"Immolate","floor":16},{"not_picked":["Cleave","Pommel Strike"],"picked":"Burning Pact","floor":18},{"not_picked":["Fire Breathing+1","Wild Strike"],"picked":"Anger","floor":19},{"not_picked":["Havoc","Clothesline"],"picked":"Heavy Blade","floor":21},{"not_picked":["Cleave","Headbutt"],"picked":"Armaments","floor":23},{"not_picked":["Wild Strike","Sentinel","Thunderclap+1"],"picked":"SKIP","floor":25},{"not_picked":["Evolve+1","True Grit"],"picked":"Spot Weakness","floor":27},{"not_picked":["Havoc","Body Slam"],"picked":"Corruption+1","floor":29},{"not_picked":["Inflame+1","Twin Strike"],"picked":"True Grit","floor":32}],"player_experience":1763872,"relics_obtained":[{"floor":6,"key":"Dodecahedron"},{"floor":9,"key":"Frozen Egg 2"},{"floor":10,"key":"Shovel"},{"floor":12,"key":"Self Forming Clay"},{"floor":13,"key":"Shuriken"},{"floor":23,"key":"Red Skull"},{"floor":25,"key":"Bag of Marbles"},{"floor":26,"key":"Pear"},{"floor":27,"key":"Bottled Tornado"},{"floor":30,"key":"Dream Catcher"}],"event_choices":[{"damage_healed":0,"gold_gain":0,"player_choice":"Entered Light","damage_taken":23,"max_hp_gain":0,"max_hp_loss":0,"event_name":"Shining Light","floor":2,"gold_loss":0,"cards_upgraded":["Strike_R","Strike_R"]},{"damage_healed":0,"gold_gain":0,"player_choice":"Grow","damage_taken":0,"max_hp_gain":0,"max_hp_loss":0,"event_name":"Living Wall","floor":4,"gold_loss":0,"cards_upgraded":["Inflame"]},{"damage_healed":0,"gold_gain":0,"player_choice":"Upgraded","damage_taken":0,"max_hp_gain":0,"max_hp_loss":0,"event_name":"Upgrade Shrine","floor":5,"gold_loss":0,"cards_upgraded":["Bash"]},{"damage_healed":0,"gold_gain":0,"player_choice":"Lose Max HP","damage_taken":0,"relics_obtained":["Golden Idol"],"max_hp_gain":0,"max_hp_loss":7,"event_name":"Golden Idol","floor":14,"gold_loss":0},{"damage_healed":0,"gold_gain":0,"player_choice":"Upgraded","damage_taken":0,"max_hp_gain":0,"max_hp_loss":0,"event_name":"Upgrade Shrine","floor":20,"gold_loss":0,"cards_upgraded":["Immolate"]}],"is_beta":false,"boss_relics":[{"not_picked":["Ectoplasm","Lizard Tail"],"picked":"Velvet Choker"}],"items_purged_floors":[22,31],"is_endless":false,"potions_floor_spawned":[3,13,16,23,29],"killed_by":"Collector","ascension_level":20}