{"gold_per_floor":[118,118,131,150,150,189,207,248,248,273,296,296,8,26,26,121,121,135,149,169,169,169,169],"floor_reached":23,"playtime":862,"items_purged":["Strike_G"],"score":415,"play_id":"b162ab3b-5e8e-4f1c-946e-6ce3c9e39746","local_time":"20181212171707","is_ascension_mode":true,"campfire_choices":[{"data":"Catalyst","floor":15,"key":"SMITH"}],"neow_cost":"NONE","seed_source_timestamp":25885826972515,"circlet_count":0,"master_deck":["AscendersBane","Defend_G","Defend_G","Defend_G","Defend_G","Defend_G","Survivor","Neutralize","Flying Knee","Corpse Explosion","Deadly Poison","Deadly Poison","Adrenaline","Dash","Backflip","All Out Attack","Catalyst+1","Doppelganger","Dash","Acrobatics+1","Bite","Bite","Bite","Bite","Bite","Necronomicurse"],"relics":["Ring of the Snake","NeowsBlessing","Golden Idol","Boot","Darkstone Periapt","FossilizedHelix","Strange Spoon","Cursed Key","Necronomicon"],"potions_floor_usage":[6,8,16,20,23,23],"damage_taken":[{"damage":0,"enemies":"Small Slimes","floor":1,"turns":1},{"damage":0,"enemies":"Cultist","floor":3,"turns":1},{"damage":0,"enemies":"2 Louse","floor":4,"turns":1},{"damage":20,"enemies":"3 Sentries","floor":6,"turns":3},{"damage":0,"enemies":"2 Fungi Beasts","floor":7,"turns":2},{"damage":34,"enemies":"Gremlin Nob","floor":8,"turns":4},{"damage":0,"enemies":"Blue Slaver","floor":10,"turns":3},{"damage":0,"enemies":"Looter","floor":11,"turns":3},{"damage":0,"enemies":"Lots of Slimes","floor":14,"turns":1},{"damage":18,"enemies":"Slime Boss","floor":16,"turns":9},{"damage":0,"enemies":"Chosen","floor":18,"turns":4},{"damage":3,"enemies":"Shell Parasite","floor":19,"turns":3},{"damage":12,"enemies":"Shelled Parasite and Fungi","floor":20,"turns":6},{"damage":41,"enemies":"Book of Stabbing","floor":23,"turns":5}],"seed_played":"5181736463269745245","potions_obtained":[{"floor":3,"key":"Swift Potion"},{"floor":4,"key":"Regen Potion"},{"floor":8,"key":"Fruit Juice"},{"floor":11,"key":"Poison Potion"},{"floor":18,"key":"Dexterity Potion"},{"floor":20,"key":"Block Potion"}],"is_trial":false,"path_per_floor":["M","?","M","M","?","E","M","E","T","M","M","?","$","M","R","B",null,"M","M","M","?","?","E"],"character_chosen":"THE_SILENT","items_purchased":["Strange Spoon"],"campfire_rested":0,"item_purchase_floors":[13],"current_hp_per_floor":[59,59,59,59,59,39,39,19,19,19,19,24,24,24,24,6,50,50,47,40,40,25,0],"gold":169,"neow_bonus":"THREE_ENEMY_KILL","is_prod":false,"is_daily":false,"chose_seed":false,"campfire_upgraded":1,"win_rate":0,"timestamp":1544631427,"path_taken":["M","?","?","M","?","E","M","E","T","M","M","?","$","M","R","BOSS","M","M","M","?","?","E"],"build_version":"2018-12-11","purchased_purges":1,"victory":false,"max_hp_per_floor":[66,66,66,66,60,60,60,60,60,60,60,65,65,65,65,65,65,65,65,70,49,55,55],"card_choices":[{"not_picked":["Caltrops","Setup"],"picked":"Flying Knee","floor":1},{"not_picked":["Dagger Spray","Flying Knee"],"picked":"Deadly Poison","floor":3},{"not_picked":["Skewer","Acrobatics"],"picked":"Deadly Poison","floor":4},{"not_picked":["Acrobatics","Poisoned Stab"],"picked":"Adrenaline","floor":6},{"not_picked":["Deadly Poison","Deflect"],"picked":"Dash","floor":7},{"not_picked":["Blade Dance","Predator"],"picked":"Backflip","floor":8},{"not_picked":["Slice","Acrobatics"],"picked":"All Out Attack","floor":10},{"not_picked":["Leg Sweep","Dagger Throw"],"picked":"Catalyst","floor":11},{"not_picked":["Endless Agony","Dagger Spray","Outmaneuver"],"picked":"SKIP","floor":14},{"not_picked":["Tools of the Trade","Venomology"],"picked":"Doppelganger","floor":16},{"not_picked":["Backstab","Acrobatics","Endless Agony+1"],"picked":"SKIP","floor":18},{"not_picked":["Flechettes","Prepared+1"],"picked":"Dash","floor":19},{"not_picked":["Bane","Dagger Throw"],"picked":"Acrobatics+1","floor":20}],"player_experience":1011887,"relics_obtained":[{"floor":6,"key":"Boot"},{"floor":8,"key":"Darkstone Periapt"},{"floor":9,"key":"FossilizedHelix"},{"floor":22,"key":"Necronomicon"}],"event_choices":[{"damage_healed":0,"gold_gain":0,"player_choice":"1 cards matched","damage_taken":0,"max_hp_gain":0,"max_hp_loss":0,"event_name":"Match and Keep!","floor":2,"gold_loss":0,"cards_obtained":["Corpse Explosion"]},{"damage_healed":0,"gold_gain":0,"player_choice":"Lose Max HP","damage_taken":0,"relics_obtained":["Golden Idol"],"max_hp_gain":0,"max_hp_loss":6,"event_name":"Golden Idol","floor":5,"gold_loss":0},{"damage_healed":0,"gold_gain":0,"player_choice":"Donut","damage_taken":0,"max_hp_gain":5,"max_hp_loss":0,"event_name":"Big Fish","floor":12,"gold_loss":0},{"damage_healed":0,"gold_gain":0,"player_choice":"Became a vampire","damage_taken":0,"max_hp_gain":0,"max_hp_loss":21,"event_name":"Vampires","floor":21,"gold_loss":0,"cards_obtained":["Bite","Bite","Bite","Bite","Bite"]},{"damage_healed":0,"gold_gain":0,"player_choice":"Obtained Book","damage_taken":21,"max_hp_gain":0,"max_hp_loss":0,"event_name":"Cursed Tome","floor":22,"gold_loss":0}],"is_beta":true,"boss_relics":[{"not_picked":["Velvet Choker","White Beast Statue"],"picked":"Cursed Key"}],"items_purged_floors":[13],"is_endless":false,"potions_floor_spawned":[3,4,8,11,18,19,20],"killed_by":"Book of Stabbing","ascension_level":18}