{"gold_per_floor":[115,60,60,76,76,76,115,115,142,181,181,205,205,16,16,112,112,127,127,52,52,66,66,99,117,117,39,39,72,72,86,86,161,161,180,196,214,53,53,53,78,93,93,125,145,145,145,155,155,155],"floor_reached":50,"playtime":1816,"items_purged":["Strike_G"],"score":1167,"play_id":"c243b42d-e941-443f-ab45-92ccd39a8fd0","local_time":"20190818121645","is_ascension_mode":true,"campfire_choices":[{"data":"Dagger Spray","floor":6,"key":"SMITH"},{"data":"Neutralize","floor":8,"key":"SMITH"},{"data":"Cloak And Dagger","floor":15,"key":"SMITH"},{"data":"After Image","floor":23,"key":"SMITH"},{"data":"A Thousand Cuts","floor":28,"key":"SMITH"},{"data":"Blade Dance","floor":30,"key":"SMITH"},{"data":"Bouncing Flask","floor":32,"key":"SMITH"},{"data":"Noxious Fumes","floor":40,"key":"SMITH"},{"data":"Envenom","floor":46,"key":"SMITH"},{"floor":49,"key":"RECALL"}],"neow_cost":"NONE","seed_source_timestamp":6102926863204,"circlet_count":0,"master_deck":["AscendersBane","Strike_G","Strike_G+1","Defend_G","Defend_G","Defend_G","Defend_G","Defend_G","Survivor","Neutralize+1","Dagger Spray+1","Cloak And Dagger+1","After Image+1","Backstab","Backstab+1","Well Laid Plans","Backflip","Die Die Die","Cloak And Dagger","Backflip","Bouncing Flask+1","A Thousand Cuts+1","Blade Dance+1","Escape Plan","Acrobatics+1","Prepared","Backflip","Noxious Fumes+1","After Image+1","Night Terror","Noxious Fumes","Envenom+1","Catalyst"],"relics":["Ring of the Snake","NeowsBlessing","Bloody Idol","Mercury Hourglass","Boot","Mummified Hand","Sozu","Mango","Meat on the Bone","Strawberry","Philosopher\u0027s Stone","Regal Pillow","Whetstone"],"potions_floor_usage":[16,24],"damage_taken":[{"damage":0,"enemies":"Cultist","floor":1,"turns":1},{"damage":0,"enemies":"Small Slimes","floor":4,"turns":1},{"damage":0,"enemies":"Gremlin Nob","floor":7,"turns":1},{"damage":7,"enemies":"Lagavulin","floor":10,"turns":8},{"damage":0,"enemies":"2 Louse","floor":12,"turns":1},{"damage":33,"enemies":"Hexaghost","floor":16,"turns":12},{"damage":0,"enemies":"3 Byrds","floor":18,"turns":3},{"damage":0,"enemies":"2 Thieves","floor":22,"turns":4},{"damage":11,"enemies":"Slavers","floor":24,"turns":5},{"damage":11,"enemies":"Centurion and Healer","floor":25,"turns":7},{"damage":3,"enemies":"Book of Stabbing","floor":29,"turns":4},{"damage":2,"enemies":"3 Cultists","floor":31,"turns":4},{"damage":64,"enemies":"Automaton","floor":33,"turns":11},{"damage":38,"enemies":"3 Darklings","floor":35,"turns":3},{"damage":0,"enemies":"Orb Walker","floor":36,"turns":3},{"damage":18,"enemies":"3 Darklings","floor":37,"turns":3},{"damage":1,"enemies":"Giant Head","floor":41,"turns":9},{"damage":12,"enemies":"Jaw Worm Horde","floor":42,"turns":3},{"damage":15,"enemies":"Nemesis","floor":44,"turns":7},{"damage":0,"enemies":"Transient","floor":45,"turns":6},{"damage":7,"enemies":"3 Darklings","floor":48,"turns":3},{"damage":61,"enemies":"Time Eater","floor":50,"turns":11}],"seed_played":"-245639359553420879","potions_obtained":[{"floor":4,"key":"Fire Potion"}],"is_trial":false,"path_per_floor":["M","$","?","M","?","R","E","R","T","E","?","M","$","$","R","B",null,"M","?","?","?","M","R","E","M","T","$","R","E","R","M","R","B",null,"M","M","M","$","?","R","E","M","T","E","M","R","$","M","R","B"],"character_chosen":"THE_SILENT","items_purchased":["Fire Potion","Well Laid Plans","PowerPotion","Backflip","A Thousand Cuts","Noxious Fumes"],"campfire_rested":0,"item_purchase_floors":[2,14,14,14,27,38],"current_hp_per_floor":[59,59,59,59,64,64,64,64,64,57,57,57,57,57,57,24,55,55,55,55,55,65,65,73,67,67,67,67,76,76,79,79,32,73,52,57,56,56,56,56,60,53,53,55,60,60,60,58,58,0],"gold":155,"neow_bonus":"THREE_ENEMY_KILL","is_prod":false,"is_daily":false,"chose_seed":false,"campfire_upgraded":9,"win_rate":0,"timestamp":1566123405,"path_taken":["M","$","?","M","?","R","E","R","T","E","?","?","?","$","R","BOSS","M","?","?","?","M","R","E","M","T","$","R","E","R","?","R","BOSS","M","?","M","$","?","R","E","M","T","E","M","R","$","?","R","BOSS"],"build_version":"2019-07-17","purchased_purges":1,"victory":false,"max_hp_per_floor":[66,66,60,60,65,65,65,65,65,65,65,65,65,65,65,65,65,65,65,65,65,65,65,79,79,79,79,79,86,86,86,86,86,86,86,86,86,86,86,86,86,86,86,86,86,86,86,86,86,86],"card_choices":[{"not_picked":["Cloak And Dagger","Sucker Punch"],"picked":"Dagger Spray","floor":1},{"not_picked":["Dagger Spray","All Out Attack"],"picked":"Cloak And Dagger","floor":4},{"not_picked":["Flying Knee","Cloak And Dagger"],"picked":"After Image","floor":7},{"not_picked":["Setup","Acrobatics"],"picked":"Backstab","floor":10},{"not_picked":["Eviscerate","Dagger Spray"],"picked":"Backstab","floor":12},{"not_picked":["Malaise","Bullet Time"],"picked":"Die Die Die","floor":16},{"not_picked":["Acrobatics","Flying Knee"],"picked":"Cloak And Dagger","floor":18},{"not_picked":["Backstab","Dagger Spray","Doppelganger"],"picked":"SKIP","floor":22},{"not_picked":["Deflect","Dagger Throw"],"picked":"Backflip","floor":24},{"not_picked":["Prepared","Deflect"],"picked":"Bouncing Flask","floor":25},{"not_picked":["Masterful Stab+1","Prepared"],"picked":"Blade Dance","floor":29},{"not_picked":["Well Laid Plans","Sucker Punch"],"picked":"Escape Plan","floor":31},{"not_picked":["Deflect","Poisoned Stab"],"picked":"Acrobatics+1","floor":35},{"not_picked":["Dash+1","Outmaneuver"],"picked":"Prepared","floor":36},{"not_picked":["Poisoned Stab","Endless Agony"],"picked":"Backflip","floor":37},{"not_picked":["Expertise","Flying Knee"],"picked":"Night Terror","floor":41},{"not_picked":["Cloak And Dagger","Slice"],"picked":"Noxious Fumes","floor":42},{"not_picked":["Underhanded Strike","Dagger Spray"],"picked":"Envenom","floor":44},{"not_picked":["Quick Slash","Acrobatics","Cloak And Dagger"],"picked":"SKIP","floor":45},{"not_picked":["Acrobatics","Dodge and Roll+1"],"picked":"Catalyst","floor":48}],"player_experience":1933970,"relics_obtained":[{"floor":7,"key":"Mercury Hourglass"},{"floor":9,"key":"Boot"},{"floor":10,"key":"Mummified Hand"},{"floor":24,"key":"Mango"},{"floor":26,"key":"Meat on the Bone"},{"floor":29,"key":"Strawberry"},{"floor":41,"key":"Regal Pillow"},{"floor":44,"key":"Whetstone"}],"event_choices":[{"damage_healed":0,"gold_gain":0,"player_choice":"Lose Max HP","damage_taken":0,"relics_obtained":["Golden Idol"],"max_hp_gain":0,"max_hp_loss":6,"event_name":"Golden Idol","floor":3,"gold_loss":0},{"damage_healed":0,"gold_gain":0,"player_choice":"Donut","damage_taken":0,"max_hp_gain":5,"max_hp_loss":0,"event_name":"Big Fish","floor":5,"gold_loss":0},{"cards_removed":["Strike_G"],"damage_healed":0,"gold_gain":0,"player_choice":"Purged","damage_taken":0,"max_hp_gain":0,"max_hp_loss":0,"event_name":"Purifier","floor":11,"gold_loss":0},{"damage_healed":0,"gold_gain":0,"player_choice":"Gave Idol","damage_taken":0,"relics_obtained":["Bloody Idol"],"max_hp_gain":0,"max_hp_loss":0,"event_name":"Forgotten Altar","floor":19,"relics_lost":["Golden Idol"],"gold_loss":0},{"cards_removed":["Strike_G"],"damage_healed":0,"gold_gain":0,"player_choice":"Gave Gold","damage_taken":0,"max_hp_gain":0,"max_hp_loss":0,"event_name":"Beggar","floor":20,"gold_loss":75},{"damage_healed":0,"gold_gain":0,"player_choice":"Ignored","damage_taken":0,"max_hp_gain":0,"max_hp_loss":0,"event_name":"The Mausoleum","floor":21,"gold_loss":0},{"damage_healed":0,"gold_gain":0,"player_choice":"Copied","damage_taken":0,"max_hp_gain":0,"max_hp_loss":0,"event_name":"Duplicator","floor":39,"gold_loss":0,"cards_obtained":["After Image"]}],"is_beta":false,"boss_relics":[{"not_picked":["Velvet Choker","Runic Dome"],"picked":"Sozu"},{"not_picked":["HoveringKite","Snecko Eye"],"picked":"Philosopher\u0027s Stone"}],"items_purged_floors":[38],"is_endless":false,"potions_floor_spawned":[4,22,25,29,31,37,41,44],"killed_by":"Time Eater","ascension_level":20}