{"gold_per_floor":[218,218,47,47,47,80,98,136,136,155,196,92,116,141,141,231,231,255,255,255,455,355,355,355],"floor_reached":24,"playtime":801,"items_purged":["Regret","Strike_R","Strike_R"],"score":424,"play_id":"f36e99f8-9a96-4c94-928a-e5ad0e0c68c6","local_time":"20190221140203","is_ascension_mode":true,"campfire_choices":[{"floor":15.0,"key":"REST"},{"data":"Armaments","floor":23.0,"key":"SMITH"}],"neow_cost":"NONE","seed_source_timestamp":0,"circlet_count":0,"master_deck":["AscendersBane","Strike_R","Strike_R","Strike_R","Defend_R","Defend_R","Defend_R","Defend_R","Bash","Armaments+1","Rampage+1","Twin Strike+1","Evolve","Sword Boomerang+1","Anger+1","Uppercut+1","Immolate+1","Rampage+1","Battle Trance","Reaper+1","Shrug It Off"],"special_seed":0,"relics":["Burning Blood","Molten Egg 2","Bloody Idol","Sundial","Charon\u0027s Ashes","Strawberry","Smiling Mask","Runic Pyramid"],"potions_floor_usage":[24],"damage_taken":[{"damage":16.0,"enemies":"Jaw Worm","floor":1.0,"turns":7.0},{"damage":29.0,"enemies":"Lagavulin","floor":6.0,"turns":8.0},{"damage":7.0,"enemies":"Small Slimes","floor":7.0,"turns":4.0},{"damage":32.0,"enemies":"3 Sentries","floor":8.0,"turns":9.0},{"damage":0.0,"enemies":"Cultist","floor":10.0,"turns":2.0},{"damage":17.0,"enemies":"Lagavulin","floor":11.0,"turns":5.0},{"damage":6.0,"enemies":"Looter","floor":13.0,"turns":3.0},{"damage":8.0,"enemies":"Blue Slaver","floor":14.0,"turns":2.0},{"damage":10.0,"enemies":"Hexaghost","floor":16.0,"turns":7.0},{"damage":23.0,"enemies":"2 Thieves","floor":18.0,"turns":4.0},{"damage":74,"enemies":"Slavers","floor":24,"turns":3}],"seed_played":"1662573945258580806","potions_obtained":[{"floor":1.0,"key":"GamblersBrew"},{"floor":8.0,"key":"Ancient Potion"},{"floor":11.0,"key":"FearPotion"},{"floor":18.0,"key":"SkillPotion"}],"is_trial":false,"path_per_floor":["M","?","$","?","?","E","M","E","T","M","E","$","M","M","R","B",null,"M","?","?","?","$","R","E"],"character_chosen":"IRONCLAD","items_purchased":["Rampage+1","Twin Strike+1","Dexterity Potion","Shrug It Off"],"campfire_rested":1,"item_purchase_floors":[3,3,12,22],"current_hp_per_floor":[58,58,58,58,58,35,34,8,15,21,10,10,10,8,30,26,63,46,46,46,51,51,51,0],"gold":355,"neow_bonus":"HUNDRED_GOLD","is_prod":false,"is_daily":false,"chose_seed":false,"campfire_upgraded":1,"win_rate":0,"timestamp":1550754123,"path_taken":["M","?","$","?","?","E","M","E","T","M","E","$","M","M","R","BOSS","M","?","?","?","$","R","E"],"build_version":"2019-01-23","purchased_purges":3,"victory":false,"max_hp_per_floor":[75,75,75,68,68,68,68,68,75,75,75,75,75,75,75,75,75,75,75,75,75,75,75,75],"card_choices":[{"not_picked":["Intimidate","Cleave"],"picked":"Armaments","floor":1.0},{"not_picked":["Dropkick+1","Cleave+1"],"picked":"Evolve","floor":6.0},{"not_picked":["Body Slam+1","Infernal Blade"],"picked":"Sword Boomerang+1","floor":7.0},{"not_picked":["Infernal Blade","Cleave+1"],"picked":"Anger+1","floor":8.0},{"not_picked":["Body Slam+1","Fire Breathing"],"picked":"Uppercut+1","floor":10.0},{"not_picked":["Infernal Blade","Metallicize"],"picked":"Immolate+1","floor":11.0},{"not_picked":["Blood for Blood+1","Perfected Strike+1"],"picked":"Rampage+1","floor":13.0},{"not_picked":["Evolve","Thunderclap+1"],"picked":"Battle Trance","floor":14.0},{"not_picked":["Exhume","Juggernaut"],"picked":"Reaper+1","floor":16.0},{"not_picked":["Warcry","Hemokinesis+1","Cleave+1"],"picked":"SKIP","floor":18.0}],"player_experience":1322442,"relics_obtained":[{"floor":6.0,"key":"Sundial"},{"floor":8.0,"key":"Charon\u0027s Ashes"},{"floor":9.0,"key":"Strawberry"},{"floor":11.0,"key":"Smiling Mask"}],"event_choices":[{"damage_healed":0.0,"max_hp_gain":0.0,"max_hp_loss":0.0,"gold_gain":0.0,"event_name":"Big Fish","player_choice":"Box","floor":2.0,"gold_loss":0.0,"damage_taken":0.0,"relics_obtained":["Molten Egg 2"],"cards_obtained":["Regret"]},{"damage_healed":0.0,"max_hp_gain":0.0,"max_hp_loss":7.0,"gold_gain":0.0,"event_name":"Golden Idol","player_choice":"Lose Max HP","floor":4.0,"gold_loss":0.0,"damage_taken":0.0,"relics_obtained":["Golden Idol"]},{"damage_healed":0.0,"max_hp_gain":0.0,"max_hp_loss":0.0,"gold_gain":0.0,"event_name":"Liars Game","player_choice":"Ignored","floor":5.0,"gold_loss":0.0,"damage_taken":0.0},{"damage_healed":0.0,"max_hp_gain":0.0,"max_hp_loss":0.0,"gold_gain":0.0,"event_name":"Forgotten Altar","player_choice":"Gave Idol","floor":19.0,"relics_lost":["Golden Idol"],"gold_loss":0.0,"damage_taken":0.0,"relics_obtained":["Bloody Idol"]},{"damage_healed":0.0,"max_hp_gain":0.0,"max_hp_loss":0.0,"gold_gain":0.0,"event_name":"Vampires","player_choice":"Ignored","floor":20.0,"gold_loss":0.0,"damage_taken":0.0},{"damage_healed":0.0,"max_hp_gain":0.0,"max_hp_loss":0.0,"gold_gain":200.0,"event_name":"Wheel of Change","player_choice":"Gold","floor":21.0,"gold_loss":0.0,"damage_taken":0.0}],"is_beta":false,"boss_relics":[{"not_picked":["White Beast Statue","Velvet Choker"],"picked":"Runic Pyramid"}],"items_purged_floors":[3,12,22],"is_endless":false,"potions_floor_spawned":[1,8,11,13,18],"killed_by":"Slavers","ascension_level":20}