{"gold_per_floor":[116,116,64,64,64,98,111,141,141,158,158,158,174,207,207,306,306,326,31,31,31,45,107,107,107,107,107,117,147,147,178,178,281,281,293,308,248,267,278,278,306,320,389,389,415,463,463,563,563,563],"floor_reached":51,"playtime":1013,"items_purged":["Strike_R"],"score":945,"play_id":"bce6e65d-a20c-42e8-b169-d19c130092a7","local_time":"20190319204245","is_ascension_mode":true,"campfire_choices":[{"data":"Inflame","floor":12.0,"key":"SMITH"},{"data":"Spot Weakness","floor":15,"key":"SMITH"},{"data":"Heavy Blade","floor":24,"key":"SMITH"},{"data":"Immolate","floor":30,"key":"SMITH"},{"data":"Disarm","floor":32,"key":"SMITH"},{"data":"Limit Break","floor":40,"key":"SMITH"},{"data":"Pummel","floor":44,"key":"SMITH"},{"data":"RitualDagger","floor":47,"key":"SMITH"},{"data":"Seeing Red","floor":49,"key":"SMITH"}],"neow_cost":"NONE","seed_source_timestamp":38003019289559,"circlet_count":0,"master_deck":["Strike_R+1","Defend_R","Defend_R+1","Defend_R","Defend_R","Bash+1","Twin Strike","Anger","Inflame+1","Heavy Blade+1","Spot Weakness+1","Cleave","Pummel+1","Immolate+1","Armaments+1","RitualDagger+1","Necronomicurse","Perfected Strike+1","Flex+1","Whirlwind+1","Seeing Red+1","Disarm+1","Limit Break+1","Corruption+1","Hemokinesis+1","Anger+1","Shockwave+1","Battle Trance+1","Flex+1","Uppercut+1","Heavy Blade+1","Whirlwind+1"],"special_seed":0,"relics":["Burning Blood","NeowsBlessing","Unceasing Top","Oddly Smooth Stone","Gambling Chip","Matryoshka","Ancient Tea Set","Runic Pyramid","Charon\u0027s Ashes","Necronomicon","Tiny Chest","Question Card","The Courier","Happy Flower","FossilizedHelix","MutagenicStrength","Ornamental Fan","Bottled Tornado","Astrolabe","Du-Vu Doll","Singing Bowl","Ice Cream","Dead Branch","Mango"],"potions_floor_usage":[],"damage_taken":[{"damage":0.0,"enemies":"Small Slimes","floor":1.0,"turns":1.0},{"damage":0.0,"enemies":"Lagavulin","floor":6.0,"turns":1.0},{"damage":0.0,"enemies":"Cultist","floor":7.0,"turns":1.0},{"damage":14.0,"enemies":"Gremlin Nob","floor":8.0,"turns":3.0},{"damage":1.0,"enemies":"2 Louse","floor":10.0,"turns":2.0},{"damage":1.0,"enemies":"Looter","floor":13.0,"turns":2.0},{"damage":18,"enemies":"3 Sentries","floor":14,"turns":4},{"damage":37,"enemies":"The Guardian","floor":16,"turns":8},{"damage":4,"enemies":"Chosen","floor":18,"turns":3},{"damage":10,"enemies":"Shell Parasite","floor":22,"turns":3},{"damage":12,"enemies":"Gremlin Leader","floor":23,"turns":4},{"damage":0,"enemies":"Shelled Parasite and Fungi","floor":28,"turns":2},{"damage":27,"enemies":"Slavers","floor":29,"turns":3},{"damage":3,"enemies":"Book of Stabbing","floor":31,"turns":3},{"damage":15,"enemies":"Champ","floor":33,"turns":4},{"damage":3,"enemies":"3 Shapes","floor":35,"turns":1},{"damage":0,"enemies":"Orb Walker","floor":36,"turns":2},{"damage":26,"enemies":"Jaw Worm Horde","floor":38,"turns":3},{"damage":0,"enemies":"Transient","floor":39,"turns":5},{"damage":0,"enemies":"Nemesis","floor":41,"turns":3},{"damage":0,"enemies":"Maw","floor":42,"turns":4},{"damage":0,"enemies":"Giant Head","floor":45,"turns":5},{"damage":0,"enemies":"2 Orb Walkers","floor":46,"turns":2},{"damage":8,"enemies":"Mind Bloom Boss Battle","floor":48,"turns":4},{"damage":19,"enemies":"Time Eater","floor":50,"turns":4}],"seed_played":"-1035854382608242850","potions_obtained":[{"floor":6.0,"key":"EssenceOfSteel"},{"floor":14,"key":"GamblersBrew"},{"floor":18,"key":"EssenceOfSteel"}],"is_trial":false,"path_per_floor":["M","?","$","?","?","E","M","E","T","M","?","R","M","E","R","B",null,"M","$","?","?","M","E","R","T","T","?","M","E","R","E","R","B",null,"M","M","$","M","M","R","E","M","T","R","E","?","R","?","R","B",null],"character_chosen":"IRONCLAD","items_purchased":["Anger","Charon\u0027s Ashes"],"campfire_rested":0,"item_purchase_floors":[3,19],"current_hp_per_floor":[80,80,80,85,68,74,80,72,72,77,59,59,64,52,52,21,85,85,85,79,63,59,53,53,53,53,53,59,38,38,41,41,32,85,85,85,85,65,71,71,77,83,83,83,87,87,87,101,101,88],"gold":563,"neow_bonus":"THREE_ENEMY_KILL","is_prod":false,"is_daily":false,"chose_seed":false,"campfire_upgraded":9,"win_rate":0,"timestamp":1553024565,"path_taken":["M","?","?","?","?","E","M","E","T","M","?","R","M","E","R","BOSS","M","$","?","?","M","E","R","?","T","?","M","E","R","E","R","BOSS","M","M","$","M","M","R","E","M","T","R","E","?","R","?","R","BOSS"],"build_version":"2019-01-23","purchased_purges":1,"victory":true,"max_hp_per_floor":[80,80,80,85,85,85,85,85,85,85,85,85,85,85,85,85,85,85,85,85,85,85,85,85,85,85,85,85,85,85,85,85,85,85,85,85,85,85,85,85,85,85,85,85,87,87,87,103,103,103],"card_choices":[{"not_picked":["Clash","Cleave"],"picked":"Twin Strike","floor":1.0},{"not_picked":["Perfected Strike","Corruption"],"picked":"Inflame","floor":6.0},{"not_picked":["Thunderclap","Sever Soul"],"picked":"Heavy Blade","floor":7.0},{"not_picked":["Pommel Strike","Wild Strike"],"picked":"Spot Weakness","floor":8.0},{"not_picked":["Wild Strike","Second Wind"],"picked":"Cleave","floor":10.0},{"not_picked":["Power Through","Warcry","Sever Soul"],"picked":"SKIP","floor":13.0},{"not_picked":["Hemokinesis","Body Slam"],"picked":"Pummel","floor":14},{"not_picked":["Demon Form","Barricade"],"picked":"Immolate","floor":16},{"not_picked":["Clash+1","Havoc+1"],"picked":"Armaments+1","floor":18},{"not_picked":["Wild Strike","Havoc"],"picked":"Perfected Strike+1","floor":22},{"not_picked":["Iron Wave+1","Dual Wield"],"picked":"Flex+1","floor":23},{"not_picked":["Reaper","Uppercut","Clothesline+1"],"picked":"Whirlwind+1","floor":28},{"not_picked":["Juggernaut","Battle Trance+1","Hemokinesis"],"picked":"Seeing Red","floor":29},{"not_picked":["Searing Blow","Wild Strike+1","Havoc"],"picked":"Disarm","floor":31},{"not_picked":["Demon Form","Juggernaut","Barricade"],"picked":"Limit Break","floor":33},{"not_picked":["Sentinel","Power Through+1","Havoc+1"],"picked":"Shockwave+1","floor":35},{"not_picked":["Burning Pact","Thunderclap+1","Flame Barrier"],"picked":"Battle Trance+1","floor":36},{"not_picked":["Cleave+1","Warcry","Perfected Strike+1"],"picked":"Flex+1","floor":38},{"not_picked":["Cleave","Infernal Blade+1","Havoc+1"],"picked":"Uppercut+1","floor":39},{"not_picked":["Hemokinesis","Armaments","Fire Breathing+1"],"picked":"Heavy Blade+1","floor":41},{"not_picked":["Seeing Red","Perfected Strike+1","Entrench","Reckless Charge"],"picked":"SKIP","floor":42},{"not_picked":["Warcry","Rage","Sword Boomerang","Second Wind+1"],"picked":"Singing Bowl","floor":45},{"not_picked":["Flame Barrier+1","Second Wind","Wild Strike"],"picked":"Whirlwind+1","floor":46},{"not_picked":["Reckless Charge+1","Body Slam+1","Clash","Flex"],"picked":"Singing Bowl","floor":48}],"player_experience":1448736,"relics_obtained":[{"floor":6.0,"key":"Unceasing Top"},{"floor":8.0,"key":"Oddly Smooth Stone"},{"floor":9.0,"key":"Gambling Chip"},{"floor":14,"key":"Ancient Tea Set"},{"floor":21,"key":"Necronomicon"},{"floor":23,"key":"Tiny Chest"},{"floor":25,"key":"Question Card"},{"floor":25,"key":"The Courier"},{"floor":26,"key":"Happy Flower"},{"floor":26,"key":"FossilizedHelix"},{"floor":29,"key":"Ornamental Fan"},{"floor":31,"key":"Bottled Tornado"},{"floor":41,"key":"Du-Vu Doll"},{"floor":43,"key":"Singing Bowl"},{"floor":45,"key":"Ice Cream"},{"floor":46,"key":"Dead Branch"},{"floor":48,"key":"Mango"}],"event_choices":[{"damage_healed":0.0,"max_hp_gain":0.0,"max_hp_loss":0.0,"gold_gain":0.0,"event_name":"Accursed Blacksmith","player_choice":"Forge","floor":2.0,"gold_loss":0.0,"damage_taken":0.0,"cards_upgraded":["Bash"]},{"damage_healed":0.0,"max_hp_gain":5.0,"max_hp_loss":0.0,"gold_gain":0.0,"event_name":"Big Fish","player_choice":"Donut","floor":4.0,"gold_loss":0.0,"damage_taken":0.0},{"damage_healed":0.0,"max_hp_gain":0.0,"max_hp_loss":0.0,"gold_gain":0.0,"event_name":"Shining Light","player_choice":"Entered Light","floor":5.0,"gold_loss":0.0,"damage_taken":17.0,"cards_upgraded":["Defend_R","Strike_R"]},{"damage_healed":0.0,"max_hp_gain":0.0,"max_hp_loss":0.0,"gold_gain":0.0,"event_name":"Scrap Ooze","player_choice":"Success","floor":11.0,"gold_loss":0.0,"damage_taken":18.0,"relics_obtained":["Matryoshka"]},{"damage_healed":0,"gold_gain":0,"player_choice":"Joined the Cult","damage_taken":6,"max_hp_gain":0,"max_hp_loss":0,"event_name":"Nest","floor":20,"gold_loss":0,"cards_obtained":["RitualDagger"]},{"damage_healed":0,"gold_gain":0,"player_choice":"Obtained Book","damage_taken":16,"max_hp_gain":0,"max_hp_loss":0,"event_name":"Cursed Tome","floor":21,"gold_loss":0},{"damage_healed":0,"gold_gain":0,"player_choice":"Inject Mutagens","damage_taken":0,"relics_obtained":["MutagenicStrength"],"max_hp_gain":0,"max_hp_loss":0,"event_name":"Drug Dealer","floor":27,"gold_loss":0},{"damage_healed":0,"gold_gain":0,"player_choice":"Fight","damage_taken":0,"max_hp_gain":0,"max_hp_loss":0,"event_name":"Mysterious Sphere","floor":46,"gold_loss":0},{"damage_healed":0,"gold_gain":0,"player_choice":"Fight","damage_taken":0,"max_hp_gain":0,"max_hp_loss":0,"event_name":"MindBloom","floor":48,"gold_loss":0}],"is_beta":false,"boss_relics":[{"not_picked":["Empty Cage","Black Star"],"picked":"Runic Pyramid"},{"not_picked":["Tiny House","Eternal Feather"],"picked":"Astrolabe"}],"items_purged_floors":[37],"is_endless":false,"potions_floor_spawned":[6,14,18,23,39,41,42,45],"ascension_level":1}