{"gold_per_floor":[117,117,137,187,203,229,229,239,311,344,354,416,435,460,460,532,532,552,310,326,344,137,137,168,168,168,194,205,255,255,286,286,360,360,379,429,439,238,333,333,366,366,393,543,560,589,599,667,667,667,667,667,667,206,239,239],"floor_reached":57,"playtime":2617,"items_purged":["Strike_R","Strike_R","Rupture","Rampage+1"],"score":3234,"play_id":"5e5c2fb1-ec3c-4a3b-87e1-716ba8422b92","local_time":"20190826224131","is_ascension_mode":true,"campfire_choices":[{"data":"Bash","floor":7,"key":"SMITH"},{"data":"Limit Break","floor":15,"key":"SMITH"},{"data":"Inflame","floor":23,"key":"SMITH"},{"data":"Inflame","floor":25,"key":"SMITH"},{"data":"1","floor":30,"key":"LIFT"},{"data":"2","floor":32,"key":"LIFT"},{"data":"3","floor":40,"key":"LIFT"},{"data":"Juggernaut","floor":42,"key":"SMITH"},{"floor":49,"key":"RECALL"},{"data":"Battle Trance","floor":53,"key":"SMITH"}],"neow_cost":"NONE","seed_source_timestamp":37801779823390,"circlet_count":0,"master_deck":["AscendersBane","Bash+1","Sword Boomerang+1","Spot Weakness","Thunderclap","Limit Break+1","Inflame+1","Inflame+1","Headbutt+1","Flame Barrier","Corruption","Twin Strike+1","Exhume","Sword Boomerang+1","Shrug It Off","Pommel Strike+1","Heavy Blade+1","Shrug It Off","Sword Boomerang+1","Shrug It Off","Battle Trance+1","Ghostly","Ghostly","Ghostly","Armaments+1","Reaper+1","Exhume","Sword Boomerang+1","Limit Break","Pummel+1","Sentinel","Shrug It Off+1","Sentinel+1","Dark Embrace","Juggernaut+1","Shockwave+1","Heavy Blade+1","Evolve"],"relics":["Burning Blood","SsserpentHead","Incense Burner","Mummified Hand","Red Skull","Molten Egg 2","Snecko Eye","Omamori","Darkstone Periapt","Paper Frog","Girya","Matryoshka","Pandora\u0027s Box","Unceasing Top","Self Forming Clay","Boot","Calipers","Bronze Scales","Strawberry","Whetstone"],"potions_floor_usage":[6,10,55,56],"damage_taken":[{"damage":9,"enemies":"2 Louse","floor":1,"turns":3},{"damage":2,"enemies":"Cultist","floor":3,"turns":4},{"damage":5,"enemies":"Small Slimes","floor":5,"turns":2},{"damage":25,"enemies":"Lagavulin","floor":6,"turns":6},{"damage":15,"enemies":"3 Louse","floor":8,"turns":3},{"damage":0,"enemies":"Gremlin Nob","floor":10,"turns":2},{"damage":4,"enemies":"Blue Slaver","floor":11,"turns":3},{"damage":18,"enemies":"Exordium Wildlife","floor":12,"turns":3},{"damage":4,"enemies":"Red Slaver","floor":13,"turns":3},{"damage":10,"enemies":"Lagavulin","floor":14,"turns":7},{"damage":30,"enemies":"Hexaghost","floor":16,"turns":7},{"damage":9,"enemies":"Shell Parasite","floor":18,"turns":3},{"damage":6,"enemies":"Spheric Guardian","floor":20,"turns":3},{"damage":5,"enemies":"Centurion and Healer","floor":21,"turns":5},{"damage":5,"enemies":"Gremlin Leader","floor":24,"turns":5},{"damage":15,"enemies":"Book of Stabbing","floor":27,"turns":3},{"damage":23,"enemies":"Shelled Parasite and Fungi","floor":28,"turns":3},{"damage":2,"enemies":"Gremlin Leader","floor":31,"turns":3},{"damage":2,"enemies":"Collector","floor":33,"turns":4},{"damage":0,"enemies":"3 Darklings","floor":35,"turns":2},{"damage":0,"enemies":"Orb Walker","floor":37,"turns":3},{"damage":17,"enemies":"2 Orb Walkers","floor":39,"turns":3},{"damage":0,"enemies":"Nemesis","floor":41,"turns":3},{"damage":0,"enemies":"Mind Bloom Boss Battle","floor":44,"turns":2},{"damage":0,"enemies":"3 Darklings","floor":45,"turns":2},{"damage":0,"enemies":"Giant Head","floor":46,"turns":4},{"damage":0,"enemies":"Spire Growth","floor":47,"turns":3},{"damage":9,"enemies":"Writhing Mass","floor":48,"turns":4},{"damage":0,"enemies":"Time Eater","floor":50,"turns":3},{"damage":0,"enemies":"Donu and Deca","floor":51,"turns":3},{"damage":3,"enemies":"Shield and Spear","floor":55,"turns":4},{"damage":19,"enemies":"The Heart","floor":56,"turns":5}],"seed_played":"8652773324319616982","potions_obtained":[{"floor":0,"key":"Explosive Potion"},{"floor":0,"key":"SteroidPotion"},{"floor":8,"key":"SteroidPotion"},{"floor":10,"key":"SkillPotion"},{"floor":16,"key":"Dexterity Potion"},{"floor":45,"key":"AttackPotion"},{"floor":55,"key":"EssenceOfSteel"}],"is_trial":false,"path_per_floor":["M","?","M","$","M","E","R","M","T","E","M","M","M","E","R","B",null,"M","$","M","M","$","R","E","R","T","E","M","?","R","E","R","B",null,"M","?","M","$","?","R","E","R","T","?","M","E","M","M","R","B","B",null,"R","$","E","B",null],"character_chosen":"IRONCLAD","items_purchased":["Omamori","Heavy Blade+1","Shrug It Off","Dark Embrace","Strawberry","Ancient Potion","Evolve"],"campfire_rested":0,"item_purchase_floors":[19,22,22,38,54,54,54],"current_hp_per_floor":[65,65,69,69,70,51,51,42,42,48,50,38,40,36,36,12,59,56,56,56,57,57,57,58,58,58,49,32,32,32,36,36,37,37,37,27,33,33,37,37,37,37,37,37,37,37,37,34,34,37,37,37,37,44,44,44],"gold":239,"neow_bonus":"THREE_SMALL_POTIONS","is_prod":false,"is_daily":false,"chose_seed":false,"campfire_upgraded":6,"win_rate":0,"timestamp":1566852091,"path_taken":["M","?","M","?","M","E","R","M","T","E","M","?","M","E","R","BOSS","M","$","M","M","$","R","E","R","T","E","M","?","R","E","R","BOSS","M","?","M","$","?","R","E","R","T","?","M","E","M","?","R","BOSS","BOSS","R","$","E","BOSS"],"build_version":"2019-07-17","purchased_purges":4,"victory":true,"max_hp_per_floor":[75,75,75,75,75,75,75,75,75,75,75,75,75,75,75,75,75,75,75,75,75,75,75,75,75,75,75,75,37,37,37,37,37,37,37,37,37,37,37,37,37,37,37,37,37,37,37,37,37,37,37,37,37,44,44,44],"card_choices":[{"not_picked":["Warcry","Second Wind"],"picked":"Sword Boomerang","floor":1},{"not_picked":["Pommel Strike","Wild Strike"],"picked":"Spot Weakness","floor":3},{"not_picked":["Armaments","Clash"],"picked":"Thunderclap","floor":5},{"not_picked":["Havoc","Wild Strike"],"picked":"Limit Break","floor":6},{"not_picked":["Rampage","Headbutt"],"picked":"Inflame","floor":8},{"not_picked":["Bloodletting","Rage"],"picked":"Inflame","floor":10},{"not_picked":["Warcry","Clothesline"],"picked":"Headbutt","floor":11},{"not_picked":["Sword Boomerang","Heavy Blade"],"picked":"Flame Barrier","floor":12},{"not_picked":["Twin Strike","Armaments"],"picked":"Corruption","floor":13},{"not_picked":["Whirlwind","Body Slam"],"picked":"Twin Strike","floor":14},{"not_picked":["Barricade","Double Tap"],"picked":"Exhume","floor":16},{"not_picked":["Thunderclap+1","Perfected Strike+1"],"picked":"Sword Boomerang+1","floor":18},{"not_picked":["Wild Strike+1","Thunderclap+1"],"picked":"Shrug It Off","floor":20},{"not_picked":["Warcry","Armaments"],"picked":"Pommel Strike+1","floor":21},{"not_picked":["Hemokinesis+1","Double Tap"],"picked":"Sword Boomerang+1","floor":24},{"not_picked":["Burning Pact","Carnage+1"],"picked":"Shrug It Off","floor":27},{"not_picked":["Flex","Rupture"],"picked":"Battle Trance","floor":28},{"not_picked":["Headbutt+1","Fiend Fire+1"],"picked":"Armaments+1","floor":31},{"not_picked":["Berserk","Immolate+1"],"picked":"Reaper+1","floor":33},{"not_picked":["Sever Soul+1","Pommel Strike+1"],"picked":"Shrug It Off+1","floor":35},{"not_picked":["True Grit","Twin Strike+1"],"picked":"Sentinel+1","floor":37},{"not_picked":["Clash+1","Inflame+1"],"picked":"Juggernaut","floor":41},{"not_picked":["Anger+1","Combust+1","Rupture"],"picked":"SKIP","floor":45},{"not_picked":["Dual Wield+1","Dropkick+1"],"picked":"Shockwave+1","floor":46},{"not_picked":["Rupture","Anger+1"],"picked":"Heavy Blade+1","floor":47},{"not_picked":["Armaments","Warcry","Whirlwind+1"],"picked":"SKIP","floor":48},{"not_picked":["Clash+1","Thunderclap+1","True Grit"],"picked":"SKIP","floor":55}],"player_experience":1979111,"relics_obtained":[{"floor":6,"key":"Incense Burner"},{"floor":9,"key":"Mummified Hand"},{"floor":10,"key":"Red Skull"},{"floor":14,"key":"Molten Egg 2"},{"floor":24,"key":"Darkstone Periapt"},{"floor":26,"key":"Paper Frog"},{"floor":27,"key":"Girya"},{"floor":31,"key":"Matryoshka"},{"floor":39,"key":"Unceasing Top"},{"floor":41,"key":"Self Forming Clay"},{"floor":43,"key":"Boot"},{"floor":44,"key":"Calipers"},{"floor":46,"key":"Bronze Scales"},{"floor":55,"key":"Whetstone"}],"event_choices":[{"damage_healed":0,"gold_gain":0,"player_choice":"Trade","damage_taken":0,"relics_obtained":["SsserpentHead"],"max_hp_gain":0,"max_hp_loss":0,"event_name":"FaceTrader","floor":2,"gold_loss":0},{"damage_healed":0,"gold_gain":0,"player_choice":"Became a Ghost","damage_taken":0,"max_hp_gain":0,"max_hp_loss":38,"event_name":"Ghosts","floor":29,"gold_loss":0,"cards_obtained":["Ghostly","Ghostly","Ghostly"]},{"damage_healed":0,"gold_gain":0,"player_choice":"Memory 3","damage_taken":10,"max_hp_gain":0,"max_hp_loss":0,"event_name":"SensoryStone","floor":36,"gold_loss":0},{"damage_healed":0,"gold_gain":0,"player_choice":"Fight","damage_taken":0,"max_hp_gain":0,"max_hp_loss":0,"event_name":"Mysterious Sphere","floor":39,"gold_loss":0},{"damage_healed":0,"gold_gain":0,"player_choice":"Fight","damage_taken":0,"max_hp_gain":0,"max_hp_loss":0,"event_name":"MindBloom","floor":44,"gold_loss":0}],"is_beta":false,"boss_relics":[{"not_picked":["Coffee Dripper","Lizard Tail"],"picked":"Snecko Eye"},{"not_picked":["Tiny House","Busted Crown"],"picked":"Pandora\u0027s Box"}],"items_purged_floors":[19,22,38,54],"is_endless":false,"potions_floor_spawned":[8,10,11,12,16,21,28,33,35,44,45,47,48,55],"ascension_level":20}