{"gold_per_floor":[114,134,150,170,245,245,280,280,280,296,327,345,363,378,378,378],"floor_reached":16,"playtime":780,"items_purged":[],"score":168,"play_id":"b2e81e6a-d41e-4ff2-af74-a3f332e29314","local_time":"20180905135851","is_ascension_mode":true,"campfire_choices":[{"data":"Whirlwind","floor":6,"key":"SMITH"},{"data":"Flame Barrier","floor":8,"key":"SMITH"},{"data":"True Grit","floor":15,"key":"SMITH"}],"neow_cost":"PERCENT_DAMAGE","seed_source_timestamp":13228586400472,"circlet_count":0,"master_deck":["Strike_R","Strike_R","Strike_R","Strike_R","Defend_R","Defend_R","Defend_R","Bash","Whirlwind+1","Double Tap","Pummel","Power Through","Flame Barrier+1","True Grit+1","Thunderclap","Iron Wave","Shockwave","Corruption"],"relics":["Burning Blood","Strawberry","Darkstone Periapt","Meat on the Bone"],"potions_floor_usage":[2,11,12,16],"damage_taken":[{"damage":7,"enemies":"2 Louse","floor":1,"turns":2},{"damage":3,"enemies":"Jaw Worm","floor":2,"turns":5},{"damage":11,"enemies":"Small Slimes","floor":3,"turns":4},{"damage":10,"enemies":"Red Slaver","floor":4,"turns":4},{"damage":13,"enemies":"3 Sentries","floor":7,"turns":4},{"damage":4,"enemies":"2 Fungi Beasts","floor":10,"turns":4},{"damage":11,"enemies":"Gremlin Nob","floor":11,"turns":3},{"damage":2,"enemies":"Exordium Thugs","floor":12,"turns":3},{"damage":8,"enemies":"3 Louse","floor":13,"turns":2},{"damage":2,"enemies":"Red Slaver","floor":14,"turns":5},{"damage":76,"enemies":"Slime Boss","floor":16,"turns":11}],"seed_played":"6097929009651705047","potions_obtained":[{"floor":1,"key":"Block Potion"},{"floor":3,"key":"Poison Potion"},{"floor":10,"key":"Strength Potion"},{"floor":12,"key":"SkillPotion"},{"floor":14,"key":"FairyPotion"}],"is_trial":false,"path_per_floor":["M","M","M","M","?","R","E","R","T","M","E","M","M","M","R"],"character_chosen":"IRONCLAD","items_purchased":[],"campfire_rested":0,"item_purchase_floors":[],"current_hp_per_floor":[50,53,48,44,33,33,33,33,33,35,30,46,56,60,60,0],"gold":378,"neow_bonus":"TRANSFORM_TWO_CARDS","is_prod":false,"is_daily":false,"chose_seed":false,"campfire_upgraded":3,"win_rate":0,"timestamp":1536148731,"path_taken":["M","M","M","M","?","R","E","R","T","M","E","M","M","M","R","BOSS"],"build_version":"2018-09-04-v2","purchased_purges":0,"victory":false,"max_hp_per_floor":[80,80,80,80,80,80,87,87,87,87,87,87,87,87,87,87],"card_choices":[{"not_picked":["Dual Wield","Blood for Blood"],"picked":"Pummel","floor":1},{"not_picked":["Havoc","Sword Boomerang"],"picked":"Power Through","floor":2},{"not_picked":["Rampage","Body Slam"],"picked":"Flame Barrier","floor":3},{"not_picked":["Heavy Blade","Anger"],"picked":"True Grit","floor":4},{"not_picked":["Demon Form","Iron Wave"],"picked":"Thunderclap","floor":7},{"not_picked":["Rage","True Grit"],"picked":"Iron Wave","floor":10},{"not_picked":["Heavy Blade","Warcry"],"picked":"Shockwave","floor":11},{"not_picked":["Pommel Strike","Clothesline","Sword Boomerang"],"picked":"SKIP","floor":12},{"not_picked":["Uppercut","Cleave"],"picked":"Corruption","floor":13},{"not_picked":["Clash","Burning Pact","Sword Boomerang"],"picked":"SKIP","floor":14}],"player_experience":387368,"relics_obtained":[{"floor":7,"key":"Strawberry"},{"floor":9,"key":"Darkstone Periapt"},{"floor":11,"key":"Meat on the Bone"}],"event_choices":[{"event_name":"World of Goop","player_choice":"Gather Gold","floor":5,"damage_taken":0}],"is_beta":true,"boss_relics":[],"items_purged_floors":[],"is_endless":false,"potions_floor_spawned":[1,3,10,12,14],"killed_by":"Slime Boss","ascension_level":9}