{"path_per_floor":["M","M","M","$","?","R","E","R","T","E","$","M","R","M","R","B",null,"M","?","?","$","M","E","M"],"character_chosen":"DEFECT","items_purchased":["Bandage Up","Lee\u0027s Waffle"],"gold_per_floor":[110,120,138,36,136,136,171,171,195,230,40,56,56,69,69,172,172,191,191,191,116,128,156,168,168],"floor_reached":25,"campfire_rested":0,"playtime":870,"item_purchase_floors":[4,11],"current_hp_per_floor":[74,72,71,71,71,71,41,41,48,30,89,81,81,69,69,50,89,66,66,49,49,59,21,23,0],"items_purged":["Strike_B"],"gold":168,"score":291,"play_id":"4af24310-7be6-4c60-9ca3-06bcd747db0b","local_time":"20180601231106","is_prod":false,"is_daily":false,"chose_seed":false,"is_ascension_mode":true,"campfire_upgraded":4,"win_rate":0,"timestamp":1527887466,"campfire_choices":[{"data":"Double Energy","floor":6,"key":"SMITH"},{"data":"Zap","floor":8,"key":"SMITH"},{"data":"White Noise","floor":13,"key":"SMITH"},{"data":"Tempest","floor":15,"key":"SMITH"}],"path_taken":["M","M","?","$","?","R","E","R","T","E","$","M","R","M","R","BOSS","M","?","?","$","M","E","M","E"],"build_version":"2018-05-30v2","seed_source_timestamp":49601177365678,"purchased_purges":1,"victory":false,"master_deck":["Strike_B","Strike_B","Strike_B","Defend_B","Defend_B","Defend_B","Defend_B","Zap+1","Dualcast","Sunder","Tempest+1","Double Energy+1","Bandage Up","Skim","Redo","White Noise+1","Self Repair","Buffer","Loop+1","Melter","Genetic Algorithm","Rip and Tear+1"],"max_hp_per_floor":[75,75,75,75,75,75,75,75,82,82,89,89,89,89,89,89,89,89,89,94,94,94,94,94,94],"relics":["Cracked Core","Bag of Preparation","Strawberry","DataDisk","Lee\u0027s Waffle","Sozu","Vajra"],"card_choices":[{"not_picked":["Ball Lightning","Turbo"],"picked":"Sunder","floor":1},{"not_picked":["Compile Driver","Cold Snap"],"picked":"Tempest","floor":2},{"not_picked":["Auto Shields","Barrage"],"picked":"Double Energy","floor":3},{"not_picked":["Go for the Eyes","Barrage"],"picked":"Skim","floor":7},{"not_picked":["Compile Driver","Hologram"],"picked":"Redo","floor":10},{"not_picked":["Beam Cell","Rebound"],"picked":"White Noise","floor":12},{"not_picked":["Loop","Ball Lightning"],"picked":"Self Repair","floor":14},{"not_picked":["Fission","Meteor Strike"],"picked":"Buffer","floor":16},{"not_picked":["Fusion+1","Redo"],"picked":"Loop+1","floor":18},{"not_picked":["Ball Lightning","Heatsinks"],"picked":"Melter","floor":22},{"not_picked":["Blizzard+1","Loop"],"picked":"Genetic Algorithm","floor":23},{"not_picked":["Streamline","Sweeping Beam"],"picked":"Rip and Tear+1","floor":24}],"player_experience":259446,"potions_floor_usage":[14,24,24,24],"damage_taken":[{"damage":1,"enemies":"Cultist","floor":1,"turns":3},{"damage":2,"enemies":"Jaw Worm","floor":2,"turns":3},{"damage":1,"enemies":"2 Louse","floor":3,"turns":2},{"damage":34,"enemies":"Gremlin Nob","floor":7,"turns":4},{"damage":22,"enemies":"3 Sentries","floor":10,"turns":5},{"damage":12,"enemies":"Large Slime","floor":12,"turns":4},{"damage":16,"enemies":"Exordium Wildlife","floor":14,"turns":3},{"damage":30,"enemies":"The Guardian","floor":16,"turns":7},{"damage":34,"enemies":"2 Thieves","floor":18,"turns":3},{"damage":1,"enemies":"Spheric Guardian","floor":22,"turns":3},{"damage":49,"enemies":"Slavers","floor":23,"turns":4},{"damage":16,"enemies":"3 Cultists","floor":24,"turns":5},{"damage":47,"enemies":"Book of Stabbing","floor":25,"turns":3}],"relics_obtained":[{"floor":7,"key":"Bag of Preparation"},{"floor":9,"key":"Strawberry"},{"floor":10,"key":"DataDisk"},{"floor":23,"key":"Vajra"}],"event_choices":[{"event_name":"Golden Shrine","player_choice":"Pray","floor":5,"damage_taken":0},{"event_name":"Drug Dealer","player_choice":"Ignored","floor":19,"damage_taken":0},{"event_name":"Forgotten Altar","player_choice":"Shed Blood","floor":20,"damage_taken":0}],"boss_relics":[{"not_picked":["Black Star","Astrolabe"],"picked":"Sozu"}],"items_purged_floors":[21],"potions_floor_spawned":[7,10,12,16,24],"seed_played":"3880705164515310218","killed_by":"Book of Stabbing","ascension_level":3,"potions_obtained":[{"floor":7,"key":"SneckoOil"},{"floor":10,"key":"Dexterity Potion"},{"floor":12,"key":"AttackPotion"},{"floor":16,"key":"EssenceOfSteel"}],"is_trial":false}