{"gold_per_floor":[165,165,177,48,123,123,158,158,204,102,122,154,154,179,179,277,277,288,15,35,310,327,327,354,354,354,387,406,406,423,441,441,536,536,546,12,23,75,175,175,175,207,207,207,224,224,250,150,150,150],"floor_reached":51,"playtime":5028,"items_purged":["Regret","Pain"],"score":871,"play_id":"9dbe1da6-087e-4fc6-8a58-d8c8fbf753ee","local_time":"20191001145701","is_ascension_mode":true,"campfire_choices":[{"floor":6.0,"key":"REST"},{"data":"Backflip","floor":8.0,"key":"SMITH"},{"floor":13.0,"key":"REST"},{"data":"Dodge and Roll","floor":15.0,"key":"SMITH"},{"data":"Escape Plan","floor":23.0,"key":"SMITH"},{"floor":25.0,"key":"REST"},{"floor":32.0,"key":"REST"},{"floor":40,"key":"REST"},{"data":"Backflip","floor":41,"key":"SMITH"},{"floor":44,"key":"REST"},{"data":"Dodge and Roll","floor":46,"key":"SMITH"},{"floor":49,"key":"REST"}],"neow_cost":"NONE","seed_source_timestamp":87759329130600,"circlet_count":0,"master_deck":["Strike_G+1","Strike_G+1","Strike_G+1","Strike_G+1","Strike_G+1","Defend_G+1","Defend_G+1","Defend_G+1","Defend_G+1","Defend_G+1","Survivor","Neutralize","PiercingWail","Poisoned Stab","Catalyst","Backflip+1","Madness","Noxious Fumes","Footwork","PiercingWail","Skewer","Dodge and Roll+1","Expertise","Corpse Explosion","Decay","Injury","Quick Slash+1","Escape Plan+1","Dodge and Roll+1","Adrenaline","Acrobatics","Backflip+1","Leg Sweep","After Image","Well Laid Plans+1","PiercingWail+1","Bouncing Flask","Calculated Gamble","Noxious Fumes","Deflect+1","Bouncing Flask","Catalyst"],"special_seed":0,"relics":["Tiny House","Ninja Scroll","Bag of Marbles","Happy Flower","Darkstone Periapt","Question Card","Calling Bell","Boot","Sundial","Incense Burner","TwistedFunnel","Dream Catcher","Meat on the Bone","Matryoshka","Runic Pyramid","Dodecahedron","Sling","Tough Bandages","WingedGreaves","Kunai","Anchor","Frozen Egg 2","Centennial Puzzle"],"potions_floor_usage":[],"damage_taken":[{"damage":0.0,"enemies":"2 Louse","floor":1.0,"turns":3.0},{"damage":0.0,"enemies":"Jaw Worm","floor":3.0,"turns":2.0},{"damage":16.0,"enemies":"Gremlin Nob","floor":7.0,"turns":4.0},{"damage":0.0,"enemies":"Cultist","floor":11.0,"turns":2.0},{"damage":20.0,"enemies":"3 Sentries","floor":12.0,"turns":8.0},{"damage":4.0,"enemies":"Gremlin Nob","floor":14.0,"turns":3.0},{"damage":27.0,"enemies":"Slime Boss","floor":16.0,"turns":13.0},{"damage":8.0,"enemies":"Shell Parasite","floor":18.0,"turns":5.0},{"damage":2.0,"enemies":"Chosen","floor":20.0,"turns":3.0},{"damage":3.0,"enemies":"3 Cultists","floor":22.0,"turns":3.0},{"damage":44.0,"enemies":"Book of Stabbing","floor":24.0,"turns":8.0},{"damage":25.0,"enemies":"Slavers","floor":27.0,"turns":5.0},{"damage":24.0,"enemies":"Snake Plant","floor":28.0,"turns":5.0},{"damage":5.0,"enemies":"Shelled Parasite and Fungi","floor":30.0,"turns":5.0},{"damage":16.0,"enemies":"Cultist and Chosen","floor":31.0,"turns":4.0},{"damage":57.0,"enemies":"Collector","floor":33.0,"turns":10.0},{"damage":6.0,"enemies":"Orb Walker","floor":35.0,"turns":6.0},{"damage":11,"enemies":"3 Shapes","floor":37,"turns":2},{"damage":23,"enemies":"2 Orb Walkers","floor":38,"turns":5},{"damage":6,"enemies":"Mind Bloom Boss Battle","floor":39,"turns":9},{"damage":31,"enemies":"Nemesis","floor":42,"turns":7},{"damage":0,"enemies":"Jaw Worm Horde","floor":45,"turns":2},{"damage":38,"enemies":"Reptomancer","floor":47,"turns":7},{"damage":58,"enemies":"Time Eater","floor":50,"turns":10}],"seed_played":"4217761124930845771","potions_obtained":[{"floor":0.0,"key":"Strength Potion"},{"floor":11.0,"key":"SpeedPotion"},{"floor":16.0,"key":"Fruit Juice"},{"floor":22.0,"key":"AttackPotion"},{"floor":27.0,"key":"FairyPotion"},{"floor":28.0,"key":"Ancient Potion"},{"floor":33.0,"key":"GamblersBrew"},{"floor":37,"key":"AttackPotion"},{"floor":38,"key":"SpeedPotion"}],"is_trial":false,"path_per_floor":["M","?","M","$","?","R","E","R","T","$","M","E","R","E","R","B",null,"M","$","M","?","M","R","E","R","T","E","M","?","M","M","R","B",null,"M","$","M","?","?","R","R","E","T","R","M","R","E","$","R","B",null],"character_chosen":"THE_SILENT","items_purchased":["Backflip","Madness","Footwork","PiercingWail","TwistedFunnel","Escape Plan","Dodecahedron","Sling"],"campfire_rested":7,"item_purchase_floors":[4,4,10,10,19,19,36,36],"current_hp_per_floor":[75,63,63,63,52,74,58,58,58,58,58,38,60,56,56,34,98,90,90,88,94,91,91,47,78,78,53,41,41,48,44,75,30,104,98,98,87,64,58,89,89,58,58,89,89,89,63,63,94,48],"gold":150,"neow_bonus":"BOSS_RELIC","is_prod":false,"is_daily":false,"chose_seed":false,"campfire_upgraded":5,"win_rate":0,"timestamp":1569934621,"path_taken":["M","?","M","$","?","R","E","R","T","$","?","E","R","E","R","BOSS","M","?","M","?","M","R","E","R","T","E","?","?","M","M","R","BOSS","M","$","M","?","?","R","R","E","T","R","M","R","E","$","R","BOSS"],"build_version":"2019-07-05","purchased_purges":2,"victory":true,"max_hp_per_floor":[75,75,75,75,75,75,75,75,75,75,75,75,75,75,75,80,98,98,98,98,104,104,104,104,104,104,104,104,104,104,104,104,104,104,104,104,104,104,104,104,104,104,104,104,104,104,104,104,104,104],"card_choices":[{"not_picked":["Underhanded Strike","Endless Agony"],"picked":"PiercingWail","floor":0.0},{"not_picked":["Heel Hook","Infinite Blades"],"picked":"Poisoned Stab","floor":1.0},{"not_picked":["Poisoned Stab","Underhanded Strike"],"picked":"Catalyst","floor":3.0},{"not_picked":["Eviscerate","Dagger Spray"],"picked":"Noxious Fumes","floor":7.0},{"not_picked":["Reflex","Caltrops"],"picked":"Skewer","floor":11.0},{"not_picked":["Flying Knee","Die Die Die"],"picked":"Dodge and Roll","floor":12.0},{"not_picked":["Slice","Riddle With Holes"],"picked":"Expertise","floor":14.0},{"not_picked":["Night Terror","Venomology","Tools of the Trade"],"picked":"Corpse Explosion","floor":16.0},{"not_picked":["Poisoned Stab+1","Blade Dance+1","Dagger Spray+1"],"picked":"Quick Slash+1","floor":18.0},{"not_picked":["Sucker Punch","Distraction","Underhanded Strike"],"picked":"Dodge and Roll","floor":20.0},{"not_picked":["Prepared","Backflip","Outmaneuver+1"],"picked":"Adrenaline","floor":22.0},{"not_picked":["Reflex","Tactician","Flying Knee","Phantasmal Killer"],"picked":"SKIP","floor":24.0},{"not_picked":["Blade Dance+1","Sucker Punch","Dagger Spray"],"picked":"Acrobatics","floor":25.0},{"not_picked":["Poisoned Stab+1","Infinite Blades","Eviscerate"],"picked":"Backflip","floor":27.0},{"not_picked":["Endless Agony+1","Blade Dance+1","Choke","Flying Knee"],"picked":"SKIP","floor":28.0},{"not_picked":["Bane","Blade Dance","Deadly Poison"],"picked":"Leg Sweep","floor":30.0},{"not_picked":["Slice","Noxious Fumes","Dagger Spray"],"picked":"After Image","floor":31.0},{"not_picked":["Dagger Spray+1","Reflex","Backstab+1"],"picked":"Well Laid Plans+1","floor":32.0},{"not_picked":["PiercingWail","Dagger Spray+1","Bane","Blade Dance+1"],"picked":"SKIP","floor":35.0},{"not_picked":["Predator","Reflex","Poisoned Stab+1"],"picked":"PiercingWail+1","floor":37},{"not_picked":["Deadly Poison","Deflect","PiercingWail+1"],"picked":"Bouncing Flask","floor":38},{"not_picked":["Glass Knife","Backstab","Bane"],"picked":"Calculated Gamble","floor":39},{"not_picked":["Infinite Blades","Dagger Spray","Poisoned Stab+1"],"picked":"Noxious Fumes","floor":40},{"not_picked":["Dagger Spray+1","Masterful Stab+1","Eviscerate"],"picked":"Deflect+1","floor":42},{"not_picked":["Backflip","Flying Knee","Heel Hook+1"],"picked":"Bouncing Flask","floor":44},{"not_picked":["Slice+1","Deadly Poison","Dagger Throw"],"picked":"Catalyst","floor":45},{"not_picked":["Expertise+1","All Out Attack","Flying Knee","Poisoned Stab+1"],"picked":"SKIP","floor":47}],"player_experience":69299,"relics_obtained":[{"floor":7.0,"key":"Bag of Marbles"},{"floor":9.0,"key":"Happy Flower"},{"floor":12.0,"key":"Darkstone Periapt"},{"floor":14.0,"key":"Question Card"},{"floor":17.0,"key":"Boot"},{"floor":17.0,"key":"Sundial"},{"floor":17.0,"key":"Incense Burner"},{"floor":24.0,"key":"Dream Catcher"},{"floor":26.0,"key":"Meat on the Bone"},{"floor":27.0,"key":"Matryoshka"},{"floor":38,"key":"Tough Bandages"},{"floor":39,"key":"WingedGreaves"},{"floor":42,"key":"Kunai"},{"floor":43,"key":"Anchor"},{"floor":43,"key":"Frozen Egg 2"},{"floor":47,"key":"Centennial Puzzle"}],"event_choices":[{"damage_healed":0.0,"max_hp_gain":0.0,"max_hp_loss":0.0,"gold_gain":0.0,"event_name":"Scrap Ooze","player_choice":"Success","floor":2.0,"gold_loss":0.0,"damage_taken":12.0,"relics_obtained":["Ninja Scroll"]},{"damage_healed":0.0,"max_hp_gain":0.0,"max_hp_loss":0.0,"gold_gain":75.0,"event_name":"World of Goop","player_choice":"Gather Gold","floor":5.0,"gold_loss":0.0,"damage_taken":11.0},{"damage_healed":0.0,"max_hp_gain":0.0,"max_hp_loss":0.0,"gold_gain":275.0,"event_name":"Golden Shrine","player_choice":"Desecrate","floor":21.0,"gold_loss":0.0,"damage_taken":0.0,"cards_obtained":["Regret"]},{"damage_healed":0.0,"max_hp_gain":0.0,"max_hp_loss":0.0,"gold_gain":0.0,"event_name":"Back to Basics","player_choice":"Simplicity","floor":29.0,"gold_loss":0.0,"damage_taken":0.0,"cards_upgraded":["Strike_G","Strike_G","Strike_G","Strike_G","Defend_G","Defend_G","Defend_G","Defend_G","Defend_G"]},{"damage_healed":0,"gold_gain":0,"player_choice":"Fight","damage_taken":0,"max_hp_gain":0,"max_hp_loss":0,"event_name":"Mysterious Sphere","floor":38,"gold_loss":0},{"damage_healed":0,"gold_gain":0,"player_choice":"Fight","damage_taken":0,"max_hp_gain":0,"max_hp_loss":0,"event_name":"MindBloom","floor":39,"gold_loss":0}],"is_beta":false,"boss_relics":[{"not_picked":["Cursed Key","White Beast Statue"],"picked":"Calling Bell"},{"not_picked":["Eternal Feather","HoveringKite"],"picked":"Runic Pyramid"}],"items_purged_floors":[36,48],"is_endless":false,"potions_floor_spawned":[11,16,22,27,28,33,37,38,39],"ascension_level":1}