{"path_per_floor":["M","M","M","?","$","R","E","R","T","E","R","E","R","E","R","B",null,"M","M","?","?","$","R","E","R","T","R","E","M","$"],"character_chosen":"THE_SILENT","items_purchased":["Pen Nib","Toolbox","Accuracy"],"gold_per_floor":[117,137,154,154,10,10,43,43,43,78,78,106,106,136,136,237,237,251,269,269,269,29,29,62,62,140,140,165,181,95,95],"floor_reached":31,"campfire_rested":3,"playtime":1605,"item_purchase_floors":[5,22,30],"current_hp_per_floor":[69,68,68,54,54,54,41,41,41,30,30,12,33,28,28,51,70,62,41,28,28,28,50,22,22,22,46,6,6,6,0],"items_purged":["Strike_G"],"gold":95,"score":356,"play_id":"b724b8b6-cda3-4657-84e0-b05e24503be3","local_time":"20180525143311","is_prod":false,"is_daily":false,"chose_seed":false,"is_ascension_mode":true,"campfire_upgraded":5,"win_rate":0,"timestamp":1527251591,"campfire_choices":[{"data":"Doppelganger","floor":6,"key":"SMITH"},{"data":"Dash","floor":8,"key":"SMITH"},{"data":"Noxious Fumes","floor":11,"key":"SMITH"},{"floor":13,"key":"REST"},{"data":"Sucker Punch","floor":15,"key":"SMITH"},{"floor":23,"key":"REST"},{"data":"Envenom","floor":25,"key":"SMITH"},{"floor":27,"key":"REST"}],"path_taken":["M","M","M","?","$","R","E","R","T","E","R","E","R","E","R","BOSS","M","M","?","?","$","R","E","R","T","R","E","M","$","M"],"build_version":"2018-05-24","seed_source_timestamp":12347325526141,"purchased_purges":1,"victory":false,"master_deck":["Defend_G","Defend_G+1","Defend_G","Defend_G","Defend_G","Strike_G","Strike_G","Strike_G+1","Strike_G","Survivor","Neutralize","Doppelganger+1","Dagger Spray","Sucker Punch+1","Heel Hook","Dash+1","Noxious Fumes+1","Leg Sweep","Concentrate","Envenom+1","Cloak And Dagger","Blade Dance","Noxious Fumes","Deadly Poison","All Out Attack+1","Accuracy"],"max_hp_per_floor":[70,70,70,70,70,70,70,70,70,70,70,70,70,70,70,70,70,70,70,75,75,75,75,82,82,82,82,82,82,82,82],"relics":["Ring of the Snake","Pen Nib","Smiling Mask","Letter Opener","Bottled Flame","Bronze Scales","Pantograph","Black Star","Toolbox","Bag of Marbles","Strawberry","Ninja Scroll","Boot","Potion Belt"],"card_choices":[{"not_picked":["PiercingWail","Cloak And Dagger"],"picked":"Dagger Spray","floor":1},{"not_picked":["Flechettes","Concentrate"],"picked":"Sucker Punch","floor":2},{"not_picked":["Blur","PiercingWail"],"picked":"Heel Hook","floor":3},{"not_picked":["Poisoned Stab","Calculated Gamble"],"picked":"Dash","floor":7},{"not_picked":["A Thousand Cuts","Outmaneuver"],"picked":"Noxious Fumes","floor":10},{"not_picked":["Infinite Blades","Flying Knee"],"picked":"Leg Sweep","floor":12},{"not_picked":["Well Laid Plans","Dagger Spray"],"picked":"Concentrate","floor":14},{"not_picked":["Glass Knife","A Thousand Cuts"],"picked":"Envenom","floor":16},{"not_picked":["Deflect","Well Laid Plans"],"picked":"Cloak And Dagger","floor":18},{"not_picked":["Calculated Gamble","Finisher"],"picked":"Blade Dance","floor":19},{"not_picked":["Underhanded Strike+1","Escape Plan"],"picked":"Noxious Fumes","floor":24},{"not_picked":["Slice","Backstab"],"picked":"Deadly Poison","floor":28},{"not_picked":["Grand Finale","Dagger Spray"],"picked":"All Out Attack+1","floor":29}],"player_experience":204000,"potions_floor_usage":[24,31,31,31],"damage_taken":[{"damage":1,"enemies":"Small Slimes","floor":1,"turns":4},{"damage":1,"enemies":"2 Louse","floor":2,"turns":2},{"damage":0,"enemies":"Cultist","floor":3,"turns":4},{"damage":13,"enemies":"Gremlin Nob","floor":7,"turns":4},{"damage":11,"enemies":"3 Sentries","floor":10,"turns":6},{"damage":18,"enemies":"Gremlin Nob","floor":12,"turns":4},{"damage":5,"enemies":"Lagavulin","floor":14,"turns":6},{"damage":2,"enemies":"The Guardian","floor":16,"turns":10},{"damage":8,"enemies":"Chosen","floor":18,"turns":6},{"damage":21,"enemies":"Spheric Guardian","floor":19,"turns":5},{"damage":35,"enemies":"Slavers","floor":24,"turns":5},{"damage":40,"enemies":"Gremlin Leader","floor":28,"turns":6},{"damage":0,"enemies":"Snecko","floor":29,"turns":2},{"damage":32,"enemies":"Sentry and Sphere","floor":31,"turns":4}],"relics_obtained":[{"floor":7,"key":"Smiling Mask"},{"floor":9,"key":"Letter Opener"},{"floor":10,"key":"Bottled Flame"},{"floor":12,"key":"Bronze Scales"},{"floor":14,"key":"Pantograph"},{"floor":24,"key":"Bag of Marbles"},{"floor":24,"key":"Strawberry"},{"floor":26,"key":"Ninja Scroll"},{"floor":28,"key":"Boot"},{"floor":28,"key":"Potion Belt"}],"event_choices":[{"event_name":"Shining Light","player_choice":"Entered Light","floor":4,"damage_taken":0},{"event_name":"Forgotten Altar","player_choice":"Shed Blood","floor":20,"damage_taken":0},{"event_name":"Drug Dealer","player_choice":"Ignored","floor":21,"damage_taken":0}],"boss_relics":[{"not_picked":["White Beast Statue","Lizard Tail"],"picked":"Black Star"}],"items_purged_floors":[30],"potions_floor_spawned":[12,16,18,28,29],"seed_played":"-8526692428104670364","killed_by":"Sentry and Sphere","ascension_level":4,"potions_obtained":[{"floor":12,"key":"Ancient Potion"},{"floor":16,"key":"Explosive Potion"},{"floor":18,"key":"Regen Potion"},{"floor":28,"key":"FairyPotion"},{"floor":29,"key":"Energy Potion"}],"is_trial":false}