{"gold_per_floor":[110,110,110,10,10,10,22,22,22,22,50,50,84,84],"floor_reached":14,"playtime":379,"items_purged":[],"score":174,"play_id":"5c6cd4cb-f435-4ff5-acc1-ee19facfb0e6","local_time":"20181027105130","is_ascension_mode":true,"campfire_choices":[{"data":"Streamline","floor":6,"key":"SMITH"},{"floor":10,"key":"REST"}],"neow_cost":"NONE","seed_source_timestamp":10099313899540,"circlet_count":0,"master_deck":["Strike_B","Strike_B","Strike_B","Strike_B","Defend_B","Defend_B","Defend_B+1","Defend_B","Zap","Dualcast","AscendersBane","Streamline+1","Cold Snap","Rip and Tear","Static Discharge","Beam Cell","Ball Lightning+1","Compile Driver","Coolheaded"],"relics":["Cracked Core","Juzu Bracelet","Frozen Egg 2","Mercury Hourglass","Bottled Lightning","Lantern"],"potions_floor_usage":[11,13],"damage_taken":[{"damage":5,"enemies":"2 Louse","floor":1,"turns":3},{"damage":6,"enemies":"Small Slimes","floor":7,"turns":2},{"damage":15,"enemies":"Lagavulin","floor":11,"turns":4},{"damage":14,"enemies":"Gremlin Nob","floor":13,"turns":3},{"damage":7,"enemies":"Jaw Worm","floor":14,"turns":1}],"seed_played":"8988940158371735509","potions_obtained":[{"floor":1,"key":"PowerPotion"},{"floor":11,"key":"FearPotion"}],"is_trial":false,"path_per_floor":["M","?","?","$","?","R","M","?","T","R","E","T","E"],"character_chosen":"DEFECT","items_purchased":["Cold Snap","Rip and Tear"],"campfire_rested":1,"item_purchase_floors":[4,4],"current_hp_per_floor":[59,59,41,41,41,41,35,14,14,35,20,20,6,0],"gold":84,"neow_bonus":"RANDOM_COMMON_RELIC","is_prod":false,"is_daily":false,"chose_seed":false,"campfire_upgraded":1,"win_rate":0,"timestamp":1540630290,"path_taken":["M","?","?","$","?","R","M","?","T","R","E","?","E","M"],"build_version":"2018-10-25v2","purchased_purges":0,"victory":false,"max_hp_per_floor":[71,71,71,71,71,71,71,71,71,71,71,71,71,71],"card_choices":[{"not_picked":["Steam Power","Reinforced Body"],"picked":"Streamline","floor":1},{"not_picked":["Heatsinks","Barrage"],"picked":"Ball Lightning","floor":7},{"not_picked":["Amplify","Reprogram"],"picked":"Compile Driver","floor":11},{"not_picked":["Skim","Sweeping Beam"],"picked":"Coolheaded","floor":13}],"player_experience":689417,"relics_obtained":[{"floor":9,"key":"Frozen Egg 2"},{"floor":11,"key":"Mercury Hourglass"},{"floor":12,"key":"Bottled Lightning"},{"floor":13,"key":"Lantern"}],"event_choices":[{"damage_healed":0,"gold_gain":0,"player_choice":"Ignored","damage_taken":0,"max_hp_gain":0,"max_hp_loss":0,"event_name":"Liars Game","floor":2,"gold_loss":0},{"damage_healed":0,"gold_gain":0,"player_choice":"Fled","damage_taken":18,"max_hp_gain":0,"max_hp_loss":0,"event_name":"Scrap Ooze","floor":3,"gold_loss":0},{"damage_healed":0,"gold_gain":0,"player_choice":"2 cards matched","damage_taken":0,"max_hp_gain":0,"max_hp_loss":0,"event_name":"Match and Keep!","floor":5,"gold_loss":0,"cards_obtained":["Static Discharge","Beam Cell"]},{"damage_healed":0,"gold_gain":0,"player_choice":"Entered Light","damage_taken":21,"max_hp_gain":0,"max_hp_loss":0,"event_name":"Shining Light","floor":8,"gold_loss":0,"cards_upgraded":["Ball Lightning","Defend_B"]}],"is_beta":true,"boss_relics":[],"items_purged_floors":[],"is_endless":false,"potions_floor_spawned":[1,11],"killed_by":"Jaw Worm","ascension_level":17}