{"gold_per_floor":[112,123,123,48,22,57,72,87,110,9,9,37,37,63,63,142,142,153,153,153,78,93,104,124,151,151,151,179,179,139,170,170,242,242,253,269,269,1268,540,574,574,598,670,680,692,692,692],"floor_reached":47,"playtime":1991,"items_purged":["Strike_G","Normality"],"score":1133,"play_id":"981376c6-beed-4e2b-8624-1f9ab09e3b20","local_time":"20190920112443","is_ascension_mode":true,"campfire_choices":[{"data":"Poisoned Stab","floor":11.0,"key":"SMITH"},{"floor":13.0,"key":"REST"},{"data":"Deadly Poison","floor":15.0,"key":"SMITH"},{"floor":27.0,"key":"REST"},{"data":"Noxious Fumes","floor":29.0,"key":"SMITH"},{"floor":32.0,"key":"REST"},{"floor":46,"key":"REST"}],"neow_cost":"NONE","seed_source_timestamp":0,"circlet_count":0,"master_deck":["AscendersBane","Defend_G","Defend_G","Defend_G","Defend_G","Defend_G","Survivor","Neutralize","Poisoned Stab+1","Backstab","Flying Knee","Leg Sweep","PiercingWail","Deadly Poison+1","After Image","Cloak And Dagger","Noxious Fumes+1","Calculated Gamble","Deadly Poison","Leg Sweep+1","Die Die Die","Doppelganger+1","Dodge and Roll+1","Slice+1","Backflip","Backstab","Normality","Well Laid Plans","Well Laid Plans","Apotheosis","Dark Shackles"],"special_seed":0,"relics":["Ring of the Snake","NeowsBlessing","Bag of Marbles","Snake Skull","Akabeko","Ginger","Vajra","SacredBark","Pear","Anchor","White Beast Statue","InkBottle","The Courier","Astrolabe","Mummified Hand","Bottled Tornado","Happy Flower","HornCleat","Frozen Egg 2"],"potions_floor_usage":[45,47],"damage_taken":[{"damage":0.0,"enemies":"2 Louse","floor":1.0,"turns":1.0},{"damage":0.0,"enemies":"Jaw Worm","floor":2.0,"turns":1.0},{"damage":0.0,"enemies":"Gremlin Nob","floor":6.0,"turns":1.0},{"damage":0.0,"enemies":"Small Slimes","floor":7.0,"turns":3.0},{"damage":14.0,"enemies":"Exordium Thugs","floor":8.0,"turns":6.0},{"damage":20.0,"enemies":"Lagavulin","floor":12.0,"turns":3.0},{"damage":6.0,"enemies":"3 Sentries","floor":14.0,"turns":11.0},{"damage":2.0,"enemies":"The Guardian","floor":16.0,"turns":10.0},{"damage":0.0,"enemies":"Chosen","floor":18.0,"turns":3.0},{"damage":13.0,"enemies":"Spheric Guardian","floor":22.0,"turns":5.0},{"damage":22.0,"enemies":"Chosen and Byrds","floor":23.0,"turns":7.0},{"damage":12.0,"enemies":"3 Cultists","floor":24.0,"turns":7.0},{"damage":34.0,"enemies":"Slavers","floor":25.0,"turns":7.0},{"damage":8.0,"enemies":"Gremlin Leader","floor":28.0,"turns":7.0},{"damage":30.0,"enemies":"Slavers","floor":31.0,"turns":8.0},{"damage":15.0,"enemies":"Automaton","floor":33.0,"turns":10.0},{"damage":18.0,"enemies":"3 Darklings","floor":35.0,"turns":3.0},{"damage":7.0,"enemies":"Orb Walker","floor":36.0,"turns":4.0},{"damage":12.0,"enemies":"Nemesis","floor":40.0,"turns":9.0},{"damage":0.0,"enemies":"Maw","floor":44.0,"turns":7.0},{"damage":1,"enemies":"Spire Growth","floor":45,"turns":5},{"damage":51,"enemies":"Giant Head","floor":47,"turns":9}],"seed_played":"6418049743130605990","potions_obtained":[{"floor":1.0,"key":"AttackPotion"},{"floor":14.0,"key":"Regen Potion"},{"floor":16.0,"key":"SpeedPotion"},{"floor":25.0,"key":"SpeedPotion"},{"floor":28.0,"key":"GamblersBrew"},{"floor":30.0,"key":"Ancient Potion"},{"floor":31.0,"key":"GhostInAJar"},{"floor":33.0,"key":"Strength Potion"},{"floor":35.0,"key":"SpeedPotion"},{"floor":45,"key":"SpeedPotion"}],"is_trial":false,"path_per_floor":["M","M","?","?","$","E","M","M","T","?","R","E","R","E","R","B",null,"M","?","T","$","M","M","M","E","T","R","E","R","?","E","R","B",null,"M","M","?","?","$","E","?","T","T","M","M","R","E"],"character_chosen":"THE_SILENT","items_purchased":["Flying Knee","Well Laid Plans","Mummified Hand","Bottled Tornado","Happy Flower","Well Laid Plans"],"campfire_rested":4,"item_purchase_floors":[5,39,39,39,39,39],"current_hp_per_floor":[59,59,52,52,52,52,52,38,38,38,38,18,37,31,31,29,57,57,39,49,49,36,14,51,17,17,41,33,33,33,3,27,12,64,46,39,39,39,39,27,17,17,17,17,16,40,0],"gold":692,"neow_bonus":"THREE_ENEMY_KILL","is_prod":false,"is_daily":false,"chose_seed":false,"campfire_upgraded":3,"win_rate":0,"timestamp":1568971483,"path_taken":["M","M","?","?","?","E","M","M","T","?","R","E","R","E","R","BOSS","M","?","?","$","M","M","M","E","T","R","E","R","?","E","R","BOSS","M","?","?","?","$","E","?","?","T","M","M","R","E"],"build_version":"2019-09-19","purchased_purges":2,"victory":false,"max_hp_per_floor":[66,66,66,66,66,66,66,66,66,66,66,66,66,66,66,66,66,66,71,81,81,81,81,81,81,81,81,81,81,81,81,81,81,81,81,81,81,81,81,81,81,81,81,81,81,81,81],"card_choices":[{"not_picked":["Choke","Terror"],"picked":"Poisoned Stab","floor":1.0},{"not_picked":["Leg Sweep","Cloak And Dagger"],"picked":"Backstab","floor":2.0},{"not_picked":["Bane","Cloak And Dagger"],"picked":"Leg Sweep","floor":6.0},{"not_picked":["Eviscerate","Blade Dance","Infinite Blades"],"picked":"SKIP","floor":7.0},{"not_picked":["Underhanded Strike","Escape Plan"],"picked":"PiercingWail","floor":8.0},{"not_picked":["Storm of Steel","Tactician","Underhanded Strike"],"picked":"SKIP","floor":12.0},{"not_picked":["Underhanded Strike","Cloak And Dagger"],"picked":"Deadly Poison","floor":14.0},{"not_picked":["Burst","Tools of the Trade"],"picked":"After Image","floor":16.0},{"not_picked":["Sucker Punch","Accuracy"],"picked":"Cloak And Dagger","floor":18.0},{"not_picked":["Calculated Gamble","Catalyst"],"picked":"Noxious Fumes","floor":22.0},{"not_picked":["Underhanded Strike","Terror"],"picked":"Calculated Gamble","floor":23.0},{"not_picked":["Endless Agony","Sucker Punch"],"picked":"Poisoned Stab","floor":24.0},{"not_picked":["Expertise","Riddle With Holes"],"picked":"Deadly Poison","floor":25.0},{"not_picked":["Eviscerate","Outmaneuver"],"picked":"Leg Sweep+1","floor":28.0},{"not_picked":["Predator+1","Dagger Spray","Deadly Poison"],"picked":"SKIP","floor":31.0},{"not_picked":["Bullet Time","Storm of Steel"],"picked":"Die Die Die","floor":33.0},{"not_picked":["Blade Dance","Tactician+1"],"picked":"Backflip","floor":35.0},{"not_picked":["Outmaneuver","Prepared+1"],"picked":"Backstab","floor":36.0},{"not_picked":["Quick Slash","Flechettes","Predator"],"picked":"SKIP","floor":40.0},{"not_picked":["Sadistic Nature","Blind"],"picked":"Apotheosis","floor":41.0},{"not_picked":["Impatience","Transmutation"],"picked":"Dark Shackles","floor":41.0},{"not_picked":["Acrobatics","Poisoned Stab","Quick Slash"],"picked":"SKIP","floor":44.0},{"not_picked":["Eviscerate","Prepared","Acrobatics"],"picked":"SKIP","floor":45}],"player_experience":2079282,"relics_obtained":[{"floor":6.0,"key":"Bag of Marbles"},{"floor":9.0,"key":"Snake Skull"},{"floor":12.0,"key":"Ginger"},{"floor":14.0,"key":"Vajra"},{"floor":20.0,"key":"Pear"},{"floor":25.0,"key":"Anchor"},{"floor":26.0,"key":"White Beast Statue"},{"floor":28.0,"key":"InkBottle"},{"floor":31.0,"key":"The Courier"},{"floor":40.0,"key":"HornCleat"},{"floor":43.0,"key":"Frozen Egg 2"}],"event_choices":[{"cards_removed":["Strike_G"],"damage_healed":0.0,"max_hp_gain":0.0,"max_hp_loss":0.0,"gold_gain":0.0,"event_name":"Golden Wing","player_choice":"Card Removal","floor":3.0,"gold_loss":0.0,"damage_taken":7.0},{"cards_removed":["Strike_G"],"damage_healed":0.0,"max_hp_gain":0.0,"max_hp_loss":0.0,"gold_gain":0.0,"event_name":"The Cleric","player_choice":"Card Removal","floor":4.0,"gold_loss":75.0,"damage_taken":0.0},{"damage_healed":0.0,"max_hp_gain":0.0,"max_hp_loss":0.0,"gold_gain":0.0,"event_name":"WeMeetAgain","player_choice":"Paid Gold","floor":10.0,"gold_loss":101.0,"damage_taken":0.0,"relics_obtained":["Akabeko"]},{"damage_healed":0.0,"max_hp_gain":5.0,"max_hp_loss":0.0,"gold_gain":0.0,"event_name":"Forgotten Altar","player_choice":"Shed Blood","floor":19.0,"gold_loss":0.0,"damage_taken":23.0},{"damage_healed":0.0,"max_hp_gain":0.0,"max_hp_loss":0.0,"gold_gain":0.0,"event_name":"The Woman in Blue","player_choice":"Bought 3 Potions","floor":30.0,"gold_loss":0.0,"damage_taken":0.0},{"damage_healed":0.0,"max_hp_gain":0.0,"max_hp_loss":0.0,"gold_gain":0.0,"event_name":"Tomb of Lord Red Mask","player_choice":"Ignored","floor":37.0,"gold_loss":0.0,"damage_taken":0.0},{"damage_healed":0.0,"max_hp_gain":0.0,"max_hp_loss":0.0,"gold_gain":999.0,"event_name":"MindBloom","player_choice":"Gold","floor":38.0,"gold_loss":0.0,"damage_taken":0.0,"cards_obtained":["Normality","Normality"]},{"damage_healed":0.0,"max_hp_gain":0.0,"max_hp_loss":0.0,"gold_gain":0.0,"event_name":"SensoryStone","player_choice":"Memory 3","floor":41.0,"gold_loss":0.0,"damage_taken":10.0}],"is_beta":true,"boss_relics":[{"not_picked":["Velvet Choker","Runic Dome"],"picked":"SacredBark"},{"not_picked":["Calling Bell","Runic Pyramid"],"picked":"Astrolabe"}],"items_purged_floors":[21,39],"is_endless":false,"potions_floor_spawned":[1,14,16,23,25,28,31,33,35,36,40,44,45],"killed_by":"Giant Head","ascension_level":20}