{"gold_per_floor":[18,29,29,29,50,50,65,65,65,65,89,132,155,80,80,174,174,153,153,166,9,32,32,75,95,118,118,134,134,150,189,201,213],"floor_reached":33,"playtime":1314,"items_purged":["Strike_G","Pain"],"score":578,"play_id":"cd92bb59-866d-4129-bb2b-47035fe005b1","local_time":"20190809230854","is_ascension_mode":true,"campfire_choices":[{"data":"1","floor":6.0,"key":"LIFT"},{"data":"2","floor":10.0,"key":"LIFT"},{"data":"3","floor":15.0,"key":"LIFT"},{"data":"After Image","floor":23.0,"key":"SMITH"},{"data":"Footwork","floor":27.0,"key":"SMITH"},{"data":"Ghostly","floor":32,"key":"SMITH"}],"neow_cost":"NO_GOLD","seed_source_timestamp":0,"circlet_count":0,"master_deck":["AscendersBane","Strike_G","Strike_G","Strike_G","Strike_G","Defend_G","Defend_G","Defend_G","Defend_G","Defend_G","Survivor","Neutralize","Cloak And Dagger","Cloak And Dagger","Deadly Poison","Dagger Spray+1","Deadly Poison","Footwork+1","After Image+1","Night Terror","Footwork","Poisoned Stab","Blade Dance","Backflip","Blade Dance","Ghostly+1","Ghostly","Ghostly","Backflip+1","Blur"],"special_seed":0,"relics":["Ring of the Snake","Nunchaku","Golden Idol","Girya","Pantograph","Ornamental Fan","Coffee Dripper","WarpedTongs","Sundial","Blood Vial","MawBank"],"potions_floor_usage":[],"damage_taken":[{"damage":3.0,"enemies":"Jaw Worm","floor":1.0,"turns":4.0},{"damage":0.0,"enemies":"2 Louse","floor":2.0,"turns":3.0},{"damage":0.0,"enemies":"Cultist","floor":5.0,"turns":4.0},{"damage":0.0,"enemies":"Blue Slaver","floor":7.0,"turns":4.0},{"damage":0.0,"enemies":"Gremlin Gang","floor":11.0,"turns":1.0},{"damage":11.0,"enemies":"3 Sentries","floor":12.0,"turns":6.0},{"damage":0.0,"enemies":"Exordium Wildlife","floor":13.0,"turns":2.0},{"damage":46.0,"enemies":"Hexaghost","floor":16.0,"turns":12.0},{"damage":11.0,"enemies":"2 Thieves","floor":18.0,"turns":4.0},{"damage":12.0,"enemies":"3 Byrds","floor":20.0,"turns":7.0},{"damage":7.0,"enemies":"Snake Plant","floor":22.0,"turns":4.0},{"damage":14.0,"enemies":"Slavers","floor":24.0,"turns":5.0},{"damage":0.0,"enemies":"Snecko","floor":25.0,"turns":7.0},{"damage":0.0,"enemies":"Cultist and Chosen","floor":28.0,"turns":7.0},{"damage":1.0,"enemies":"3 Cultists","floor":30.0,"turns":7.0},{"damage":7,"enemies":"Book of Stabbing","floor":31,"turns":7},{"damage":35,"enemies":"Champ","floor":33,"turns":13}],"seed_played":"1025449935849611036","potions_obtained":[{"floor":2.0,"key":"SkillPotion"},{"floor":11.0,"key":"Regen Potion"},{"floor":13.0,"key":"Fire Potion"},{"floor":24.0,"key":"Ancient Potion"}],"is_trial":false,"path_per_floor":["M","M","?","?","M","R","M","?","T","R","M","E","M","$","R","B",null,"M","?","M","$","M","R","E","M","T","R","M","?","M","E","R","B"],"character_chosen":"THE_SILENT","items_purchased":["Poisoned Stab"],"campfire_rested":0,"item_purchase_floors":[21],"current_hp_per_floor":[56,56,56,51,51,51,51,51,51,51,51,40,40,40,40,14,49,38,38,26,26,19,19,5,5,5,5,7,7,8,3,3,0],"gold":213,"neow_bonus":"ONE_RARE_RELIC","is_prod":false,"is_daily":false,"chose_seed":false,"campfire_upgraded":3,"win_rate":0,"timestamp":1565384934,"path_taken":["M","M","?","?","M","R","M","?","T","R","?","E","M","$","R","BOSS","M","?","M","$","M","R","E","M","T","R","?","?","M","E","R","BOSS"],"build_version":"2019-07-17","purchased_purges":2,"victory":false,"max_hp_per_floor":[66,66,60,60,60,60,60,60,60,60,60,60,60,60,60,60,60,60,60,60,60,60,60,60,60,60,60,60,30,30,30,30,30],"card_choices":[{"not_picked":["Prepared","Bane"],"picked":"Cloak And Dagger","floor":1.0},{"not_picked":["Prepared","Blur"],"picked":"Cloak And Dagger","floor":2.0},{"not_picked":["Outmaneuver","Well Laid Plans"],"picked":"Deadly Poison","floor":5.0},{"not_picked":["Flechettes","Blade Dance"],"picked":"Dagger Spray","floor":7.0},{"not_picked":["Cloak And Dagger","Prepared"],"picked":"Deadly Poison","floor":11.0},{"not_picked":["Finisher","Deflect"],"picked":"Footwork","floor":12.0},{"not_picked":["Blur","Dodge and Roll"],"picked":"After Image","floor":13.0},{"not_picked":["Bullet Time","Phantasmal Killer"],"picked":"Night Terror","floor":16.0},{"not_picked":["Riddle With Holes","Dagger Throw"],"picked":"Footwork","floor":18.0},{"not_picked":["All Out Attack","Dagger Throw","Prepared+1"],"picked":"SKIP","floor":20.0},{"not_picked":["Bane","Slice","Masterful Stab+1"],"picked":"SKIP","floor":22.0},{"not_picked":["Slice","Bane"],"picked":"Blade Dance","floor":24.0},{"not_picked":["Flechettes","Heel Hook"],"picked":"Backflip","floor":25.0},{"not_picked":["Eviscerate","Flying Knee+1"],"picked":"Blade Dance","floor":28.0},{"not_picked":["Catalyst","Dagger Spray"],"picked":"Backflip+1","floor":30.0},{"not_picked":["Prepared+1","Riddle With Holes"],"picked":"Blur","floor":31}],"player_experience":1896298,"relics_obtained":[{"floor":9.0,"key":"Pantograph"},{"floor":12.0,"key":"Ornamental Fan"},{"floor":24.0,"key":"Sundial"},{"floor":26.0,"key":"Blood Vial"},{"floor":31,"key":"MawBank"}],"event_choices":[{"damage_healed":0.0,"max_hp_gain":0.0,"max_hp_loss":6.0,"gold_gain":0.0,"event_name":"Golden Idol","player_choice":"Lose Max HP","floor":3.0,"gold_loss":0.0,"damage_taken":0.0,"relics_obtained":["Golden Idol"]},{"damage_healed":0.0,"max_hp_gain":0.0,"max_hp_loss":0.0,"gold_gain":0.0,"event_name":"Scrap Ooze","player_choice":"Success","floor":4.0,"gold_loss":0.0,"damage_taken":5.0,"relics_obtained":["Girya"]},{"damage_healed":0.0,"max_hp_gain":0.0,"max_hp_loss":0.0,"gold_gain":0.0,"event_name":"Upgrade Shrine","player_choice":"Upgraded","floor":8.0,"gold_loss":0.0,"damage_taken":0.0,"cards_upgraded":["Dagger Spray"]},{"damage_healed":0.0,"max_hp_gain":0.0,"max_hp_loss":0.0,"gold_gain":0.0,"event_name":"Accursed Blacksmith","player_choice":"Rummage","floor":19.0,"gold_loss":0.0,"damage_taken":0.0,"relics_obtained":["WarpedTongs"],"cards_obtained":["Pain"]},{"damage_healed":0.0,"max_hp_gain":0.0,"max_hp_loss":30.0,"gold_gain":0.0,"event_name":"Ghosts","player_choice":"Became a Ghost","floor":29.0,"gold_loss":0.0,"damage_taken":0.0,"cards_obtained":["Ghostly","Ghostly","Ghostly"]}],"is_beta":false,"boss_relics":[{"not_picked":["Calling Bell","Ring of the Serpent"],"picked":"Coffee Dripper"}],"items_purged_floors":[14,21],"is_endless":false,"potions_floor_spawned":[2,11,13,22,24,28,31],"killed_by":"Champ","ascension_level":20}