{"gold_per_floor":[110,110,385,396,415,445,445,462,462,118,118,151,226,242,242,318,318,218,218,218,218,42,42,42,42,42,42,42,42,42,42,42,42,42,42,42,42,42,0,0,0,0,0,0,0,0,0,0,0,0,0,0,0,0,0,0],"floor_reached":56,"playtime":3011,"items_purged":["Regret","Bite"],"score":2237,"play_id":"b9618fd4-db04-4dcc-a170-46c9a1c3490b","local_time":"20190428112444","is_ascension_mode":true,"campfire_choices":[{"floor":7,"key":"REST"},{"data":"Crippling Poison","floor":11,"key":"SMITH"},{"floor":15,"key":"REST"},{"data":"Crippling Poison","floor":23,"key":"SMITH"},{"data":"Noxious Fumes","floor":25,"key":"SMITH"},{"data":"Footwork","floor":28,"key":"SMITH"},{"data":"Footwork","floor":32,"key":"SMITH"},{"floor":41,"key":"RECALL"},{"data":"Dark Shackles","floor":49,"key":"SMITH"},{"data":"Night Terror","floor":53,"key":"SMITH"}],"neow_cost":"NONE","seed_source_timestamp":4247420800868,"circlet_count":0,"master_deck":["AscendersBane","Defend_G+1","Defend_G+1","Defend_G+1","Defend_G+1","Defend_G+1","Survivor","Neutralize","Poisoned Stab","Endless Agony","Crippling Poison+1","Footwork+1","Poisoned Stab","Noxious Fumes+1","Crippling Poison+1","Footwork+1","Night Terror+1","PiercingWail+1","Bite","Bite+1","Bite","Bite","Dodge and Roll+1","Backstab+1","Dodge and Roll+1","Acrobatics+1","Corpse Explosion","Well Laid Plans+1","Escape Plan","Deflect+1","Bullet Time","Backflip","PiercingWail+1","Dark Shackles+1"],"relics":["Ring of the Snake","NeowsBlessing","Bag of Preparation","TwistedFunnel","Mercury Hourglass","Ectoplasm","Dead Branch","Vajra","Orichalcum","Nloth\u0027s Gift","Sozu","Happy Flower","Red Mask","War Paint","Pen Nib","Centennial Puzzle","Whetstone","Oddly Smooth Stone"],"potions_floor_usage":[6,16,29,33,56],"damage_taken":[{"damage":0,"enemies":"2 Louse","floor":1,"turns":1},{"damage":0,"enemies":"Jaw Worm","floor":4,"turns":1},{"damage":0,"enemies":"Cultist","floor":5,"turns":1},{"damage":53,"enemies":"Gremlin Nob","floor":6,"turns":5},{"damage":2,"enemies":"2 Fungi Beasts","floor":8,"turns":4},{"damage":17,"enemies":"3 Sentries","floor":12,"turns":7},{"damage":0,"enemies":"3 Louse","floor":14,"turns":1},{"damage":13,"enemies":"Slime Boss","floor":16,"turns":9},{"damage":15,"enemies":"2 Thieves","floor":18,"turns":4},{"damage":4,"enemies":"Shell Parasite","floor":21,"turns":5},{"damage":0,"enemies":"Gremlin Leader","floor":24,"turns":5},{"damage":8,"enemies":"Book of Stabbing","floor":27,"turns":5},{"damage":10,"enemies":"Slavers","floor":29,"turns":4},{"damage":0,"enemies":"Snecko","floor":30,"turns":3},{"damage":0,"enemies":"Automaton","floor":33,"turns":11},{"damage":1,"enemies":"3 Darklings","floor":35,"turns":3},{"damage":0,"enemies":"3 Shapes","floor":37,"turns":4},{"damage":0,"enemies":"Sphere and 2 Shapes","floor":38,"turns":4},{"damage":32,"enemies":"Giant Head","floor":40,"turns":11},{"damage":5,"enemies":"Nemesis","floor":42,"turns":7},{"damage":4,"enemies":"Reptomancer","floor":44,"turns":5},{"damage":7,"enemies":"3 Darklings","floor":45,"turns":5},{"damage":4,"enemies":"4 Shapes","floor":46,"turns":4},{"damage":0,"enemies":"Nemesis","floor":48,"turns":7},{"damage":32,"enemies":"Time Eater","floor":50,"turns":12},{"damage":22,"enemies":"Awakened One","floor":51,"turns":21},{"damage":10,"enemies":"Shield and Spear","floor":55,"turns":8},{"damage":75,"enemies":"The Heart","floor":56,"turns":3}],"seed_played":"-8370221405622742637","potions_obtained":[{"floor":4,"key":"Poison Potion"},{"floor":8,"key":"Poison Potion"},{"floor":14,"key":"Energy Potion"},{"floor":16,"key":"Explosive Potion"},{"floor":29,"key":"Ancient Potion"},{"floor":30,"key":"PowerPotion"},{"floor":33,"key":"SteroidPotion"}],"is_trial":false,"path_per_floor":["M","?","?","M","M","E","R","M","T","$","R","E","?","M","R","B",null,"M","?","?","M","$","R","E","R","T","E","R","E","M","?","R","B",null,"M","T","M","M","?","E","R","E","T","E","M","M","?","E","R","B","B",null,"R","$","E","B"],"character_chosen":"THE_SILENT","items_purchased":["TwistedFunnel","Noxious Fumes","Backstab"],"campfire_rested":2,"item_purchase_floors":[10,10,22],"current_hp_per_floor":[59,64,64,64,64,11,32,30,30,30,30,15,4,6,27,16,57,44,44,44,54,54,54,64,64,64,60,60,56,58,58,58,70,71,71,71,71,71,71,41,41,52,52,58,61,61,51,59,59,40,43,64,64,64,64,0],"gold":0,"neow_bonus":"THREE_ENEMY_KILL","is_prod":false,"is_daily":false,"chose_seed":false,"campfire_upgraded":7,"win_rate":0,"timestamp":1556443484,"path_taken":["M","?","?","M","?","E","R","M","T","$","R","E","?","M","R","BOSS","M","?","?","M","$","R","E","R","T","E","R","E","M","?","R","BOSS","M","?","M","M","?","E","R","E","T","E","M","M","?","E","R","BOSS","BOSS","R","$","E","BOSS"],"build_version":"2019-01-23","purchased_purges":2,"victory":false,"max_hp_per_floor":[66,71,71,71,71,71,71,71,71,71,71,71,71,71,71,71,71,71,71,71,71,71,71,71,71,71,71,71,71,71,71,71,71,71,71,71,71,71,71,71,71,71,71,71,71,71,71,71,71,71,71,71,71,71,71,71],"card_choices":[{"not_picked":["Dagger Spray","PiercingWail"],"picked":"Poisoned Stab","floor":1},{"not_picked":["All Out Attack","Infinite Blades"],"picked":"Endless Agony","floor":4},{"not_picked":["Setup","Distraction"],"picked":"Crippling Poison","floor":5},{"not_picked":["Deflect","Underhanded Strike"],"picked":"Footwork","floor":6},{"not_picked":["Riddle With Holes","Blade Dance"],"picked":"Poisoned Stab","floor":8},{"not_picked":["Grand Finale","Acrobatics"],"picked":"Crippling Poison","floor":12},{"not_picked":["Cloak And Dagger","Slice"],"picked":"Footwork","floor":14},{"not_picked":["A Thousand Cuts","Unload"],"picked":"Night Terror","floor":16},{"not_picked":["Slice","Blade Dance"],"picked":"PiercingWail+1","floor":18},{"not_picked":["Dash","Expertise+1"],"picked":"Dodge and Roll","floor":21},{"not_picked":["Escape Plan","Tactician"],"picked":"Dodge and Roll","floor":24},{"not_picked":["Sucker Punch","Poisoned Stab","Quick Slash"],"picked":"SKIP","floor":27},{"not_picked":["Accuracy","Cloak And Dagger","Outmaneuver"],"picked":"SKIP","floor":29},{"not_picked":["Poisoned Stab","Underhanded Strike"],"picked":"Acrobatics+1","floor":30},{"not_picked":["Unload","Grand Finale"],"picked":"Corpse Explosion","floor":33},{"not_picked":["Doppelganger","Sucker Punch","Prepared"],"picked":"SKIP","floor":35},{"not_picked":["Flying Knee","Deflect"],"picked":"Well Laid Plans+1","floor":37},{"not_picked":["Endless Agony+1","Escape Plan","Outmaneuver"],"picked":"SKIP","floor":38},{"not_picked":["Endless Agony+1","Outmaneuver"],"picked":"Escape Plan","floor":38},{"not_picked":["Corpse Explosion","Dagger Throw"],"picked":"Deflect+1","floor":40},{"not_picked":["Dagger Throw","Die Die Die"],"picked":"Bullet Time","floor":42},{"not_picked":["Backstab","Poisoned Stab"],"picked":"Backflip","floor":44},{"not_picked":["Flying Knee+1","Cloak And Dagger+1"],"picked":"PiercingWail+1","floor":45},{"not_picked":["Corpse Explosion","Accuracy","Prepared"],"picked":"SKIP","floor":46},{"not_picked":["Forethought","Panacea"],"picked":"Dark Shackles","floor":47},{"not_picked":["Flying Knee","Envenom","Poisoned Stab+1"],"picked":"SKIP","floor":48},{"not_picked":["Dagger Spray","Bullet Time","Dagger Throw"],"picked":"SKIP","floor":55}],"player_experience":1631948,"relics_obtained":[{"floor":6,"key":"Bag of Preparation"},{"floor":9,"key":"Blood Vial"},{"floor":12,"key":"Mercury Hourglass"},{"floor":24,"key":"Dead Branch"},{"floor":26,"key":"Vajra"},{"floor":27,"key":"Orichalcum"},{"floor":29,"key":"Dream Catcher"},{"floor":36,"key":"Happy Flower"},{"floor":40,"key":"War Paint"},{"floor":42,"key":"Pen Nib"},{"floor":44,"key":"Centennial Puzzle"},{"floor":48,"key":"Whetstone"},{"floor":55,"key":"Oddly Smooth Stone"}],"event_choices":[{"damage_healed":0,"gold_gain":0,"player_choice":"Donut","damage_taken":0,"max_hp_gain":5,"max_hp_loss":0,"event_name":"Big Fish","floor":2,"gold_loss":0},{"damage_healed":0,"gold_gain":275,"player_choice":"Desecrate","damage_taken":0,"max_hp_gain":0,"max_hp_loss":0,"event_name":"Golden Shrine","floor":3,"gold_loss":0,"cards_obtained":["Regret"]},{"damage_healed":0,"gold_gain":75,"player_choice":"Gather Gold","damage_taken":11,"max_hp_gain":0,"max_hp_loss":0,"event_name":"World of Goop","floor":13,"gold_loss":0},{"damage_healed":0,"gold_gain":0,"player_choice":"Became a vampire (Vial)","damage_taken":0,"max_hp_gain":0,"max_hp_loss":0,"event_name":"Vampires","floor":19,"relics_lost":["Blood Vial"],"gold_loss":0,"cards_obtained":["Bite","Bite","Bite","Bite","Bite"]},{"damage_healed":0,"gold_gain":0,"player_choice":"Simplicity","damage_taken":0,"max_hp_gain":0,"max_hp_loss":0,"event_name":"Back to Basics","floor":20,"gold_loss":0,"cards_upgraded":["Defend_G","Defend_G","Defend_G","Defend_G","Defend_G"]},{"damage_healed":0,"gold_gain":0,"player_choice":"Traded Relic","damage_taken":0,"relics_obtained":["Nloth\u0027s Gift"],"max_hp_gain":0,"max_hp_loss":0,"event_name":"N\u0027loth","floor":31,"relics_lost":["Dream Catcher"],"gold_loss":0},{"damage_healed":0,"gold_gain":0,"player_choice":"Paid","damage_taken":0,"relics_obtained":["Red Mask"],"max_hp_gain":0,"max_hp_loss":0,"event_name":"Tomb of Lord Red Mask","floor":39,"gold_loss":42},{"damage_healed":0,"gold_gain":0,"player_choice":"Memory 3","damage_taken":10,"max_hp_gain":0,"max_hp_loss":0,"event_name":"SensoryStone","floor":47,"gold_loss":0}],"is_beta":false,"boss_relics":[{"not_picked":["Fusion Hammer","Tiny House"],"picked":"Ectoplasm"},{"not_picked":["Eternal Feather","Runic Dome"],"picked":"Sozu"}],"items_purged_floors":[10,22],"is_endless":false,"potions_floor_spawned":[4,8,14,16,18,29,30,33,37,40,45,46],"killed_by":"The Heart","ascension_level":20}