{"gold_per_floor":[217,217,235,57,262,262,297,297,297,297,331,347,361,395,395,395],"floor_reached":16,"playtime":462,"items_purged":[],"score":240,"play_id":"5345bfa5-b6af-474b-a8ab-75399431f18b","local_time":"20190131230545","is_ascension_mode":true,"campfire_choices":[{"data":"Whirlwind","floor":6,"key":"SMITH"},{"data":"Shockwave","floor":8,"key":"SMITH"},{"data":"Immolate","floor":10,"key":"SMITH"},{"data":"Spot Weakness","floor":15,"key":"SMITH"}],"neow_cost":"NONE","seed_source_timestamp":24978606897984,"circlet_count":0,"master_deck":["AscendersBane","Strike_R","Strike_R","Strike_R","Strike_R","Defend_R","Defend_R","Defend_R","Defend_R","Bash","Whirlwind+1","Shockwave+1","Corruption","Spot Weakness+1","Heavy Blade","Iron Wave","Immolate+1","Anger","Twin Strike"],"relics":["Burning Blood","Vajra","Matryoshka","hubris:BottledRain","hubris:ChampionShield"],"potions_floor_usage":[14,16],"damage_taken":[{"damage":3,"enemies":"2 Louse","floor":1,"turns":4},{"damage":7,"enemies":"Small Slimes","floor":3,"turns":3},{"damage":6,"enemies":"Cultist","floor":5,"turns":4},{"damage":35,"enemies":"Gremlin Nob","floor":7,"turns":4},{"damage":20,"enemies":"Lagavulin","floor":11,"turns":6},{"damage":0,"enemies":"Lots of Slimes","floor":12,"turns":1},{"damage":7,"enemies":"Looter","floor":13,"turns":3},{"damage":5,"enemies":"Gremlin Nob","floor":14,"turns":3},{"damage":28,"enemies":"The Guardian","floor":16,"turns":6}],"seed_played":"-8315925666120356316","potions_obtained":[{"floor":1,"key":"LiquidBronze"},{"floor":11,"key":"SpeedPotion"},{"floor":13,"key":"Poison Potion"}],"is_trial":false,"path_per_floor":["M","?","M","$","M","R","E","R","T","R","E","M","M","E","R","B"],"character_chosen":"IRONCLAD","items_purchased":["Corruption","Spot Weakness","Heavy Blade"],"campfire_rested":0,"item_purchase_floors":[4,4,4],"current_hp_per_floor":[71,64,63,63,63,63,34,34,34,34,20,26,25,26,26,0],"gold":395,"neow_bonus":"HUNDRED_GOLD","is_prod":false,"is_daily":false,"chose_seed":false,"campfire_upgraded":4,"win_rate":0,"timestamp":1548972345,"path_taken":["M","?","M","$","M","R","E","R","T","R","E","M","M","E","R","BOSS"],"build_version":"2019-01-23","purchased_purges":0,"victory":false,"max_hp_per_floor":[75,75,75,75,75,75,75,75,75,75,75,75,75,75,75,75],"card_choices":[{"not_picked":["Rupture","Heavy Blade"],"picked":"Whirlwind","floor":1},{"not_picked":["Armaments","Flex"],"picked":"Shockwave","floor":3},{"not_picked":["Havoc","hubris:ReadiedAction"],"picked":"Iron Wave","floor":5},{"not_picked":["True Grit","Twin Strike"],"picked":"Immolate","floor":7},{"not_picked":["hubris:ReadiedAction","Pommel Strike"],"picked":"Anger","floor":11},{"not_picked":["Clash","hubris:SharpeningStone","Cleave"],"picked":"SKIP","floor":12},{"not_picked":["Clash","Wild Strike"],"picked":"Twin Strike","floor":13},{"not_picked":["Cleave","Dropkick","Sword Boomerang"],"picked":"SKIP","floor":14}],"player_experience":1211408,"relics_obtained":[{"floor":7,"key":"Vajra"},{"floor":9,"key":"Matryoshka"},{"floor":11,"key":"hubris:BottledRain"},{"floor":14,"key":"hubris:ChampionShield"}],"event_choices":[{"cards_removed":["Strike_R"],"damage_healed":0,"gold_gain":0,"player_choice":"Card Removal","damage_taken":7,"max_hp_gain":0,"max_hp_loss":0,"event_name":"Golden Wing","floor":2,"gold_loss":0}],"is_beta":false,"boss_relics":[],"items_purged_floors":[],"is_endless":false,"potions_floor_spawned":[1,11,13],"killed_by":"The Guardian","ascension_level":20}