{"gold_per_floor":[117,75,89,89,89,128,128,147,147,187,187,187,187,222,222,321,321,334,334,353,353,377,377],"floor_reached":23,"playtime":615,"items_purged":[],"score":464,"play_id":"c79584b4-4ec4-4a17-aa51-0a161d709e2a","local_time":"20190913094043","is_ascension_mode":true,"campfire_choices":[{"data":"Sunder","floor":7.0,"key":"SMITH"},{"data":"Zap","floor":11.0,"key":"SMITH"},{"data":"Darkness","floor":13.0,"key":"SMITH"},{"data":"Coolheaded","floor":15.0,"key":"SMITH"}],"neow_cost":"NONE","seed_source_timestamp":0,"circlet_count":0,"master_deck":["AscendersBane","Strike_B+1","Strike_B+1","Strike_B+1","Strike_B+1","Defend_B+1","Defend_B+1","Defend_B+1","Defend_B+1","Zap+1","Dualcast","Sunder+1","Genetic Algorithm","Coolheaded+1","Conserve Battery","Sweeping Beam","Darkness+1","Meteor Strike","Meteor Strike","Compile Driver","Cold Snap"],"special_seed":0,"relics":["Cracked Core","NeowsBlessing","Golden Idol","Ice Cream","Peace Pipe","Unceasing Top","Centennial Puzzle","Fusion Hammer"],"potions_floor_usage":[23,23],"damage_taken":[{"damage":0.0,"enemies":"Small Slimes","floor":1.0,"turns":1.0},{"damage":0.0,"enemies":"Jaw Worm","floor":3.0,"turns":1.0},{"damage":0.0,"enemies":"3 Sentries","floor":6.0,"turns":2.0},{"damage":1.0,"enemies":"2 Louse","floor":8.0,"turns":3.0},{"damage":44.0,"enemies":"Lagavulin","floor":10.0,"turns":7.0},{"damage":28.0,"enemies":"Gremlin Nob","floor":14.0,"turns":4.0},{"damage":7.0,"enemies":"Hexaghost","floor":16.0,"turns":7.0},{"damage":6.0,"enemies":"2 Thieves","floor":18.0,"turns":3.0},{"damage":0.0,"enemies":"Chosen","floor":20.0,"turns":2.0},{"damage":7.0,"enemies":"3 Cultists","floor":22.0,"turns":4.0},{"damage":39,"enemies":"Slavers","floor":23,"turns":5}],"seed_played":"-8242781034081124359","potions_obtained":[{"floor":1.0,"key":"EssenceOfSteel"},{"floor":8.0,"key":"Swift Potion"},{"floor":10.0,"key":"SkillPotion"},{"floor":14.0,"key":"GamblersBrew"},{"floor":19.0,"key":"Poison Potion"}],"is_trial":false,"path_per_floor":["M","$","M","$","?","E","R","M","T","E","R","?","R","E","R","B",null,"M","?","M","?","M","E"],"character_chosen":"DEFECT","items_purchased":["Genetic Algorithm"],"campfire_rested":0,"item_purchase_floors":[2],"current_hp_per_floor":[64,64,64,64,64,64,64,63,63,19,19,40,40,12,12,5,49,43,43,43,43,36,0],"gold":377,"neow_bonus":"THREE_ENEMY_KILL","is_prod":false,"is_daily":false,"chose_seed":false,"campfire_upgraded":4,"win_rate":0,"timestamp":1568360443,"path_taken":["M","$","M","$","?","E","R","M","T","E","R","?","R","E","R","BOSS","M","?","?","?","M","E"],"build_version":"2019-09-12","purchased_purges":0,"victory":false,"max_hp_per_floor":[71,71,71,71,64,64,64,64,64,64,64,64,64,64,64,64,64,64,64,64,64,64,64],"card_choices":[{"not_picked":["Compile Driver","Rebound"],"picked":"Sunder","floor":1.0},{"not_picked":["Rebound","Self Repair"],"picked":"Coolheaded","floor":3.0},{"not_picked":["Go for the Eyes","Streamline"],"picked":"Conserve Battery","floor":6.0},{"not_picked":["Beam Cell","Aggregate"],"picked":"Sweeping Beam","floor":8.0},{"not_picked":["Hello World","Hologram"],"picked":"Darkness","floor":10.0},{"not_picked":["Steam","Gash"],"picked":"Meteor Strike","floor":14.0},{"not_picked":["Multi-Cast","Fission"],"picked":"Meteor Strike","floor":16.0},{"not_picked":["Leap","Loop"],"picked":"Compile Driver","floor":18.0},{"not_picked":["Turbo","Sweeping Beam"],"picked":"Cold Snap","floor":20.0},{"not_picked":["Leap","Cold Snap","Go for the Eyes"],"picked":"SKIP","floor":22.0}],"player_experience":2031265,"relics_obtained":[{"floor":6.0,"key":"Ice Cream"},{"floor":9.0,"key":"Peace Pipe"},{"floor":10.0,"key":"Unceasing Top"},{"floor":14.0,"key":"Centennial Puzzle"}],"event_choices":[{"damage_healed":0.0,"max_hp_gain":0.0,"max_hp_loss":7.0,"gold_gain":0.0,"event_name":"Golden Idol","player_choice":"Lose Max HP","floor":5.0,"gold_loss":0.0,"damage_taken":0.0,"relics_obtained":["Golden Idol"]},{"damage_healed":21.0,"max_hp_gain":0.0,"max_hp_loss":0.0,"gold_gain":0.0,"event_name":"Big Fish","player_choice":"Banana","floor":12.0,"gold_loss":0.0,"damage_taken":0.0},{"damage_healed":0.0,"max_hp_gain":0.0,"max_hp_loss":0.0,"gold_gain":0.0,"event_name":"Lab","player_choice":"Got Potions","floor":19.0,"gold_loss":0.0,"damage_taken":0.0},{"damage_healed":0.0,"max_hp_gain":0.0,"max_hp_loss":0.0,"gold_gain":0.0,"event_name":"Back to Basics","player_choice":"Simplicity","floor":21.0,"gold_loss":0.0,"damage_taken":0.0,"cards_upgraded":["Strike_B","Strike_B","Strike_B","Strike_B","Defend_B","Defend_B","Defend_B","Defend_B"]}],"is_beta":true,"boss_relics":[{"not_picked":["Pandora\u0027s Box","Black Star"],"picked":"Fusion Hammer"}],"items_purged_floors":[],"is_endless":false,"potions_floor_spawned":[1,8,10,14,22],"killed_by":"Slavers","ascension_level":20}