{"path_per_floor":["M","M","$","?","$","E","$","E","T","$","E","M","R","E","R","B",null,"M","M","M","?","M","E","R","M","T","E","M","$","R","E","R","B",null,"M","?","M","M","?","E","R","E","T","R","E","$","?","M","R","B"],"character_chosen":"DEFECT","items_purchased":["Self Repair","Unceasing Top","Capacitor","Pear","Loop","Seek+1"],"gold_per_floor":[109,120,48,298,6,31,31,59,113,38,64,82,82,111,111,208,208,219,231,243,243,258,283,283,297,297,329,345,205,205,232,232,335,335,354,354,365,383,383,418,418,447,528,528,559,6,6,17,17,17],"floor_reached":51,"campfire_rested":0,"playtime":2006,"item_purchase_floors":[3,5,29,46,46,46],"current_hp_per_floor":[75,68,68,68,68,46,46,45,45,45,52,51,51,53,53,67,75,75,75,75,75,74,77,77,69,75,58,66,66,66,68,68,75,97,97,97,97,99,99,99,99,99,105,105,102,112,97,119,119,96],"items_purged":["Regret","Writhe","Pain"],"gold":17,"score":1191,"play_id":"e07ebb7e-78ee-4322-a439-51ee1298e582","local_time":"20180529234243","is_prod":false,"is_daily":false,"chose_seed":false,"is_ascension_mode":true,"campfire_upgraded":8,"win_rate":0,"timestamp":1527630163,"campfire_choices":[{"data":"Electrodynamics","floor":13,"key":"SMITH"},{"data":"Double Energy","floor":15,"key":"SMITH"},{"data":"Echo Form","floor":24,"key":"SMITH"},{"data":"Zap","floor":30,"key":"SMITH"},{"data":"Dualcast","floor":32,"key":"SMITH"},{"data":"Echo Form","floor":41,"key":"SMITH"},{"data":"Double Energy","floor":44,"key":"SMITH"},{"data":"Capacitor","floor":49,"key":"SMITH"}],"path_taken":["M","M","?","?","?","E","$","E","T","$","E","M","R","E","R","BOSS","M","M","M","?","M","E","R","M","T","E","M","$","R","E","R","BOSS","M","?","?","M","?","E","R","E","T","R","E","$","?","M","R","BOSS"],"build_version":"2018-05-28","seed_source_timestamp":50420435946487,"purchased_purges":3,"victory":true,"master_deck":["Strike_B+1","Strike_B+1","Strike_B+1","Strike_B+1","Defend_B+1","Defend_B+1","Defend_B+1","Defend_B+1","Zap+1","Dualcast+1","Biased Cognition","Chaos","Ball Lightning","Self Repair","Rip and Tear","Electrodynamics+1","Self Repair","Go for the Eyes","Double Energy+1","Echo Form+1","Storm+1","Loop","Loop","Go for the Eyes","Tempest+1","Conserve Battery+1","Self Repair","Capacitor+1","Ball Lightning","Echo Form+1","Double Energy+1","Double Energy+1","Sunder+1","Force Field+1","Loop","Seek+1","Madness+1","Madness+1"],"max_hp_per_floor":[75,75,75,75,75,75,75,75,75,75,75,75,75,75,75,75,75,75,75,75,75,77,77,77,77,83,83,83,83,83,97,97,97,97,97,97,97,99,99,99,99,99,105,105,107,117,117,119,119,119],"relics":["Cracked Core","Unceasing Top","Vajra","Darkstone Periapt","Pen Nib","Singing Bowl","Mummified Hand","Cursed Key","Bottled Tornado","Letter Opener","Regal Pillow","Mango","Sozu","Bag of Marbles","Torii","Toxic Egg 2","Bronze Scales","Pear"],"card_choices":[{"not_picked":["FTL","Hologram"],"picked":"Chaos","floor":1},{"not_picked":["Streamline","Stack"],"picked":"Ball Lightning","floor":2},{"not_picked":["Skim","Cold Snap"],"picked":"Rip and Tear","floor":6},{"not_picked":["Go for the Eyes","Darkness"],"picked":"Electrodynamics","floor":8},{"not_picked":["Rebound","Coolheaded"],"picked":"Self Repair","floor":11},{"not_picked":["Redo","Barrage"],"picked":"Go for the Eyes","floor":12},{"not_picked":["Capacitor","Sunder"],"picked":"Double Energy","floor":14},{"not_picked":["Fission","Buffer"],"picked":"Echo Form","floor":16},{"not_picked":["Barrage","Stack"],"picked":"Storm+1","floor":18},{"not_picked":["Static Discharge","Leap"],"picked":"Loop","floor":19},{"not_picked":["Turbo","Static Discharge+1"],"picked":"Loop","floor":20},{"not_picked":["Beam Cell","Stack+1","Go for the Eyes"],"picked":"Singing Bowl","floor":22},{"not_picked":["Rainbow","Lockon+1"],"picked":"Go for the Eyes","floor":23},{"not_picked":["Barrage","White Noise"],"picked":"Tempest+1","floor":25},{"not_picked":["Sweeping Beam","Stack+1"],"picked":"Conserve Battery+1","floor":27},{"not_picked":["Sweeping Beam","Compile Driver+1"],"picked":"Self Repair","floor":28},{"not_picked":["Rainbow","Streamline"],"picked":"Ball Lightning","floor":31},{"not_picked":["All For One","Biased Cognition"],"picked":"Echo Form","floor":33},{"not_picked":["Stack+1","Turbo+1"],"picked":"Double Energy+1","floor":35},{"not_picked":["Sunder","Genetic Algorithm"],"picked":"Double Energy","floor":37},{"not_picked":["Go for the Eyes","Ball Lightning","Rip and Tear+1"],"picked":"Singing Bowl","floor":38},{"not_picked":["Compile Driver","Barrage+1"],"picked":"Sunder+1","floor":40},{"not_picked":["Reprogram+1","Go for the Eyes"],"picked":"Force Field+1","floor":42},{"not_picked":["Cold Snap+1","Coolheaded+1","Ball Lightning"],"picked":"Singing Bowl","floor":45},{"not_picked":["Reprogram+1","Stack+1","Beam Cell+1"],"picked":"Singing Bowl","floor":48}],"player_experience":250262,"potions_floor_usage":[8,11,11,22,23,31,33,50,50],"damage_taken":[{"damage":0,"enemies":"Cultist","floor":1,"turns":3},{"damage":7,"enemies":"Jaw Worm","floor":2,"turns":4},{"damage":29,"enemies":"Lagavulin","floor":6,"turns":5},{"damage":17,"enemies":"Gremlin Nob","floor":8,"turns":4},{"damage":12,"enemies":"Lagavulin","floor":11,"turns":4},{"damage":15,"enemies":"Small Slimes","floor":12,"turns":3},{"damage":12,"enemies":"3 Sentries","floor":14,"turns":5},{"damage":0,"enemies":"Slime Boss","floor":16,"turns":4},{"damage":12,"enemies":"Shell Parasite","floor":18,"turns":3},{"damage":7,"enemies":"3 Byrds","floor":19,"turns":2},{"damage":0,"enemies":"Snecko","floor":20,"turns":3},{"damage":24,"enemies":"Snake Plant","floor":22,"turns":3},{"damage":0,"enemies":"Book of Stabbing","floor":23,"turns":2},{"damage":15,"enemies":"Centurion and Healer","floor":25,"turns":3},{"damage":31,"enemies":"Gremlin Leader","floor":27,"turns":3},{"damage":6,"enemies":"3 Cultists","floor":28,"turns":3},{"damage":26,"enemies":"Slavers","floor":31,"turns":2},{"damage":0,"enemies":"Collector","floor":33,"turns":3},{"damage":4,"enemies":"3 Shapes","floor":35,"turns":1},{"damage":0,"enemies":"Orb Walker","floor":37,"turns":2},{"damage":0,"enemies":"Spire Growth","floor":38,"turns":2},{"damage":1,"enemies":"Giant Head","floor":40,"turns":3},{"damage":0,"enemies":"Nemesis","floor":42,"turns":3},{"damage":5,"enemies":"Giant Head","floor":45,"turns":3},{"damage":0,"enemies":"Flame Bruiser 2 Orb","floor":48,"turns":2},{"damage":30,"enemies":"Time Eater","floor":50,"turns":3}],"relics_obtained":[{"floor":6,"key":"Vajra"},{"floor":8,"key":"Darkstone Periapt"},{"floor":9,"key":"Pen Nib"},{"floor":11,"key":"Singing Bowl"},{"floor":14,"key":"Mummified Hand"},{"floor":23,"key":"Bottled Tornado"},{"floor":26,"key":"Letter Opener"},{"floor":27,"key":"Regal Pillow"},{"floor":31,"key":"Mango"},{"floor":40,"key":"Bag of Marbles"},{"floor":42,"key":"Torii"},{"floor":43,"key":"Toxic Egg 2"},{"floor":45,"key":"Bronze Scales"}],"event_choices":[{"event_name":"Golden Shrine","player_choice":"Desecrate","floor":4,"damage_taken":0},{"event_name":"Back to Basics","player_choice":"Simplicity","floor":21,"damage_taken":0},{"event_name":"Mysterious Sphere","player_choice":"Ignore","floor":36,"damage_taken":0},{"event_name":"Tomb of Lord Red Mask","player_choice":"Ignored","floor":39,"damage_taken":0},{"event_name":"Winding Halls","player_choice":"Embrace Madness","floor":47,"damage_taken":0}],"boss_relics":[{"not_picked":["Tiny House","Black Star"],"picked":"Cursed Key"},{"not_picked":["White Beast Statue","Lizard Tail"],"picked":"Sozu"}],"items_purged_floors":[10,29,46],"potions_floor_spawned":[1,6,8,14,16,20,22,25,31,38,42,45],"seed_played":"7556358885708974882","ascension_level":2,"potions_obtained":[{"floor":1,"key":"Regen Potion"},{"floor":6,"key":"SteroidPotion"},{"floor":8,"key":"Regen Potion"},{"floor":14,"key":"Swift Potion"},{"floor":16,"key":"LiquidBronze"},{"floor":20,"key":"Dexterity Potion"},{"floor":22,"key":"Energy Potion"},{"floor":25,"key":"Explosive Potion"},{"floor":31,"key":"SkillPotion"}],"is_trial":false}