{"gold_per_floor":[110,185,110,30,43,43,72,72,72,92,36,36,36,62,62,136,136,156,169,169,188,188,188,223,223,223,223,238,238,256,276,276,276],"floor_reached":33,"playtime":1066,"items_purged":[],"score":581,"play_id":"cc30c557-2b17-4bf7-99e2-40ada4928ecb","local_time":"20181213191417","is_ascension_mode":true,"campfire_choices":[{"data":"Bash","floor":6,"key":"SMITH"},{"data":"Rampage","floor":8,"key":"SMITH"},{"data":"Battle Trance","floor":12,"key":"SMITH"},{"data":"Clothesline","floor":15,"key":"SMITH"},{"data":"Double Tap","floor":23,"key":"SMITH"},{"data":"Rampage","floor":25,"key":"SMITH"},{"data":"Defend_R","floor":27,"key":"SMITH"},{"data":"Reaper","floor":29,"key":"SMITH"},{"floor":32,"key":"REST"}],"neow_cost":"NONE","seed_source_timestamp":27229117884218,"circlet_count":0,"master_deck":["AscendersBane","Strike_R","Strike_R","Strike_R+1","Defend_R+1","Defend_R+1","Defend_R","Defend_R","Bash+1","Wild Strike","Rampage+1","Battle Trance+1","Double Tap+1","Clothesline+1","Shrug It Off+1","Reaper+1","Impervious+1","Warcry+1","Warcry+1","J.A.X.+1","Shrug It Off+1","Rampage+1","Ghostly Armor+1","Power Through+1"],"relics":["Burning Blood","NeowsBlessing","Bottled Lightning","Toxic Egg 2","Darkstone Periapt","Philosopher\u0027s Stone","Boot","Mercury Hourglass"],"potions_floor_usage":[14,19,33,33],"damage_taken":[{"damage":0,"enemies":"2 Louse","floor":1,"turns":1},{"damage":0,"enemies":"Jaw Worm","floor":5,"turns":1},{"damage":0,"enemies":"Gremlin Nob","floor":7,"turns":1},{"damage":15,"enemies":"Small Slimes","floor":10,"turns":3},{"damage":16,"enemies":"Lagavulin","floor":14,"turns":6},{"damage":26,"enemies":"The Guardian","floor":16,"turns":8},{"damage":22,"enemies":"Shell Parasite","floor":18,"turns":5},{"damage":0,"enemies":"Spheric Guardian","floor":19,"turns":3},{"damage":8,"enemies":"Snecko","floor":21,"turns":6},{"damage":31,"enemies":"Slavers","floor":24,"turns":8},{"damage":4,"enemies":"Sentry and Sphere","floor":28,"turns":5},{"damage":31,"enemies":"Snake Plant","floor":30,"turns":4},{"damage":5,"enemies":"3 Cultists","floor":31,"turns":5},{"damage":91,"enemies":"Automaton","floor":33,"turns":8}],"seed_played":"-7703072560976508855","potions_obtained":[{"floor":1,"key":"Poison Potion"},{"floor":16,"key":"PowerPotion"},{"floor":18,"key":"Fire Potion"},{"floor":21,"key":"FearPotion"}],"is_trial":false,"path_per_floor":["M","?","?","$","M","R","E","R","T","M","$","R","?","E","R","B",null,"M","M","?","M","?","R","E","R","T","R","M","R","M","M","R","B"],"character_chosen":"IRONCLAD","items_purchased":["Rampage","Shrug It Off+1"],"campfire_rested":1,"item_purchase_floors":[4,11],"current_hp_per_floor":[74,63,63,63,69,69,75,75,75,66,66,66,43,33,33,13,60,44,50,50,54,54,54,36,36,36,36,38,38,13,38,60,0],"gold":276,"neow_bonus":"THREE_ENEMY_KILL","is_prod":false,"is_daily":false,"chose_seed":false,"campfire_upgraded":8,"win_rate":0,"timestamp":1544724857,"path_taken":["M","?","?","?","?","R","E","R","T","M","$","R","?","E","R","BOSS","M","M","?","M","?","R","E","R","T","R","M","R","?","M","R","BOSS"],"build_version":"2018-12-12","purchased_purges":0,"victory":false,"max_hp_per_floor":[75,75,75,75,75,75,75,75,75,75,75,75,75,75,75,75,75,75,75,75,75,75,75,75,75,75,75,75,75,75,75,75,75],"card_choices":[{"not_picked":["Sentinel","Heavy Blade"],"picked":"Wild Strike","floor":1},{"not_picked":["Thunderclap","Shockwave"],"picked":"Battle Trance","floor":5},{"not_picked":["Dark Embrace","Havoc"],"picked":"Double Tap","floor":7},{"not_picked":["Wild Strike","Havoc+1"],"picked":"Clothesline","floor":10},{"not_picked":["Evolve","Entrench+1"],"picked":"Reaper","floor":14},{"not_picked":["Reaper","Double Tap+1"],"picked":"Impervious+1","floor":16},{"not_picked":["Twin Strike","Cleave"],"picked":"Warcry+1","floor":18},{"not_picked":["Clash","Headbutt"],"picked":"Warcry+1","floor":19},{"not_picked":["Flex+1","Blood for Blood"],"picked":"Shrug It Off+1","floor":21},{"not_picked":["Hemokinesis","Dropkick"],"picked":"Rampage","floor":24},{"not_picked":["Heavy Blade","Second Wind+1"],"picked":"Ghostly Armor+1","floor":28},{"not_picked":["Sentinel+1","Clash+1"],"picked":"Power Through+1","floor":30},{"not_picked":["Flex+1","Wild Strike","Havoc+1"],"picked":"SKIP","floor":31}],"player_experience":1019745,"relics_obtained":[{"floor":7,"key":"Bottled Lightning"},{"floor":9,"key":"Toxic Egg 2"},{"floor":14,"key":"Darkstone Periapt"},{"floor":24,"key":"Boot"},{"floor":26,"key":"Mercury Hourglass"}],"event_choices":[{"damage_healed":0,"gold_gain":75,"player_choice":"Gather Gold","damage_taken":11,"max_hp_gain":0,"max_hp_loss":0,"event_name":"World of Goop","floor":2,"gold_loss":0},{"cards_removed":["Strike_R"],"damage_healed":0,"gold_gain":0,"player_choice":"Card Removal","damage_taken":0,"max_hp_gain":0,"max_hp_loss":0,"event_name":"The Cleric","floor":3,"gold_loss":75},{"damage_healed":0,"gold_gain":0,"player_choice":"Entered Light","damage_taken":23,"max_hp_gain":0,"max_hp_loss":0,"event_name":"Shining Light","floor":13,"gold_loss":0,"cards_upgraded":["Defend_R","Strike_R"]},{"damage_healed":0,"gold_gain":0,"player_choice":"Obtain J.A.X.","damage_taken":0,"max_hp_gain":0,"max_hp_loss":0,"event_name":"Drug Dealer","floor":20,"gold_loss":0,"cards_obtained":["J.A.X."]},{"cards_removed":["Strike_R"],"damage_healed":0,"gold_gain":0,"player_choice":"Purged","damage_taken":0,"max_hp_gain":0,"max_hp_loss":0,"event_name":"Purifier","floor":22,"gold_loss":0}],"is_beta":true,"boss_relics":[{"not_picked":["Runic Cube","Calling Bell"],"picked":"Philosopher\u0027s Stone"}],"items_purged_floors":[],"is_endless":false,"potions_floor_spawned":[1,16,18,21,31],"killed_by":"Automaton","ascension_level":19}