{"gold_per_floor":[114,134,134,147,147,174,174,174,201,201,221,221,232,262,262,366,366,377,59,59,59,59,91,91,125,201,201],"floor_reached":27,"playtime":1412,"items_purged":["Strike_R"],"score":321,"play_id":"73a1ad8a-65f2-4b7b-824d-72bebed8af8e","local_time":"20190408120342","is_ascension_mode":true,"campfire_choices":[{"data":"Bash","floor":7,"key":"SMITH"},{"data":"Uppercut","floor":10,"key":"SMITH"},{"data":"Infernal Blade","floor":12,"key":"SMITH"},{"floor":15,"key":"REST"},{"floor":24,"key":"REST"}],"neow_cost":"NONE","seed_source_timestamp":823595063756838,"circlet_count":0,"master_deck":["Strike_R","Strike_R","Defend_R","Defend_R","Defend_R","Defend_R","Bash+1","Pummel","Uppercut+1","Intimidate","Rage","Infernal Blade+1","Armaments","Exhume","Flame Barrier","Demon Form","Flex","Seeing Red"],"relics":["Burning Blood","Ornamental Fan","PreservedInsect","Pen Nib","Lantern","Lizard Tail","Dodecahedron","Potion Belt","Frozen Egg 2","Mercury Hourglass"],"potions_floor_usage":[6,6,23],"damage_taken":[{"damage":1,"enemies":"Cultist","floor":1,"turns":3},{"damage":1,"enemies":"Jaw Worm","floor":2,"turns":5},{"damage":2,"enemies":"Small Slimes","floor":4,"turns":4},{"damage":43,"enemies":"Lagavulin","floor":6,"turns":9},{"damage":3,"enemies":"Looter","floor":11,"turns":4},{"damage":9,"enemies":"Red Slaver","floor":13,"turns":2},{"damage":10,"enemies":"Gremlin Nob","floor":14,"turns":3},{"damage":61,"enemies":"The Guardian","floor":16,"turns":14},{"damage":0,"enemies":"Chosen","floor":18,"turns":3},{"damage":59,"enemies":"Slavers","floor":23,"turns":6},{"damage":12,"enemies":"Book of Stabbing","floor":25,"turns":3},{"damage":87,"enemies":"Slavers","floor":27,"turns":10}],"seed_played":"-6633700699746005419","potions_obtained":[{"floor":1,"key":"SkillPotion"},{"floor":4,"key":"Dexterity Potion"},{"floor":14,"key":"Block Potion"}],"is_trial":false,"path_per_floor":["M","M","$","M","?","E","R","T","T","R","M","R","M","E","R","B",null,"M","$","?","?","$","E","R","E","T","E"],"character_chosen":"IRONCLAD","items_purchased":["Dodecahedron"],"campfire_rested":2,"item_purchase_floors":[19],"current_hp_per_floor":[80,80,80,80,85,48,48,48,48,48,51,51,48,44,69,14,67,73,73,73,73,73,20,45,39,39,0],"gold":201,"neow_bonus":"REMOVE_CARD","is_prod":false,"is_daily":false,"chose_seed":false,"campfire_upgraded":3,"win_rate":0,"timestamp":1554750222,"path_taken":["M","M","$","?","?","E","R","?","T","R","M","R","M","E","R","BOSS","M","$","?","?","$","E","R","E","T","E"],"build_version":"2019-01-23","purchased_purges":1,"victory":false,"max_hp_per_floor":[80,80,80,80,85,85,85,85,85,85,85,85,85,85,85,85,85,85,85,85,85,85,85,85,85,85,85],"card_choices":[{"not_picked":["Sentinel","Flame Barrier"],"picked":"Pummel","floor":1},{"not_picked":["Perfected Strike","Iron Wave"],"picked":"Uppercut","floor":2},{"not_picked":["Sword Boomerang","Feel No Pain"],"picked":"Intimidate","floor":4},{"not_picked":["Uppercut","Warcry"],"picked":"Rage","floor":6},{"not_picked":["Heavy Blade","Iron Wave"],"picked":"Infernal Blade","floor":11},{"not_picked":["Havoc","Clash"],"picked":"Armaments","floor":13},{"not_picked":["Corruption","Havoc","Sword Boomerang"],"picked":"SKIP","floor":14},{"not_picked":["Reaper","Berserk"],"picked":"Exhume","floor":16},{"not_picked":["Disarm","Body Slam"],"picked":"Flame Barrier","floor":18},{"not_picked":["Clothesline","Carnage"],"picked":"Flex","floor":23},{"not_picked":["Rupture","Perfected Strike"],"picked":"Seeing Red","floor":25}],"player_experience":534847,"relics_obtained":[{"floor":6,"key":"Ornamental Fan"},{"floor":8,"key":"PreservedInsect"},{"floor":9,"key":"Pen Nib"},{"floor":14,"key":"Lantern"},{"floor":23,"key":"Potion Belt"},{"floor":25,"key":"Frozen Egg 2"},{"floor":26,"key":"Mercury Hourglass"}],"event_choices":[{"damage_healed":0,"gold_gain":0,"player_choice":"Donut","damage_taken":0,"max_hp_gain":5,"max_hp_loss":0,"event_name":"Big Fish","floor":5,"gold_loss":0},{"damage_healed":0,"gold_gain":0,"player_choice":"Ignored","damage_taken":0,"max_hp_gain":0,"max_hp_loss":0,"event_name":"Ghosts","floor":20,"gold_loss":0},{"damage_healed":0,"gold_gain":0,"cards_transformed":["Strike_R"],"player_choice":"Transformed","damage_taken":0,"max_hp_gain":0,"max_hp_loss":0,"event_name":"Transmorgrifier","floor":21,"gold_loss":0,"cards_obtained":["Demon Form"]}],"is_beta":false,"boss_relics":[{"not_picked":["Velvet Choker","Mark of Pain"],"picked":"Lizard Tail"}],"items_purged_floors":[19],"is_endless":false,"potions_floor_spawned":[1,4,14],"killed_by":"Slavers","ascension_level":5}