{"path_per_floor":["M","?","$","M","M","E","R","M","T","M","?","R","$","E","R"],"character_chosen":"DEFECT","items_purchased":["Self Repair","Double Energy","Storm","Matryoshka"],"gold_per_floor":[12,262,49,61,76,107,107,124,124,143,443,443,130,161,161,161],"floor_reached":16,"campfire_rested":1,"playtime":537,"item_purchase_floors":[3,3,13,13],"current_hp_per_floor":[75,75,75,75,70,55,55,33,33,33,30,52,52,26,26,0],"items_purged":["Regret"],"gold":161,"score":127,"play_id":"7da7ecf3-cb7d-4caa-ba57-629a9ec42973","local_time":"20180602234652","is_prod":false,"is_daily":false,"chose_seed":false,"is_ascension_mode":true,"campfire_upgraded":1,"win_rate":0,"timestamp":1527976012,"campfire_choices":[{"data":"Genetic Algorithm","floor":7,"key":"SMITH"},{"floor":12,"key":"REST"},{"data":"1","floor":15,"key":"LIFT"}],"path_taken":["M","?","?","M","M","E","R","?","T","M","?","R","$","E","R","BOSS"],"build_version":"2018-05-30v2","seed_source_timestamp":55716412693010,"purchased_purges":1,"victory":false,"master_deck":["Strike_B","Strike_B","Strike_B","Strike_B","Defend_B","Defend_B","Defend_B","Defend_B","Zap","Dualcast","Hyperbeam","Capacitor","Self Repair","Double Energy","Gash","White Noise","Genetic Algorithm+1","Melter","Turbo","Storm","Amplify"],"max_hp_per_floor":[75,75,75,75,75,75,75,75,75,75,75,75,75,82,82,82],"relics":["Cracked Core","Calipers","Girya","Old Coin","Matryoshka","Strawberry"],"card_choices":[{"not_picked":["Creative AI","Biased Cognition"],"picked":"Hyperbeam","floor":0},{"not_picked":["Ball Lightning","Hologram"],"picked":"Capacitor","floor":1},{"not_picked":["Steam","Fusion"],"picked":"Gash","floor":4},{"not_picked":["Barrage","Reprogram"],"picked":"White Noise","floor":5},{"not_picked":["Cold Snap","Scrape"],"picked":"Genetic Algorithm","floor":6},{"not_picked":["Undo","Scrape"],"picked":"Melter","floor":8},{"not_picked":["Hologram","Leap"],"picked":"Turbo","floor":10},{"not_picked":["Sweeping Beam","Streamline"],"picked":"Amplify","floor":14}],"player_experience":268332,"potions_floor_usage":[5,16],"damage_taken":[{"damage":0,"enemies":"Small Slimes","floor":1,"turns":2},{"damage":0,"enemies":"Cultist","floor":4,"turns":3},{"damage":12,"enemies":"Jaw Worm","floor":5,"turns":2},{"damage":22,"enemies":"3 Sentries","floor":6,"turns":4},{"damage":29,"enemies":"Exordium Thugs","floor":8,"turns":4},{"damage":0,"enemies":"Lots of Slimes","floor":10,"turns":1},{"damage":40,"enemies":"Gremlin Nob","floor":14,"turns":5},{"damage":32,"enemies":"Slime Boss","floor":16,"turns":8}],"relics_obtained":[{"floor":6,"key":"Calipers"},{"floor":9,"key":"Girya"},{"floor":14,"key":"Strawberry"}],"event_choices":[{"event_name":"Golden Shrine","player_choice":"Desecrate","floor":2,"damage_taken":0},{"event_name":"Scrap Ooze","player_choice":"success","floor":11,"damage_taken":3}],"boss_relics":[],"items_purged_floors":[3],"potions_floor_spawned":[4,14],"seed_played":"1979534290983103853","killed_by":"Slime Boss","ascension_level":3,"potions_obtained":[{"floor":4,"key":"PowerPotion"},{"floor":14,"key":"Strength Potion"}],"is_trial":false}