{"gold_per_floor":[110,69,88,101,101,101,101,158,158,183,183,194,194,78,78,152,152,166,81,97,22,22,55,55,82,82,52,82,82,101,128,128,199,199,218,268,288,74,85,150,150,176,222,222,250,250,298,332,332,332],"floor_reached":51,"playtime":3658,"items_purged":["Strike_B"],"score":1574,"play_id":"b4fdf72c-d2bb-46c7-9c3a-0f1598dd9cc4","local_time":"20181113180557","is_ascension_mode":true,"campfire_choices":[{"data":"Zap","floor":6,"key":"SMITH"},{"data":"Self Repair","floor":11,"key":"SMITH"},{"data":"Scrape","floor":13,"key":"SMITH"},{"data":"White Noise","floor":15,"key":"SMITH"},{"data":"Hologram","floor":24,"key":"SMITH"},{"floor":29,"key":"REST"},{"data":"Buffer","floor":32,"key":"SMITH"},{"data":"Creative AI","floor":41,"key":"SMITH"},{"data":"FTL","floor":44,"key":"SMITH"},{"data":"Creative AI","floor":46,"key":"SMITH"},{"floor":49,"key":"REST"}],"neow_cost":"TEN_PERCENT_HP_LOSS","seed_source_timestamp":34569469797705,"circlet_count":0,"master_deck":["AscendersBane","Strike_B","Strike_B","Defend_B","Defend_B","Defend_B","Defend_B","Zap+1","Dualcast+1","All For One","Ball Lightning","Self Repair+1","Compile Driver+1","Gash","Scrape+1","FTL+1","Steam","White Noise+1","Biased Cognition","Reprogram+1","Conserve Battery","Hologram+1","Static Discharge+1","Defragment","Cold Snap+1","Recycle","Buffer+1","Creative AI+1","Coolheaded+1","Coolheaded+1","Gash","Chaos+1","Doubt","Creative AI+1","FTL+1","Thunder Strike","Force Field+1"],"relics":["Cracked Core","Bird Faced Urn","Dodecahedron","Ornamental Fan","Black Star","Torii","Art of War","The Courier","Bottled Lightning","Blue Candle","Bottled Flame","Bronze Scales","Regal Pillow","DataDisk","Mummified Hand","Toxic Egg 2","Cursed Key","Bottled Tornado","Tiny Chest","Dream Catcher","Vajra","Bag of Marbles","Juzu Bracelet","Pear","Symbiotic Virus","Emotion Chip","Anchor","Whetstone"],"potions_floor_usage":[8,10,18,33,42,45,50,50],"damage_taken":[{"damage":12,"enemies":"Small Slimes","floor":1,"turns":3},{"damage":12,"enemies":"Jaw Worm","floor":3,"turns":2},{"damage":9,"enemies":"2 Louse","floor":4,"turns":3},{"damage":22,"enemies":"Gremlin Nob","floor":8,"turns":4},{"damage":10,"enemies":"Lagavulin","floor":10,"turns":7},{"damage":1,"enemies":"Looter","floor":12,"turns":2},{"damage":6,"enemies":"Hexaghost","floor":16,"turns":8},{"damage":3,"enemies":"3 Byrds","floor":18,"turns":3},{"damage":7,"enemies":"Spheric Guardian","floor":20,"turns":3},{"damage":0,"enemies":"Gremlin Leader","floor":23,"turns":5},{"damage":32,"enemies":"Book of Stabbing","floor":25,"turns":5},{"damage":35,"enemies":"Slavers","floor":28,"turns":2},{"damage":9,"enemies":"Cultist and Chosen","floor":30,"turns":5},{"damage":16,"enemies":"Book of Stabbing","floor":31,"turns":3},{"damage":58,"enemies":"Automaton","floor":33,"turns":10},{"damage":22,"enemies":"3 Shapes","floor":35,"turns":3},{"damage":0,"enemies":"3 Darklings","floor":37,"turns":6},{"damage":0,"enemies":"Maw","floor":39,"turns":6},{"damage":50,"enemies":"Reptomancer","floor":40,"turns":6},{"damage":27,"enemies":"Nemesis","floor":42,"turns":5},{"damage":25,"enemies":"Reptomancer","floor":45,"turns":5},{"damage":27,"enemies":"2 Orb Walkers","floor":47,"turns":4},{"damage":36,"enemies":"Giant Head","floor":48,"turns":8},{"damage":10,"enemies":"Time Eater","floor":50,"turns":9}],"seed_played":"8077268111857135611","potions_obtained":[{"floor":4,"key":"SkillPotion"},{"floor":8,"key":"SpeedPotion"},{"floor":12,"key":"Swift Potion"},{"floor":16,"key":"Explosive Potion"},{"floor":23,"key":"Regen Potion"},{"floor":25,"key":"SpeedPotion"},{"floor":30,"key":"Fire Potion"},{"floor":33,"key":"Fire Potion"},{"floor":42,"key":"EssenceOfSteel"},{"floor":47,"key":"FocusPotion"}],"is_trial":false,"path_per_floor":["M","$","M","M","?","R","?","?","T","E","R","M","R","$","R","B",null,"M","?","M","?","?","E","R","E","T","$","E","R","M","E","R","B",null,"M","?","M","$","M","E","R","E","T","R","E","R","?","E","R","B",null],"character_chosen":"DEFECT","items_purchased":["Self Repair","White Noise","Defragment","Bottled Tornado"],"campfire_rested":2,"item_purchase_floors":[2,14,27,38],"current_hp_per_floor":[52,52,40,38,38,38,38,23,23,22,22,21,21,21,21,29,55,56,56,64,64,64,64,64,46,46,46,19,53,62,60,60,37,57,45,45,64,64,64,40,40,43,43,43,64,64,51,50,74,74],"gold":332,"neow_bonus":"THREE_RARE_CARDS","is_prod":false,"is_daily":false,"chose_seed":false,"campfire_upgraded":9,"win_rate":0,"timestamp":1542128757,"path_taken":["M","$","M","M","?","R","?","?","T","E","R","M","R","?","R","BOSS","M","?","M","?","?","E","R","E","T","$","E","R","?","E","R","BOSS","M","?","M","$","M","E","R","E","T","R","E","R","?","E","R","BOSS"],"build_version":"2018-11-12","purchased_purges":1,"victory":true,"max_hp_per_floor":[64,64,64,64,64,64,64,64,64,64,64,64,64,64,64,64,64,64,64,64,64,64,64,64,64,64,64,64,64,64,64,64,64,64,64,64,64,64,64,64,64,64,64,64,74,74,74,74,74,74],"card_choices":[{"not_picked":["Core Surge","Seek"],"picked":"All For One","floor":0},{"not_picked":["Chill","Cold Snap"],"picked":"Ball Lightning","floor":1},{"not_picked":["Rebound","BootSequence"],"picked":"Compile Driver","floor":3},{"not_picked":["Stack","Ball Lightning"],"picked":"Gash","floor":4},{"not_picked":["Coolheaded","Tempest"],"picked":"Scrape","floor":8},{"not_picked":["Barrage","Steam"],"picked":"FTL","floor":10},{"not_picked":["Turbo","Ball Lightning"],"picked":"Steam","floor":12},{"not_picked":["Amplify","Meteor Strike"],"picked":"Biased Cognition","floor":16},{"not_picked":["Glacier","FTL"],"picked":"Reprogram+1","floor":18},{"not_picked":["Conserve Battery","Sweeping Beam","Tempest"],"picked":"SKIP","floor":20},{"not_picked":["Sweeping Beam","Tempest"],"picked":"Conserve Battery","floor":20},{"not_picked":["Streamline","Stack"],"picked":"Hologram","floor":23},{"not_picked":["Streamline","Steam+1"],"picked":"Static Discharge+1","floor":25},{"not_picked":["Rebound","Streamline+1"],"picked":"Cold Snap","floor":28},{"not_picked":["Redo","Turbo"],"picked":"Recycle","floor":30},{"not_picked":["Scrape","Hologram"],"picked":"Buffer","floor":31},{"not_picked":["Reboot+1","Multi-Cast+1"],"picked":"Creative AI","floor":33},{"not_picked":["Leap+1","Turbo+1"],"picked":"Coolheaded+1","floor":35},{"not_picked":["Conserve Battery+1","Leap+1","Rebound+1"],"picked":"SKIP","floor":37},{"not_picked":["Cold Snap","Meteor Strike"],"picked":"Coolheaded+1","floor":39},{"not_picked":["Steam+1","Leap+1"],"picked":"Gash","floor":40},{"not_picked":["Rebound","Lockon"],"picked":"Chaos+1","floor":42},{"not_picked":["Fusion+1","Go for the Eyes"],"picked":"Creative AI","floor":45},{"not_picked":["Reprogram+1","Steam Power+1"],"picked":"FTL+1","floor":47},{"not_picked":["Ball Lightning","Fusion+1"],"picked":"Thunder Strike","floor":48},{"not_picked":["Steam+1","Scrape"],"picked":"Force Field+1","floor":49}],"player_experience":796357,"relics_obtained":[{"floor":8,"key":"Bird Faced Urn"},{"floor":9,"key":"Dodecahedron"},{"floor":10,"key":"Ornamental Fan"},{"floor":23,"key":"The Courier"},{"floor":23,"key":"Bottled Lightning"},{"floor":25,"key":"Blue Candle"},{"floor":25,"key":"Bottled Flame"},{"floor":26,"key":"Bronze Scales"},{"floor":28,"key":"Regal Pillow"},{"floor":28,"key":"DataDisk"},{"floor":31,"key":"Mummified Hand"},{"floor":31,"key":"Toxic Egg 2"},{"floor":40,"key":"Tiny Chest"},{"floor":40,"key":"Dream Catcher"},{"floor":42,"key":"Vajra"},{"floor":42,"key":"Bag of Marbles"},{"floor":43,"key":"Juzu Bracelet"},{"floor":45,"key":"Pear"},{"floor":45,"key":"Symbiotic Virus"},{"floor":47,"key":"Emotion Chip"},{"floor":48,"key":"Anchor"},{"floor":48,"key":"Whetstone"}],"event_choices":[{"damage_healed":0,"gold_gain":0,"player_choice":"Ignored","damage_taken":0,"max_hp_gain":0,"max_hp_loss":0,"event_name":"Liars Game","floor":5,"gold_loss":0},{"damage_healed":0,"gold_gain":0,"player_choice":"Grow","damage_taken":0,"max_hp_gain":0,"max_hp_loss":0,"event_name":"Living Wall","floor":7,"gold_loss":0,"cards_upgraded":["Dualcast"]},{"damage_healed":0,"gold_gain":0,"player_choice":"Searched \u00272\u0027 times","damage_taken":0,"max_hp_gain":0,"max_hp_loss":0,"event_name":"Dead Adventurer","floor":8,"gold_loss":0},{"damage_healed":0,"gold_gain":0,"player_choice":"Obtained Relic","damage_taken":0,"relics_obtained":["Torii"],"max_hp_gain":0,"max_hp_loss":0,"event_name":"Addict","floor":19,"gold_loss":85},{"cards_removed":["Strike_B"],"damage_healed":0,"gold_gain":0,"player_choice":"Gave Gold","damage_taken":0,"max_hp_gain":0,"max_hp_loss":0,"event_name":"Beggar","floor":21,"gold_loss":75},{"damage_healed":0,"gold_gain":0,"player_choice":"Gave Potion","damage_taken":0,"relics_obtained":["Art of War"],"max_hp_gain":0,"max_hp_loss":0,"event_name":"WeMeetAgain","floor":22,"gold_loss":0},{"damage_healed":0,"gold_gain":50,"player_choice":"Pray","damage_taken":0,"max_hp_gain":0,"max_hp_loss":0,"event_name":"Golden Shrine","floor":36,"gold_loss":0},{"damage_healed":0,"gold_gain":0,"player_choice":"Fight","damage_taken":0,"max_hp_gain":0,"max_hp_loss":0,"event_name":"Mysterious Sphere","floor":47,"gold_loss":0}],"is_beta":true,"boss_relics":[{"not_picked":["Busted Crown","Velvet Choker"],"picked":"Black Star"},{"not_picked":["Eternal Feather","Empty Cage"],"picked":"Cursed Key"}],"items_purged_floors":[14],"is_endless":false,"potions_floor_spawned":[4,8,12,16,23,25,30,33,39,40,42,47],"ascension_level":17}