{"gold_per_floor":[111,124,124,142,142,174,191,207,234,253,263,263,282,313,313,386,386,397,597,611,631,517,517,546,546,628,659,574,590,241,258,258,258],"floor_reached":33,"playtime":1377,"items_purged":["Strike_G","Strike_G"],"score":602,"play_id":"6b9c8872-1ce4-41d5-8b3d-b899c9f1cffb","local_time":"20190217161329","is_ascension_mode":true,"campfire_choices":[{"data":"Caltrops","floor":12,"key":"SMITH"},{"data":"Bouncing Flask","floor":15,"key":"SMITH"},{"floor":23,"key":"REST"},{"floor":25,"key":"REST"},{"floor":32,"key":"REST"}],"neow_cost":"NONE","seed_source_timestamp":21543844030237,"circlet_count":0,"master_deck":["AscendersBane","Defend_G","Defend_G","Defend_G","Defend_G","Defend_G","Strike_G","Strike_G","Survivor","Neutralize","Quick Slash","Dagger Spray","Sucker Punch","Backstab","Infinite Blades","Bouncing Flask+1","Caltrops+1","Backstab","Adrenaline","After Image","Dodge and Roll","Distraction","Noxious Fumes","Leg Sweep","PiercingWail","Backflip","Predator","Deadly Poison","Noxious Fumes","Distraction"],"relics":["Ring of the Snake","NeowsBlessing","Blood Vial","Bag of Marbles","Art of War","Sozu","Vajra","Mummified Hand","Orichalcum","Shovel","Membership Card"],"potions_floor_usage":[6,16,29],"damage_taken":[{"damage":0,"enemies":"Cultist","floor":1,"turns":1},{"damage":0,"enemies":"Small Slimes","floor":2,"turns":1},{"damage":0,"enemies":"2 Louse","floor":4,"turns":1},{"damage":24,"enemies":"Gremlin Nob","floor":6,"turns":4},{"damage":0,"enemies":"Lots of Slimes","floor":7,"turns":2},{"damage":5,"enemies":"Blue Slaver","floor":8,"turns":5},{"damage":0,"enemies":"Exordium Thugs","floor":10,"turns":4},{"damage":0,"enemies":"2 Fungi Beasts","floor":11,"turns":1},{"damage":0,"enemies":"3 Louse","floor":13,"turns":3},{"damage":17,"enemies":"3 Sentries","floor":14,"turns":7},{"damage":22,"enemies":"The Guardian","floor":16,"turns":8},{"damage":7,"enemies":"Shell Parasite","floor":18,"turns":4},{"damage":18,"enemies":"Spheric Guardian","floor":20,"turns":4},{"damage":11,"enemies":"3 Cultists","floor":21,"turns":5},{"damage":34,"enemies":"Book of Stabbing","floor":24,"turns":5},{"damage":18,"enemies":"Slavers","floor":27,"turns":6},{"damage":2,"enemies":"Centurion and Healer","floor":29,"turns":5},{"damage":0,"enemies":"Cultist and Chosen","floor":31,"turns":5},{"damage":39,"enemies":"Champ","floor":33,"turns":10}],"seed_played":"1221204708272180612","potions_obtained":[{"floor":1,"key":"Poison Potion"},{"floor":2,"key":"PowerPotion"},{"floor":6,"key":"SteroidPotion"},{"floor":13,"key":"Block Potion"}],"is_trial":false,"path_per_floor":["M","M","?","M","?","E","M","M","T","M","M","R","M","E","R","B",null,"M","?","M","M","$","R","E","R","T","E","?","M","$","M","R","B"],"character_chosen":"THE_SILENT","items_purchased":["Leg Sweep","Membership Card","Deadly Poison","Noxious Fumes","Distraction"],"campfire_rested":3,"item_purchase_floors":[22,30,30,30,30],"current_hp_per_floor":[59,59,59,59,59,35,37,34,34,36,38,38,40,25,25,5,51,46,46,30,21,21,40,8,27,27,11,11,11,11,13,32,0],"gold":258,"neow_bonus":"THREE_ENEMY_KILL","is_prod":false,"is_daily":false,"chose_seed":false,"campfire_upgraded":2,"win_rate":0,"timestamp":1550416409,"path_taken":["M","?","?","?","?","E","M","M","T","?","M","R","M","E","R","BOSS","M","?","M","M","?","R","E","R","T","E","?","M","$","M","R","BOSS"],"build_version":"2019-01-23","purchased_purges":2,"victory":false,"max_hp_per_floor":[66,66,66,66,66,66,66,66,66,66,66,66,66,66,66,66,66,66,66,66,66,66,66,66,66,66,66,66,66,66,66,66,66],"card_choices":[{"not_picked":["Blade Dance","Flying Knee"],"picked":"Quick Slash","floor":1},{"not_picked":["Dagger Throw","Dodge and Roll"],"picked":"Dagger Spray","floor":2},{"not_picked":["Sucker Punch","Slice"],"picked":"Backstab","floor":4},{"not_picked":["Slice","All Out Attack"],"picked":"Infinite Blades","floor":6},{"not_picked":["Slice","All Out Attack"],"picked":"Bouncing Flask","floor":7},{"not_picked":["Acrobatics","Blade Dance","Dagger Spray"],"picked":"SKIP","floor":8},{"not_picked":["Blade Dance","Endless Agony","Calculated Gamble"],"picked":"SKIP","floor":10},{"not_picked":["Underhanded Strike","Choke"],"picked":"Caltrops","floor":11},{"not_picked":["Prepared","Catalyst"],"picked":"Backstab","floor":13},{"not_picked":["Prepared","Slice"],"picked":"Adrenaline","floor":14},{"not_picked":["Venomology","A Thousand Cuts"],"picked":"After Image","floor":16},{"not_picked":["All Out Attack","Flying Knee"],"picked":"Dodge and Roll","floor":18},{"not_picked":["Underhanded Strike","Dash"],"picked":"Distraction","floor":20},{"not_picked":["Infinite Blades","Dagger Spray"],"picked":"Noxious Fumes","floor":21},{"not_picked":["Sucker Punch+1","Slice"],"picked":"PiercingWail","floor":24},{"not_picked":["Accuracy","Night Terror"],"picked":"Backflip","floor":27},{"not_picked":["Quick Slash","Tactician"],"picked":"Predator","floor":29},{"not_picked":["Sucker Punch+1","Underhanded Strike","Flying Knee"],"picked":"SKIP","floor":31}],"player_experience":1278439,"relics_obtained":[{"floor":6,"key":"Blood Vial"},{"floor":9,"key":"Bag of Marbles"},{"floor":14,"key":"Art of War"},{"floor":24,"key":"Vajra"},{"floor":26,"key":"Mummified Hand"},{"floor":27,"key":"Orichalcum"}],"event_choices":[{"damage_healed":0,"gold_gain":0,"player_choice":"1 cards matched","damage_taken":0,"max_hp_gain":0,"max_hp_loss":0,"event_name":"Match and Keep!","floor":3,"gold_loss":0,"cards_obtained":["Sucker Punch"]},{"cards_removed":["Strike_G"],"damage_healed":0,"gold_gain":0,"player_choice":"Offered Basic","damage_taken":0,"max_hp_gain":0,"max_hp_loss":0,"event_name":"Bonfire Elementals","floor":5,"gold_loss":0},{"damage_healed":0,"gold_gain":200,"player_choice":"Gold","damage_taken":0,"max_hp_gain":0,"max_hp_loss":0,"event_name":"Wheel of Change","floor":19,"gold_loss":0},{"damage_healed":0,"gold_gain":0,"player_choice":"Obtained Relic","damage_taken":0,"relics_obtained":["Shovel"],"max_hp_gain":0,"max_hp_loss":0,"event_name":"Addict","floor":28,"gold_loss":85}],"is_beta":false,"boss_relics":[{"not_picked":["WristBlade","Runic Pyramid"],"picked":"Sozu"}],"items_purged_floors":[22,30],"is_endless":false,"potions_floor_spawned":[1,2,6,13,14,18,27,31],"killed_by":"Champ","ascension_level":20}