{"gold_per_floor":[116,131,144,2,21,21,47,47,72,72,84,115,115,115,115,238,238,258,282,282,282,301,301],"floor_reached":23,"playtime":3377,"items_purged":[],"score":261,"play_id":"c8288b5f-65a2-42fe-913f-8654c9f2d116","local_time":"20190320115628","is_ascension_mode":true,"campfire_choices":[{"data":"Zap","floor":6,"key":"SMITH"},{"floor":8,"key":"REST"},{"data":"Dualcast","floor":10,"key":"SMITH"},{"floor":15,"key":"REST"}],"neow_cost":"PERCENT_DAMAGE","seed_source_timestamp":71882755832852,"circlet_count":0,"master_deck":["Strike_B","Strike_B","Strike_B","Defend_B","Defend_B","Defend_B","Defend_B","Zap+1","Dualcast+1","Cold Snap","Ball Lightning","Coolheaded","Dramatic Entrance","Steam","Machine Learning","Go for the Eyes","Chill","Seek","Go for the Eyes+1","Steam"],"relics":["Cracked Core","Peace Pipe","Juzu Bracelet","Potion Belt","Ancient Tea Set","Golden Idol","CultistMask","Nuclear Battery","WingedGreaves"],"potions_floor_usage":[7,12,16,23],"damage_taken":[{"damage":1,"enemies":"Jaw Worm","floor":1,"turns":4},{"damage":8,"enemies":"Small Slimes","floor":2,"turns":3},{"damage":0,"enemies":"Cultist","floor":3,"turns":3},{"damage":4,"enemies":"Gremlin Gang","floor":5,"turns":2},{"damage":22,"enemies":"Lagavulin","floor":7,"turns":8},{"damage":4,"enemies":"2 Fungi Beasts","floor":11,"turns":2},{"damage":17,"enemies":"3 Sentries","floor":12,"turns":7},{"damage":9,"enemies":"The Guardian","floor":16,"turns":12},{"damage":21,"enemies":"Shell Parasite","floor":18,"turns":6},{"damage":2,"enemies":"3 Byrds","floor":19,"turns":6},{"damage":25,"enemies":"Snecko","floor":22,"turns":8},{"damage":14,"enemies":"Slavers","floor":23,"turns":1}],"seed_played":"1605295210053518461","potions_obtained":[{"floor":2,"key":"Strength Potion"},{"floor":11,"key":"EssenceOfSteel"},{"floor":12,"key":"SpeedPotion"},{"floor":22,"key":"SkillPotion"}],"is_trial":false,"path_per_floor":["M","M","M","$","M","R","E","R","T","R","M","E","?","?","R","B",null,"M","M","?","?","M","E"],"character_chosen":"DEFECT","items_purchased":["Dramatic Entrance","FearPotion"],"campfire_rested":2,"item_purchase_floors":[4,4],"current_hp_per_floor":[49,41,41,41,37,37,15,37,37,37,33,16,16,16,36,27,59,38,36,36,36,11,0],"gold":301,"neow_bonus":"ONE_RARE_RELIC","is_prod":false,"is_daily":false,"chose_seed":false,"campfire_upgraded":2,"win_rate":0,"timestamp":1553108188,"path_taken":["M","M","M","$","M","R","E","R","T","R","M","E","?","?","R","BOSS","M","M","?","?","M","E"],"build_version":"2019-01-23","purchased_purges":0,"victory":false,"max_hp_per_floor":[75,75,75,75,75,75,75,75,75,75,75,75,69,69,69,69,69,69,69,69,69,69,69],"card_choices":[{"not_picked":["Barrage","Streamline"],"picked":"Cold Snap","floor":1},{"not_picked":["Rebound","Leap"],"picked":"Ball Lightning","floor":2},{"not_picked":["Compile Driver","Cold Snap"],"picked":"Coolheaded","floor":3},{"not_picked":["Leap","Auto Shields"],"picked":"Steam","floor":5},{"not_picked":["Leap","Buffer"],"picked":"Machine Learning","floor":7},{"not_picked":["Redo","Stack"],"picked":"Go for the Eyes","floor":11},{"not_picked":["Glacier","Coolheaded"],"picked":"Chill","floor":12},{"not_picked":["Meteor Strike","All For One"],"picked":"Seek","floor":16},{"not_picked":["Leap","Doom and Gloom+1"],"picked":"Go for the Eyes+1","floor":18},{"not_picked":["Go for the Eyes","Hologram","Streamline"],"picked":"SKIP","floor":19},{"not_picked":["Sweeping Beam","Static Discharge"],"picked":"Steam","floor":22}],"player_experience":383266,"relics_obtained":[{"floor":7,"key":"Juzu Bracelet"},{"floor":9,"key":"Potion Belt"},{"floor":12,"key":"Ancient Tea Set"}],"event_choices":[{"damage_healed":0,"gold_gain":0,"player_choice":"Lose Max HP","damage_taken":0,"relics_obtained":["Golden Idol"],"max_hp_gain":0,"max_hp_loss":6,"event_name":"Golden Idol","floor":13,"gold_loss":0},{"damage_healed":0,"gold_gain":0,"player_choice":"Trade","damage_taken":0,"relics_obtained":["CultistMask"],"max_hp_gain":0,"max_hp_loss":0,"event_name":"FaceTrader","floor":14,"gold_loss":0},{"cards_removed":["Strike_B"],"damage_healed":0,"gold_gain":0,"player_choice":"Offered Basic","damage_taken":0,"max_hp_gain":0,"max_hp_loss":0,"event_name":"Bonfire Elementals","floor":20,"gold_loss":0},{"damage_healed":0,"gold_gain":0,"player_choice":"Opened","damage_taken":0,"relics_obtained":["WingedGreaves"],"max_hp_gain":0,"max_hp_loss":0,"event_name":"The Mausoleum","floor":21,"gold_loss":0}],"is_beta":false,"boss_relics":[{"not_picked":["Sozu","Empty Cage"],"picked":"Nuclear Battery"}],"items_purged_floors":[],"is_endless":false,"potions_floor_spawned":[2,11,12,22],"killed_by":"Slavers","ascension_level":6}