{"gold_per_floor":[116,266,266,191,191,191,218,218,273,305,305,336,150,166,166,241,241,254,171,171,184,103,103,103],"floor_reached":24,"playtime":539,"items_purged":["Doubt","Strike_B"],"score":516,"play_id":"6d4a2bc9-fc40-4237-a918-5e2a68b5d462","local_time":"20190827144959","is_ascension_mode":true,"campfire_choices":[{"data":"Zap","floor":6,"key":"SMITH"},{"data":"Genetic Algorithm","floor":8,"key":"SMITH"},{"floor":11,"key":"REST"},{"data":"Loop","floor":15,"key":"SMITH"},{"data":"Creative AI","floor":23,"key":"SMITH"}],"neow_cost":"NONE","seed_source_timestamp":18059141132340,"circlet_count":0,"master_deck":["AscendersBane","Strike_B+1","Strike_B+1","Strike_B","Defend_B","Defend_B","Defend_B","Defend_B","Zap+1","Dualcast","Genetic Algorithm+1","Sweeping Beam+1","Streamline+1","Barrage+1","Loop+1","Darkness+1","Creative AI+1","Melter+1","Ghostly+1","Ghostly+1","Ghostly+1","Coolheaded+1","Capacitor"],"relics":["Cracked Core","NeowsBlessing","Blood Vial","Molten Egg 2","Tiny Chest","Pantograph","Toxic Egg 2","Nuclear Battery"],"potions_floor_usage":[16,21,24,24],"damage_taken":[{"damage":0,"enemies":"Small Slimes","floor":1,"turns":1},{"damage":0,"enemies":"3 Sentries","floor":7,"turns":1},{"damage":0,"enemies":"Gremlin Nob","floor":10,"turns":1},{"damage":25,"enemies":"Lagavulin","floor":12,"turns":6},{"damage":7,"enemies":"Jaw Worm","floor":14,"turns":3},{"damage":38,"enemies":"Hexaghost","floor":16,"turns":5},{"damage":18,"enemies":"2 Thieves","floor":18,"turns":3},{"damage":23,"enemies":"3 Byrds","floor":21,"turns":6},{"damage":19,"enemies":"Book of Stabbing","floor":24,"turns":5}],"seed_played":"5532509398413909228","potions_obtained":[{"floor":14,"key":"PowerPotion"},{"floor":16,"key":"Swift Potion"},{"floor":21,"key":"SkillPotion"}],"is_trial":false,"path_per_floor":["M","?","?","$","?","R","E","R","T","E","R","E","$","M","R","B",null,"M","$","?","M","$","R","E"],"character_chosen":"DEFECT","items_purchased":["Loop","FocusPotion","Capacitor"],"campfire_rested":1,"item_purchase_floors":[13,19,22],"current_hp_per_floor":[64,64,43,43,17,17,19,19,19,21,42,19,19,14,14,3,54,38,38,35,12,12,12,0],"gold":103,"neow_bonus":"THREE_ENEMY_KILL","is_prod":false,"is_daily":false,"chose_seed":false,"campfire_upgraded":4,"win_rate":0,"timestamp":1566910199,"path_taken":["M","?","?","$","?","R","E","R","T","E","R","E","$","M","R","BOSS","M","$","?","M","$","R","E"],"build_version":"2019-07-17","purchased_purges":2,"victory":false,"max_hp_per_floor":[71,71,71,71,71,71,71,71,71,71,71,71,71,71,71,71,71,71,71,35,35,35,35,35],"card_choices":[{"not_picked":["Rebound","Leap"],"picked":"Genetic Algorithm","floor":1},{"not_picked":["Leap","Steam"],"picked":"Sweeping Beam","floor":7},{"not_picked":["Barrage+1","Go for the Eyes+1"],"picked":"Streamline+1","floor":10},{"not_picked":["Beam Cell+1","All For One+1"],"picked":"Barrage+1","floor":12},{"not_picked":["Conserve Battery+1","Double Energy+1"],"picked":"Darkness+1","floor":14},{"not_picked":["Buffer","Rainbow+1"],"picked":"Creative AI","floor":16},{"not_picked":["Heatsinks","Redo+1"],"picked":"Melter+1","floor":18},{"not_picked":["Sweeping Beam+1","Compile Driver+1"],"picked":"Coolheaded+1","floor":21}],"player_experience":1982293,"relics_obtained":[{"floor":7,"key":"Molten Egg 2"},{"floor":9,"key":"Tiny Chest"},{"floor":10,"key":"Pantograph"},{"floor":12,"key":"Toxic Egg 2"}],"event_choices":[{"damage_healed":0,"gold_gain":150,"player_choice":"AGREE","damage_taken":0,"max_hp_gain":0,"max_hp_loss":0,"event_name":"Liars Game","floor":2,"gold_loss":0,"cards_obtained":["Doubt"]},{"damage_healed":0,"gold_gain":0,"player_choice":"Entered Light","damage_taken":21,"max_hp_gain":0,"max_hp_loss":0,"event_name":"Shining Light","floor":3,"gold_loss":0,"cards_upgraded":["Strike_B","Strike_B"]},{"damage_healed":0,"gold_gain":0,"player_choice":"Success","damage_taken":26,"relics_obtained":["Blood Vial"],"max_hp_gain":0,"max_hp_loss":0,"event_name":"Scrap Ooze","floor":5,"gold_loss":0},{"damage_healed":0,"gold_gain":0,"player_choice":"Became a Ghost","damage_taken":0,"max_hp_gain":0,"max_hp_loss":36,"event_name":"Ghosts","floor":20,"gold_loss":0,"cards_obtained":["Ghostly","Ghostly","Ghostly"]}],"is_beta":false,"boss_relics":[{"not_picked":["Orrery","Sozu"],"picked":"Nuclear Battery"}],"items_purged_floors":[4,13],"is_endless":false,"potions_floor_spawned":[14,16,21],"killed_by":"Book of Stabbing","ascension_level":20}