{"gold_per_floor":[112,37,37,37,53,87,98,131,180,209,228,243,243,243,243,342,342,358,374,374,394,413,413,438,438,438,472,472,215,244,244,244,339,339,350,363,381,399,399,427,444,444,444,444,444,471,487,487,487,487,487,487,56,83,83],"floor_reached":55,"playtime":2817,"items_purged":["Strike_R","Strike_R","Defend_R"],"score":1204,"play_id":"89425880-0c16-46e5-8c18-d7f60d840426","local_time":"20190823193714","is_ascension_mode":true,"campfire_choices":[{"data":"Spot Weakness","floor":13.0,"key":"SMITH"},{"floor":15.0,"key":"REST"},{"data":"Bash","floor":23.0,"key":"SMITH"},{"floor":25.0,"key":"REST"},{"floor":28.0,"key":"REST"},{"floor":32.0,"key":"REST"},{"data":"Heavy Blade","floor":42.0,"key":"SMITH"},{"data":"Demon Form","floor":44.0,"key":"SMITH"},{"floor":49.0,"key":"RECALL"},{"floor":52.0,"key":"REST"}],"neow_cost":"NONE","seed_source_timestamp":752147301528000,"circlet_count":0,"master_deck":["Strike_R+1","Strike_R+1","Defend_R","Defend_R","Bash+1","Cleave","Spot Weakness+1","Shrug It Off","Twin Strike","Battle Trance+1","Reaper+1","Spot Weakness+1","Demon Form+1","Heavy Blade+1","Shockwave+1","Heavy Blade+1"],"special_seed":0,"relics":["Burning Blood","NeowsBlessing","FossilizedHelix","Pen Nib","Anchor","Ancient Tea Set","Dodecahedron","Snecko Eye","Whetstone","Meat on the Bone","Strawberry","PreservedInsect","Red Mask","Sozu","Bottled Tornado","Lantern","Unceasing Top","Mercury Hourglass"],"potions_floor_usage":[55],"damage_taken":[{"damage":0.0,"enemies":"Jaw Worm","floor":1.0,"turns":1.0},{"damage":0.0,"enemies":"Cultist","floor":5.0,"turns":1.0},{"damage":0.0,"enemies":"Lagavulin","floor":6.0,"turns":1.0},{"damage":0.0,"enemies":"Small Slimes","floor":7.0,"turns":3.0},{"damage":20.0,"enemies":"3 Sentries","floor":8.0,"turns":5.0},{"damage":0.0,"enemies":"Gremlin Nob","floor":10.0,"turns":3.0},{"damage":0.0,"enemies":"3 Louse","floor":11.0,"turns":2.0},{"damage":19.0,"enemies":"Gremlin Gang","floor":12.0,"turns":5.0},{"damage":52.0,"enemies":"Hexaghost","floor":16.0,"turns":9.0},{"damage":16.0,"enemies":"3 Byrds","floor":18.0,"turns":4.0},{"damage":17.0,"enemies":"2 Thieves","floor":19.0,"turns":3.0},{"damage":22.0,"enemies":"Centurion and Healer","floor":21.0,"turns":6.0},{"damage":19.0,"enemies":"Snake Plant","floor":22.0,"turns":4.0},{"damage":33.0,"enemies":"Slavers","floor":24.0,"turns":8.0},{"damage":105.0,"enemies":"Book of Stabbing","floor":27.0,"turns":7.0},{"damage":47.0,"enemies":"Masked Bandits","floor":30.0,"turns":4.0},{"damage":66.0,"enemies":"Champ","floor":33.0,"turns":9.0},{"damage":18.0,"enemies":"3 Darklings","floor":35.0,"turns":4.0},{"damage":0.0,"enemies":"Orb Walker","floor":36.0,"turns":3.0},{"damage":12.0,"enemies":"Writhing Mass","floor":37.0,"turns":4.0},{"damage":4.0,"enemies":"Maw","floor":38.0,"turns":5.0},{"damage":0.0,"enemies":"Giant Head","floor":40.0,"turns":4.0},{"damage":25.0,"enemies":"Jaw Worm Horde","floor":41.0,"turns":4.0},{"damage":0.0,"enemies":"Reptomancer","floor":46.0,"turns":2.0},{"damage":25.0,"enemies":"Transient","floor":47.0,"turns":5.0},{"damage":56.0,"enemies":"Donu and Deca","floor":50.0,"turns":5.0},{"damage":4.0,"enemies":"Shield and Spear","floor":54.0,"turns":3.0},{"damage":139,"enemies":"The Heart","floor":55,"turns":6}],"seed_played":"7092154403980282608","potions_obtained":[{"floor":5.0,"key":"SteroidPotion"},{"floor":7.0,"key":"BloodPotion"},{"floor":8.0,"key":"Poison Potion"},{"floor":16.0,"key":"Regen Potion"},{"floor":19.0,"key":"FairyPotion"},{"floor":33.0,"key":"Dexterity Potion"}],"is_trial":false,"path_per_floor":["M","$","?","T","M","E","M","E","T","E","M","M","R","?","R","B",null,"M","M","$","M","M","R","E","R","T","E","R","$","?","?","R","B",null,"M","M","M","M","?","E","M","R","T","R","?","E","M","T","R","B",null,"R","$","E","B"],"character_chosen":"IRONCLAD","items_purchased":["PreservedInsect","Unceasing Top"],"campfire_rested":5,"item_purchase_floors":[29,53],"current_hp_per_floor":[78,78,78,78,80,80,80,66,66,72,78,65,65,49,73,27,67,70,59,59,65,58,58,39,63,63,38,64,64,53,53,79,68,82,75,81,87,87,87,87,68,68,68,68,68,74,55,55,55,61,81,87,87,87,0],"gold":83,"neow_bonus":"THREE_ENEMY_KILL","is_prod":false,"is_daily":false,"chose_seed":false,"campfire_upgraded":4,"win_rate":0,"timestamp":1566560234,"path_taken":["M","$","?","?","M","E","M","E","T","E","M","?","R","?","R","BOSS","M","M","$","M","M","R","E","R","T","E","R","$","?","?","R","BOSS","M","?","M","M","?","E","M","R","T","R","?","E","M","?","R","BOSS","R","$","E","BOSS"],"build_version":"2019-07-17","purchased_purges":3,"victory":false,"max_hp_per_floor":[80,80,80,80,80,80,80,80,80,80,80,80,80,80,80,80,80,80,80,80,80,80,80,80,80,80,87,87,87,87,87,87,87,87,87,87,87,87,87,87,87,87,87,87,87,87,87,87,87,87,87,87,87,87,87],"card_choices":[{"not_picked":["Flex","Reckless Charge"],"picked":"Cleave","floor":1.0},{"not_picked":["Shrug It Off","Thunderclap","Perfected Strike"],"picked":"SKIP","floor":5.0},{"not_picked":["Thunderclap","Perfected Strike"],"picked":"Shrug It Off","floor":5.0},{"not_picked":["Carnage","Anger"],"picked":"Twin Strike","floor":6.0},{"not_picked":["Cleave","True Grit"],"picked":"Battle Trance","floor":7.0},{"not_picked":["Headbutt","Iron Wave","Clash"],"picked":"SKIP","floor":8.0},{"not_picked":["Uppercut","Clash","Intimidate"],"picked":"SKIP","floor":10.0},{"not_picked":["Dark Embrace","Anger","Pommel Strike"],"picked":"SKIP","floor":11.0},{"not_picked":["True Grit","Wild Strike","Body Slam"],"picked":"SKIP","floor":12.0},{"not_picked":["Barricade","Immolate"],"picked":"Reaper","floor":16.0},{"not_picked":["Wild Strike","Rage+1","True Grit"],"picked":"SKIP","floor":18.0},{"not_picked":["Anger","Warcry","Headbutt"],"picked":"SKIP","floor":19.0},{"not_picked":["Perfected Strike","Rage","Searing Blow"],"picked":"SKIP","floor":21.0},{"not_picked":["Intimidate","Entrench","Reckless Charge"],"picked":"SKIP","floor":22.0},{"not_picked":["Ghostly Armor+1","Havoc","Dual Wield+1"],"picked":"SKIP","floor":24.0},{"not_picked":["Pummel","Sword Boomerang","Feel No Pain"],"picked":"SKIP","floor":27.0},{"not_picked":["Exhume","Barricade"],"picked":"Demon Form","floor":33.0},{"not_picked":["Metallicize","Sword Boomerang","Armaments+1"],"picked":"SKIP","floor":35.0},{"not_picked":["Disarm","Shrug It Off","Fire Breathing"],"picked":"SKIP","floor":36.0},{"not_picked":["Wild Strike+1","True Grit+1"],"picked":"Heavy Blade","floor":37.0},{"not_picked":["Infernal Blade","Battle Trance+1"],"picked":"Shockwave+1","floor":38.0},{"not_picked":["Iron Wave","Fire Breathing","Cleave+1"],"picked":"SKIP","floor":40.0},{"not_picked":["Flex+1","Uppercut","Rupture"],"picked":"SKIP","floor":41.0},{"not_picked":["Flame Barrier","Wild Strike","Burning Pact+1"],"picked":"SKIP","floor":46.0},{"not_picked":["Body Slam+1","Ghostly Armor+1","Pommel Strike"],"picked":"SKIP","floor":47.0},{"not_picked":["Iron Wave+1","Whirlwind+1"],"picked":"Heavy Blade+1","floor":54.0}],"player_experience":296958,"relics_obtained":[{"floor":4.0,"key":"FossilizedHelix"},{"floor":6.0,"key":"Pen Nib"},{"floor":8.0,"key":"Anchor"},{"floor":9.0,"key":"Ancient Tea Set"},{"floor":10.0,"key":"Dodecahedron"},{"floor":24.0,"key":"Whetstone"},{"floor":26.0,"key":"Meat on the Bone"},{"floor":27.0,"key":"Strawberry"},{"floor":30.0,"key":"Red Mask"},{"floor":40.0,"key":"Bottled Tornado"},{"floor":46.0,"key":"Lantern"},{"floor":54.0,"key":"Mercury Hourglass"}],"event_choices":[{"damage_healed":0.0,"max_hp_gain":0.0,"max_hp_loss":0.0,"gold_gain":0.0,"cards_transformed":["Strike_R"],"event_name":"Living Wall","player_choice":"Change","floor":3.0,"gold_loss":0.0,"damage_taken":0.0,"cards_obtained":["Spot Weakness"]},{"damage_healed":0.0,"max_hp_gain":0.0,"max_hp_loss":0.0,"gold_gain":0.0,"event_name":"Shining Light","player_choice":"Entered Light","floor":14.0,"gold_loss":0.0,"damage_taken":16.0,"cards_upgraded":["Strike_R","Battle Trance"]},{"damage_healed":0.0,"max_hp_gain":0.0,"max_hp_loss":0.0,"gold_gain":0.0,"event_name":"Masked Bandits","player_choice":"Fought Bandits","floor":30.0,"gold_loss":0.0,"damage_taken":0.0},{"damage_healed":0.0,"max_hp_gain":0.0,"max_hp_loss":0.0,"gold_gain":0.0,"event_name":"Duplicator","player_choice":"Copied","floor":31.0,"gold_loss":0.0,"damage_taken":0.0,"cards_obtained":["Spot Weakness"]},{"damage_healed":0.0,"max_hp_gain":0.0,"max_hp_loss":0.0,"gold_gain":0.0,"event_name":"SensoryStone","player_choice":"Memory 1","floor":39.0,"gold_loss":0.0,"damage_taken":0.0},{"cards_removed":["Defend_R"],"damage_healed":0.0,"max_hp_gain":0.0,"max_hp_loss":0.0,"gold_gain":0.0,"event_name":"Falling","player_choice":"Removed Skill","floor":45.0,"gold_loss":0.0,"damage_taken":0.0}],"is_beta":false,"boss_relics":[{"not_picked":["Coffee Dripper","Astrolabe"],"picked":"Snecko Eye"},{"not_picked":["Orrery","Busted Crown"],"picked":"Sozu"}],"items_purged_floors":[2,29,53],"is_endless":false,"potions_floor_spawned":[5,7,8,16,19,24,33,37,38,46,47],"killed_by":"The Heart","ascension_level":8}