{"gold_per_floor":[117,117,117,136,155,155,155,188,215,240,257,273,273,291,291,362,362,382,382,90,106,106,136,136,146,169,196,214,214,229,244,244,323,373,390,490,57,57,68,68,99,99,99,116,76,96,106,138,138,138],"floor_reached":50,"playtime":2625,"items_purged":["Strike_G","Strike_G"],"score":1082,"play_id":"c6c0b87c-e750-4ee8-8abf-019e2d68a8a4","local_time":"20181130012528","is_ascension_mode":true,"campfire_choices":[{"data":"Crippling Poison","floor":6,"key":"SMITH"},{"data":"Crippling Poison","floor":13,"key":"SMITH"},{"data":"Neutralize","floor":15,"key":"SMITH"},{"floor":29,"key":"REST"},{"data":"Well Laid Plans","floor":32,"key":"SMITH"},{"data":"Night Terror","floor":40,"key":"SMITH"},{"data":"Catalyst","floor":42,"key":"SMITH"},{"floor":49,"key":"REST"}],"neow_cost":"NONE","seed_source_timestamp":59160704239108,"circlet_count":0,"master_deck":["AscendersBane","Defend_G","Defend_G","Defend_G","Defend_G","Defend_G+1","Strike_G","Strike_G","Strike_G","Survivor+1","Neutralize+1","Crippling Poison+1","PiercingWail","Flying Knee","Dagger Spray","Heel Hook","Crippling Poison+1","Well Laid Plans+1","Dodge and Roll+1","Night Terror+1","Blur+1","Catalyst+1","Deadly Poison","Blur","Catalyst+1","Footwork+1","Cloak And Dagger","Doppelganger","Prepared+1","Well Laid Plans","Writhe","Deflect+1","Infinite Blades+1","Heel Hook","Blur"],"relics":["Ring of the Snake","NeowsBlessing","Oddly Smooth Stone","Bronze Scales","Du-Vu Doll","Philosopher\u0027s Stone","War Paint","Darkstone Periapt","Snake Skull","Happy Flower","Tiny House","Nunchaku","Mummified Hand","Vajra","Torii","Blue Candle"],"potions_floor_usage":[8,10,12,12,39,50],"damage_taken":[{"damage":0,"enemies":"Small Slimes","floor":1,"turns":1},{"damage":0,"enemies":"Jaw Worm","floor":4,"turns":1},{"damage":0,"enemies":"2 Louse","floor":5,"turns":1},{"damage":12,"enemies":"Lagavulin","floor":8,"turns":8},{"damage":29,"enemies":"Gremlin Nob","floor":10,"turns":5},{"damage":0,"enemies":"2 Fungi Beasts","floor":11,"turns":3},{"damage":0,"enemies":"Exordium Wildlife","floor":12,"turns":4},{"damage":5,"enemies":"3 Louse","floor":14,"turns":3},{"damage":5,"enemies":"Hexaghost","floor":16,"turns":10},{"damage":0,"enemies":"2 Thieves","floor":18,"turns":4},{"damage":16,"enemies":"Colosseum Slavers","floor":19,"turns":5},{"damage":8,"enemies":"Spheric Guardian","floor":21,"turns":4},{"damage":19,"enemies":"Slavers","floor":23,"turns":5},{"damage":7,"enemies":"Snake Plant","floor":25,"turns":4},{"damage":0,"enemies":"Gremlin Leader","floor":27,"turns":7},{"damage":0,"enemies":"3 Cultists","floor":28,"turns":4},{"damage":0,"enemies":"Centurion and Healer","floor":30,"turns":5},{"damage":12,"enemies":"Snake Plant","floor":31,"turns":4},{"damage":1,"enemies":"Collector","floor":33,"turns":8},{"damage":16,"enemies":"Orb Walker","floor":35,"turns":5},{"damage":0,"enemies":"Mind Bloom Boss Battle","floor":36,"turns":4},{"damage":18,"enemies":"3 Darklings","floor":39,"turns":8},{"damage":28,"enemies":"Reptomancer","floor":41,"turns":4},{"damage":1,"enemies":"Jaw Worm Horde","floor":44,"turns":4},{"damage":0,"enemies":"Maw","floor":46,"turns":5},{"damage":13,"enemies":"Sphere and 2 Shapes","floor":47,"turns":6},{"damage":10,"enemies":"Giant Head","floor":48,"turns":6},{"damage":67,"enemies":"Awakened One","floor":50,"turns":4}],"seed_played":"-5561440363693168551","potions_obtained":[{"floor":5,"key":"Fire Potion"},{"floor":8,"key":"LiquidBronze"},{"floor":10,"key":"Fire Potion"},{"floor":11,"key":"Regen Potion"},{"floor":21,"key":"Fire Potion"},{"floor":23,"key":"FairyPotion"},{"floor":27,"key":"Regen Potion"},{"floor":39,"key":"Ancient Potion"},{"floor":45,"key":"EntropicBrew"}],"is_trial":false,"path_per_floor":["M","?","?","M","M","R","?","E","T","E","M","M","R","M","R","B",null,"M","?","$","M","$","E","?","M","T","E","M","R","M","M","R","B",null,"M","?","$","?","M","R","E","R","T","M","?","M","M","E","R","B"],"character_chosen":"THE_SILENT","items_purchased":["Catalyst","War Paint","Mummified Hand","Well Laid Plans"],"campfire_rested":2,"item_purchase_floors":[20,20,37,37],"current_hp_per_floor":[59,39,44,44,44,44,44,32,32,3,3,17,17,12,12,7,55,55,39,39,31,31,12,12,5,5,5,5,26,26,14,14,13,62,46,46,46,67,63,63,35,35,35,34,34,34,21,11,35,0],"gold":138,"neow_bonus":"THREE_ENEMY_KILL","is_prod":false,"is_daily":false,"chose_seed":false,"campfire_upgraded":6,"win_rate":0,"timestamp":1543537528,"path_taken":["M","?","?","?","M","R","?","E","T","E","M","M","R","M","R","BOSS","M","?","$","M","$","E","?","M","T","E","M","R","M","M","R","BOSS","M","?","$","?","M","R","E","R","T","M","?","M","?","E","R","BOSS"],"build_version":"2018-11-15","purchased_purges":2,"victory":false,"max_hp_per_floor":[66,66,71,71,71,71,71,71,71,71,71,71,71,71,71,71,71,71,71,71,71,71,71,71,71,71,71,71,71,71,71,71,71,76,76,76,76,82,82,82,82,82,82,82,82,82,82,82,82,82],"card_choices":[{"not_picked":["Sucker Punch","Setup"],"picked":"Crippling Poison","floor":1},{"not_picked":["Distraction","Caltrops"],"picked":"PiercingWail","floor":4},{"not_picked":["Infinite Blades","Prepared"],"picked":"Flying Knee","floor":5},{"not_picked":["Underhanded Strike","Envenom"],"picked":"Dagger Spray","floor":8},{"not_picked":["Expertise","Prepared"],"picked":"Heel Hook","floor":10},{"not_picked":["Cloak And Dagger","Outmaneuver"],"picked":"Crippling Poison","floor":11},{"not_picked":["Slice","Night Terror"],"picked":"Well Laid Plans","floor":12},{"not_picked":["Dagger Throw","Acrobatics"],"picked":"Dodge and Roll","floor":14},{"not_picked":["Die Die Die","Venomology"],"picked":"Night Terror","floor":16},{"not_picked":["Outmaneuver","Prepared"],"picked":"Blur","floor":18},{"not_picked":["Prepared","Acrobatics"],"picked":"Deadly Poison","floor":21},{"not_picked":["Prepared","Night Terror"],"picked":"Blur","floor":23},{"not_picked":["Endless Agony","Dodge and Roll"],"picked":"Catalyst","floor":25},{"not_picked":["Skewer","Quick Slash","Masterful Stab"],"picked":"SKIP","floor":27},{"not_picked":["Dagger Spray","Backstab"],"picked":"Footwork+1","floor":28},{"not_picked":["Distraction","Quick Slash","Well Laid Plans"],"picked":"SKIP","floor":30},{"not_picked":["Flying Knee","Deflect+1"],"picked":"Cloak And Dagger","floor":31},{"not_picked":["Wraith Form v2","Night Terror"],"picked":"Doppelganger","floor":33},{"not_picked":["Heel Hook","Bane"],"picked":"Prepared+1","floor":34},{"not_picked":["Calculated Gamble","Dagger Spray","All Out Attack"],"picked":"SKIP","floor":35},{"not_picked":["Prepared","Acrobatics","Endless Agony"],"picked":"SKIP","floor":39},{"not_picked":["Blade Dance+1","Unload"],"picked":"Deflect+1","floor":41},{"not_picked":["Endless Agony","Underhanded Strike"],"picked":"Infinite Blades+1","floor":44},{"not_picked":["Distraction","Quick Slash","Accuracy"],"picked":"SKIP","floor":46},{"not_picked":["Deadly Poison","Dagger Throw"],"picked":"Heel Hook","floor":47},{"not_picked":["Dagger Throw","Sucker Punch+1"],"picked":"Blur","floor":48}],"player_experience":924650,"relics_obtained":[{"floor":8,"key":"Oddly Smooth Stone"},{"floor":9,"key":"Bronze Scales"},{"floor":10,"key":"Du-Vu Doll"},{"floor":23,"key":"Darkstone Periapt"},{"floor":26,"key":"Snake Skull"},{"floor":27,"key":"Happy Flower"},{"floor":36,"key":"Nunchaku"},{"floor":41,"key":"Vajra"},{"floor":43,"key":"Torii"},{"floor":48,"key":"Blue Candle"}],"event_choices":[{"damage_healed":0,"gold_gain":0,"player_choice":"Entered Light","damage_taken":20,"max_hp_gain":0,"max_hp_loss":0,"event_name":"Shining Light","floor":2,"gold_loss":0,"cards_upgraded":["Survivor","Defend_G"]},{"damage_healed":0,"gold_gain":0,"player_choice":"Donut","damage_taken":0,"max_hp_gain":5,"max_hp_loss":0,"event_name":"Big Fish","floor":3,"gold_loss":0},{"damage_healed":0,"gold_gain":0,"player_choice":"Ignored","damage_taken":0,"max_hp_gain":0,"max_hp_loss":0,"event_name":"Golden Wing","floor":7,"gold_loss":0},{"damage_healed":0,"gold_gain":0,"player_choice":"Fight","damage_taken":0,"max_hp_gain":0,"max_hp_loss":0,"event_name":"Colosseum","floor":19,"gold_loss":0},{"damage_healed":0,"gold_gain":0,"player_choice":"Fled From Nobs","damage_taken":0,"max_hp_gain":0,"max_hp_loss":0,"event_name":"Colosseum","floor":19,"gold_loss":0},{"damage_healed":0,"gold_gain":0,"player_choice":"Ignored","damage_taken":0,"max_hp_gain":0,"max_hp_loss":0,"event_name":"Ghosts","floor":24,"gold_loss":0},{"damage_healed":0,"gold_gain":0,"player_choice":"Fight","damage_taken":0,"max_hp_gain":0,"max_hp_loss":0,"event_name":"MindBloom","floor":36,"gold_loss":0},{"damage_healed":15,"gold_gain":0,"player_choice":"Writhe","damage_taken":0,"max_hp_gain":0,"max_hp_loss":0,"event_name":"Winding Halls","floor":38,"gold_loss":0,"cards_obtained":["Writhe"]},{"damage_healed":0,"gold_gain":0,"player_choice":"Bought 3 Potions","damage_taken":0,"max_hp_gain":0,"max_hp_loss":0,"event_name":"The Woman in Blue","floor":45,"gold_loss":0}],"is_beta":true,"boss_relics":[{"not_picked":["Runic Pyramid","Busted Crown"],"picked":"Philosopher\u0027s Stone"},{"not_picked":["White Beast Statue","Pandora\u0027s Box"],"picked":"Tiny House"}],"items_purged_floors":[20,37],"is_endless":false,"potions_floor_spawned":[5,8,10,11,19,21,23,27,33,35,36,39,46],"killed_by":"Awakened One","ascension_level":15}