{"gold_per_floor":[117,192,192,307,325,325,356,356,432,432,460,460,499,523,523,523],"floor_reached":16,"playtime":660,"items_purged":[],"score":266,"play_id":"d1c7f538-84d9-4d07-abc6-331f52d5f57a","local_time":"20190131022710","is_ascension_mode":true,"campfire_choices":[{"data":"Deadly Poison","floor":6,"key":"SMITH"},{"data":"After Image","floor":8,"key":"SMITH"},{"floor":12,"key":"REST"},{"data":"Deadly Poison","floor":15,"key":"SMITH"}],"neow_cost":"NONE","seed_source_timestamp":58520283782025,"circlet_count":0,"master_deck":["AscendersBane","Defend_G","Defend_G","Defend_G","Defend_G","Defend_G","Strike_G","Strike_G","Strike_G","Strike_G","Strike_G","Survivor","Neutralize","After Image+1","Escape Plan","Acrobatics","Deadly Poison+1","Crippling Poison","Deadly Poison+1","Flying Knee","Bane"],"relics":["Ring of the Snake","Golden Idol","Juzu Bracelet","hubris:BottledRain","Odd Mushroom","infinitespire:Lucky Rock"],"potions_floor_usage":[13,16],"damage_taken":[{"damage":1,"enemies":"2 Louse","floor":1,"turns":6},{"damage":1,"enemies":"Jaw Worm","floor":4,"turns":7},{"damage":1,"enemies":"Small Slimes","floor":5,"turns":5},{"damage":34,"enemies":"3 Sentries","floor":7,"turns":11},{"damage":20,"enemies":"The Mushroom Lair","floor":11,"turns":5},{"damage":0,"enemies":"Lagavulin","floor":13,"turns":8},{"damage":6,"enemies":"Exordium Wildlife","floor":14,"turns":6},{"damage":30,"enemies":"Hexaghost","floor":16,"turns":10}],"seed_played":"-2448747453993455765","potions_obtained":[{"floor":1,"key":"FearPotion"},{"floor":5,"key":"Dexterity Potion"},{"floor":11,"key":"Fruit Juice"}],"is_trial":false,"path_per_floor":["M","?","?","M","M","R","E","R","T","?","?","R","E","M","R","B"],"character_chosen":"THE_SILENT","items_purchased":[],"campfire_rested":1,"item_purchase_floors":[],"current_hp_per_floor":[58,47,47,46,45,45,11,11,11,31,11,29,29,23,23,0],"gold":523,"neow_bonus":"ONE_RANDOM_RARE_CARD","is_prod":false,"is_daily":false,"chose_seed":false,"campfire_upgraded":3,"win_rate":0,"timestamp":1548898030,"path_taken":["M","?","?","M","M","R","E","R","T","?","?","R","E","M","R","BOSS"],"build_version":"2019-01-23","purchased_purges":0,"victory":false,"max_hp_per_floor":[66,66,60,60,60,60,60,60,60,60,60,60,60,60,60,65],"card_choices":[{"not_picked":["Prepared","hubris:Sniper"],"picked":"Escape Plan","floor":1},{"not_picked":["Acrobatics","Underhanded Strike","Flying Knee"],"picked":"SKIP","floor":4},{"not_picked":["Underhanded Strike","Flying Knee"],"picked":"Acrobatics","floor":4},{"not_picked":["Outmaneuver","Flying Knee"],"picked":"Deadly Poison","floor":5},{"not_picked":["Dodge and Roll","Accuracy"],"picked":"Crippling Poison","floor":7},{"not_picked":["Deflect","Leg Sweep"],"picked":"Deadly Poison","floor":11},{"not_picked":["Underhanded Strike","Glass Knife"],"picked":"Flying Knee","floor":13},{"not_picked":["Dagger Throw","Distraction"],"picked":"Bane","floor":14}],"player_experience":1197946,"relics_obtained":[{"floor":7,"key":"Juzu Bracelet"},{"floor":9,"key":"hubris:BottledRain"},{"floor":11,"key":"Odd Mushroom"},{"floor":13,"key":"infinitespire:Lucky Rock"}],"event_choices":[{"damage_healed":0,"gold_gain":75,"player_choice":"Gather Gold","damage_taken":11,"max_hp_gain":0,"max_hp_loss":0,"event_name":"World of Goop","floor":2,"gold_loss":0},{"damage_healed":0,"gold_gain":0,"player_choice":"Lose Max HP","damage_taken":0,"relics_obtained":["Golden Idol"],"max_hp_gain":0,"max_hp_loss":6,"event_name":"Golden Idol","floor":3,"gold_loss":0},{"damage_healed":20,"gold_gain":0,"player_choice":"Banana","damage_taken":0,"max_hp_gain":0,"max_hp_loss":0,"event_name":"Big Fish","floor":10,"gold_loss":0},{"damage_healed":0,"gold_gain":0,"player_choice":"Fought Mushrooms","damage_taken":0,"max_hp_gain":0,"max_hp_loss":0,"event_name":"Mushrooms","floor":11,"gold_loss":0}],"is_beta":false,"boss_relics":[],"items_purged_floors":[],"is_endless":false,"potions_floor_spawned":[1,5,11],"killed_by":"Hexaghost","ascension_level":20}