{"gold_per_floor":[119,119,119,89,89,89,118,136,159,268,268,300,310,310,310,384,384,400,400,400,413,338,338,369,369,369,269,269,284,284,304,304,381,381,392,392,392,412,412,412],"floor_reached":40,"playtime":3625,"items_purged":["Strike_G"],"score":820,"play_id":"e6ade9e8-ef3f-42ad-81f2-cbdc00a5767e","local_time":"20190131103952","is_ascension_mode":true,"campfire_choices":[{"floor":6,"key":"REST"},{"floor":11,"key":"REST"},{"data":"Footwork","floor":15,"key":"SMITH"},{"data":"Noxious Fumes","floor":23,"key":"SMITH"},{"floor":30,"key":"REST"},{"data":"Glass Knife","floor":32,"key":"SMITH"}],"neow_cost":"PERCENT_DAMAGE","seed_source_timestamp":1130757101683,"circlet_count":0,"master_deck":["AscendersBane","Defend_G","Defend_G+1","Defend_G+1","Defend_G","Strike_G","Strike_G","Survivor","Neutralize+1","Predator+1","Backflip","Footwork+1","Poisoned Stab","Sucker Punch","Bullet Time","PiercingWail","Glass Knife+1","Noxious Fumes+1","Backflip","Blur","Dodge and Roll","Dash","A Thousand Cuts"],"relics":["Ring of the Snake","Mercury Hourglass","Regal Pillow","Bronze Scales","Black Star","Bottled Flame","hubris:AncientText","Thread and Needle","Ninja Scroll","Enchiridion","infinitespire:ShieldingShard","hubris:Backtick","Snake Skull","hubris:Towel","FaceOfCleric"],"potions_floor_usage":[33,40],"damage_taken":[{"damage":4,"enemies":"Cultist","floor":1,"turns":5},{"damage":21,"enemies":"Gremlin Nob","floor":7,"turns":4},{"damage":0,"enemies":"Small Slimes","floor":8,"turns":3},{"damage":0,"enemies":"Jaw Worm","floor":10,"turns":4},{"damage":3,"enemies":"3 Sentries","floor":12,"turns":8},{"damage":0,"enemies":"Lots of Slimes","floor":13,"turns":3},{"damage":27,"enemies":"The Guardian","floor":16,"turns":13},{"damage":0,"enemies":"3 Byrds","floor":18,"turns":3},{"damage":12,"enemies":"Spheric Guardian","floor":21,"turns":4},{"damage":14,"enemies":"Book of Stabbing","floor":24,"turns":6},{"damage":0,"enemies":"Snake Plant","floor":29,"turns":3},{"damage":0,"enemies":"3 Cultists","floor":31,"turns":4},{"damage":22,"enemies":"Champ","floor":33,"turns":20},{"damage":0,"enemies":"3 Darklings","floor":35,"turns":8},{"damage":0,"enemies":"3 Shapes","floor":38,"turns":7},{"damage":62,"enemies":"Giant Head","floor":40,"turns":8}],"seed_played":"6272458547925588451","potions_obtained":[{"floor":8,"key":"GamblersBrew"},{"floor":12,"key":"Block Potion"},{"floor":14,"key":"GhostInAJar"}],"is_trial":false,"path_per_floor":["M","?","?","$","?","R","E","M","T","M","R","E","M","?","R","B",null,"M","T","?","M","?","R","E","?","T","$","?","M","R","M","R","B",null,"M","?","?","M","?","E"],"character_chosen":"THE_SILENT","items_purchased":["Backflip","Dodge and Roll"],"campfire_rested":3,"item_purchase_floors":[4,27],"current_hp_per_floor":[40,20,20,20,20,39,18,18,18,18,52,49,49,49,49,22,55,55,55,55,43,43,43,29,29,29,29,8,8,42,42,42,20,55,55,55,55,55,55,0],"gold":412,"neow_bonus":"REMOVE_TWO","is_prod":false,"is_daily":false,"chose_seed":false,"campfire_upgraded":3,"win_rate":0,"timestamp":1548927592,"path_taken":["M","?","?","$","?","R","E","?","T","M","R","E","M","?","R","BOSS","M","?","?","M","?","R","E","?","T","$","?","M","R","M","R","BOSS","M","?","?","?","?","E"],"build_version":"2019-01-23","purchased_purges":1,"victory":false,"max_hp_per_floor":[66,66,66,66,66,66,66,66,66,66,66,66,66,66,66,66,66,66,66,66,66,66,66,66,66,66,66,66,66,66,66,66,66,66,66,63,63,63,63,63],"card_choices":[{"not_picked":["Caltrops","hubris:Sniper"],"picked":"Predator","floor":1},{"not_picked":["Skewer","Terror"],"picked":"Footwork","floor":7},{"not_picked":["Quick Slash","Blade Dance"],"picked":"Poisoned Stab","floor":8},{"not_picked":["hubris:Counter","Slice"],"picked":"Sucker Punch","floor":10},{"not_picked":["Reflex","Dagger Spray"],"picked":"Bullet Time","floor":12},{"not_picked":["Slice","Heel Hook"],"picked":"PiercingWail","floor":13},{"not_picked":["Tools of the Trade","Doppelganger"],"picked":"Glass Knife","floor":16},{"not_picked":["hubris:SlightOfHand","Outmaneuver","Endless Agony"],"picked":"SKIP","floor":18},{"not_picked":["Endless Agony","Acrobatics"],"picked":"Backflip","floor":21},{"not_picked":["Deflect","Backflip+1"],"picked":"Blur","floor":24},{"not_picked":["Accuracy","Bane"],"picked":"Dash","floor":29},{"not_picked":["Dodge and Roll","Accuracy","Flying Knee"],"picked":"SKIP","floor":31},{"not_picked":["Venomology","Bullet Time"],"picked":"A Thousand Cuts","floor":33},{"not_picked":["Dagger Throw","Terror","Sucker Punch"],"picked":"SKIP","floor":35},{"not_picked":["Riddle With Holes","Blade Dance","Bane"],"picked":"SKIP","floor":38}],"player_experience":1199331,"relics_obtained":[{"floor":7,"key":"Mercury Hourglass"},{"floor":9,"key":"Regal Pillow"},{"floor":12,"key":"Bronze Scales"},{"floor":19,"key":"Bottled Flame"},{"floor":24,"key":"hubris:AncientText"},{"floor":24,"key":"Thread and Needle"},{"floor":26,"key":"Ninja Scroll"},{"floor":28,"key":"Enchiridion"}],"event_choices":[{"damage_healed":0,"gold_gain":0,"player_choice":"Entered Light","damage_taken":20,"max_hp_gain":0,"max_hp_loss":0,"event_name":"Shining Light","floor":2,"gold_loss":0,"cards_upgraded":["Defend_G","Defend_G"]},{"damage_healed":0,"gold_gain":0,"player_choice":"Grow","damage_taken":0,"max_hp_gain":0,"max_hp_loss":0,"event_name":"Living Wall","floor":3,"gold_loss":0,"cards_upgraded":["Neutralize"]},{"damage_healed":0,"gold_gain":0,"player_choice":"Forge","damage_taken":0,"max_hp_gain":0,"max_hp_loss":0,"event_name":"Accursed Blacksmith","floor":5,"gold_loss":0,"cards_upgraded":["Predator"]},{"damage_healed":0,"gold_gain":0,"player_choice":"Got Potions","damage_taken":0,"max_hp_gain":0,"max_hp_loss":0,"event_name":"Lab","floor":14,"gold_loss":0},{"damage_healed":0,"gold_gain":0,"player_choice":"Read","damage_taken":0,"max_hp_gain":0,"max_hp_loss":0,"event_name":"The Library","floor":20,"gold_loss":0,"cards_obtained":["Noxious Fumes"]},{"cards_removed":["Strike_G"],"damage_healed":0,"gold_gain":0,"player_choice":"Gave Gold","damage_taken":0,"max_hp_gain":0,"max_hp_loss":0,"event_name":"Beggar","floor":22,"gold_loss":75},{"damage_healed":0,"gold_gain":0,"player_choice":"Ignored","damage_taken":0,"max_hp_gain":0,"max_hp_loss":0,"event_name":"Vampires","floor":25,"gold_loss":0},{"damage_healed":0,"gold_gain":0,"player_choice":"Obtained Book","damage_taken":21,"max_hp_gain":0,"max_hp_loss":0,"event_name":"Cursed Tome","floor":28,"gold_loss":0},{"damage_healed":0,"gold_gain":0,"player_choice":"Max HP","damage_taken":0,"max_hp_gain":0,"max_hp_loss":3,"event_name":"Winding Halls","floor":36,"gold_loss":0},{"damage_healed":0,"gold_gain":0,"player_choice":"Trade","damage_taken":0,"relics_obtained":["FaceOfCleric"],"max_hp_gain":0,"max_hp_loss":0,"event_name":"FaceTrader","floor":39,"gold_loss":0}],"is_beta":false,"boss_relics":[{"not_picked":["Eternal Feather","hubris:BlackHole"],"picked":"Black Star"},{"not_picked":["Lizard Tail","Fusion Hammer"],"picked":"hubris:Backtick"}],"items_purged_floors":[27],"is_endless":false,"potions_floor_spawned":[8,12,18,31],"killed_by":"Giant Head","ascension_level":20}