{"gold_per_floor":[112,112,112,37,55,55,84,101,151,226,242,267,281,308,308,384,384,403,453,466,37,52,87,87,103,103,103,137,137,137,62,62,62],"floor_reached":33,"playtime":1079,"items_purged":["Strike_R"],"score":631,"play_id":"f7f9f223-235c-43d0-b2f4-f570fd950633","local_time":"20190516125352","is_ascension_mode":true,"campfire_choices":[{"data":"Carnage","floor":6,"key":"SMITH"},{"data":"Armaments","floor":15,"key":"SMITH"},{"floor":24,"key":"REST"},{"floor":27,"key":"REST"},{"floor":32,"key":"REST"}],"neow_cost":"NONE","seed_source_timestamp":17830177059952,"circlet_count":0,"master_deck":["AscendersBane","Strike_R+1","Strike_R+1","Defend_R","Defend_R","Defend_R","Defend_R","Bash+1","Carnage+1","Twin Strike","Iron Wave","Armaments+1","Uppercut","Disarm","Feed","Anger","Metallicize","Immolate"],"relics":["Burning Blood","Centennial Puzzle","Strawberry","Ornamental Fan","Anchor","Philosopher\u0027s Stone","Membership Card","FossilizedHelix","Dream Catcher","Mummified Hand","Bottled Tornado"],"potions_floor_usage":[12,16,33,33],"damage_taken":[{"damage":3,"enemies":"2 Louse","floor":1,"turns":3},{"damage":10,"enemies":"Small Slimes","floor":5,"turns":4},{"damage":8,"enemies":"Gremlin Nob","floor":7,"turns":3},{"damage":2,"enemies":"Jaw Worm","floor":8,"turns":3},{"damage":1,"enemies":"Looter","floor":11,"turns":3},{"damage":15,"enemies":"3 Sentries","floor":12,"turns":7},{"damage":9,"enemies":"2 Fungi Beasts","floor":13,"turns":2},{"damage":17,"enemies":"Lagavulin","floor":14,"turns":6},{"damage":18,"enemies":"The Guardian","floor":16,"turns":15},{"damage":17,"enemies":"Spheric Guardian","floor":18,"turns":4},{"damage":5,"enemies":"2 Thieves","floor":20,"turns":3},{"damage":20,"enemies":"Shelled Parasite and Fungi","floor":22,"turns":4},{"damage":49,"enemies":"Gremlin Leader","floor":23,"turns":6},{"damage":21,"enemies":"Snecko","floor":25,"turns":5},{"damage":35,"enemies":"Book of Stabbing","floor":28,"turns":5},{"damage":72,"enemies":"Collector","floor":33,"turns":8}],"seed_played":"8977867375891740782","potions_obtained":[{"floor":1,"key":"Fire Potion"},{"floor":8,"key":"Dexterity Potion"},{"floor":14,"key":"Poison Potion"},{"floor":18,"key":"Regen Potion"},{"floor":23,"key":"Block Potion"},{"floor":28,"key":"Strength Potion"}],"is_trial":false,"path_per_floor":["M","?","?","?","M","R","E","M","T","?","M","E","M","E","R","B",null,"M","?","M","$","M","E","R","M","T","R","E","?","T","?","R","B"],"character_chosen":"IRONCLAD","items_purchased":["Membership Card","FossilizedHelix"],"campfire_rested":3,"item_purchase_floors":[21,21],"current_hp_per_floor":[78,53,53,53,49,49,47,51,58,47,52,43,40,29,29,17,71,64,64,68,68,57,14,43,28,28,57,28,28,28,28,57,0],"gold":62,"neow_bonus":"TEN_PERCENT_HP_BONUS","is_prod":false,"is_daily":false,"chose_seed":false,"campfire_upgraded":2,"win_rate":0,"timestamp":1558004032,"path_taken":["M","?","?","?","?","R","E","M","T","?","M","E","M","E","R","BOSS","M","?","M","$","M","E","R","M","T","R","E","?","?","?","R","BOSS"],"build_version":"2019-01-23","purchased_purges":1,"victory":false,"max_hp_per_floor":[82,82,82,82,82,82,82,82,89,89,89,89,89,89,89,89,89,93,93,96,96,99,99,99,99,99,99,99,99,99,99,99,99],"card_choices":[{"not_picked":["True Grit","Wild Strike"],"picked":"Carnage","floor":1},{"not_picked":["True Grit","Corruption"],"picked":"Twin Strike","floor":5},{"not_picked":["Rupture","Dual Wield"],"picked":"Iron Wave","floor":7},{"not_picked":["Body Slam","Whirlwind"],"picked":"Armaments","floor":8},{"not_picked":["Perfected Strike","Headbutt","Hemokinesis"],"picked":"SKIP","floor":11},{"not_picked":["Warcry","Entrench","Wild Strike"],"picked":"SKIP","floor":12},{"not_picked":["Sword Boomerang","Flex"],"picked":"Uppercut","floor":13},{"not_picked":["Cleave","Perfected Strike"],"picked":"Disarm","floor":14},{"not_picked":["Double Tap","Juggernaut"],"picked":"Feed","floor":16},{"not_picked":["Corruption","Body Slam"],"picked":"Anger","floor":18},{"not_picked":["Sever Soul","Thunderclap+1","Wild Strike"],"picked":"SKIP","floor":20},{"not_picked":["Heavy Blade+1","Entrench","Reckless Charge"],"picked":"SKIP","floor":22},{"not_picked":["Reckless Charge","Pommel Strike","Armaments"],"picked":"SKIP","floor":23},{"not_picked":["Cleave","Bloodletting"],"picked":"Metallicize","floor":25},{"not_picked":["True Grit","Fire Breathing","Heavy Blade"],"picked":"SKIP","floor":28},{"not_picked":["Headbutt","Flex"],"picked":"Immolate","floor":32}],"player_experience":1693756,"relics_obtained":[{"floor":7,"key":"Centennial Puzzle"},{"floor":9,"key":"Strawberry"},{"floor":12,"key":"Ornamental Fan"},{"floor":14,"key":"Anchor"},{"floor":23,"key":"Dream Catcher"},{"floor":28,"key":"Mummified Hand"},{"floor":30,"key":"Bottled Tornado"}],"event_choices":[{"damage_healed":0,"gold_gain":0,"player_choice":"Entered Light","damage_taken":25,"max_hp_gain":0,"max_hp_loss":0,"event_name":"Shining Light","floor":2,"gold_loss":0,"cards_upgraded":["Strike_R","Strike_R"]},{"damage_healed":0,"gold_gain":0,"player_choice":"Grow","damage_taken":0,"max_hp_gain":0,"max_hp_loss":0,"event_name":"Living Wall","floor":3,"gold_loss":0,"cards_upgraded":["Bash"]},{"cards_removed":["Strike_R"],"damage_healed":0,"gold_gain":0,"player_choice":"Card Removal","damage_taken":0,"max_hp_gain":0,"max_hp_loss":0,"event_name":"The Cleric","floor":4,"gold_loss":75},{"damage_healed":0,"gold_gain":75,"player_choice":"Gather Gold","damage_taken":11,"max_hp_gain":0,"max_hp_loss":0,"event_name":"World of Goop","floor":10,"gold_loss":0},{"damage_healed":0,"gold_gain":50,"player_choice":"Stole From Cult","damage_taken":0,"max_hp_gain":0,"max_hp_loss":0,"event_name":"Nest","floor":19,"gold_loss":0},{"damage_healed":0,"gold_gain":0,"player_choice":"Ignored","damage_taken":0,"max_hp_gain":0,"max_hp_loss":0,"event_name":"Vampires","floor":29,"gold_loss":0},{"cards_removed":["Strike_R"],"damage_healed":0,"gold_gain":0,"player_choice":"Gave Gold","damage_taken":0,"max_hp_gain":0,"max_hp_loss":0,"event_name":"Beggar","floor":31,"gold_loss":75}],"is_beta":false,"boss_relics":[{"not_picked":["Ectoplasm","Astrolabe"],"picked":"Philosopher\u0027s Stone"}],"items_purged_floors":[21],"is_endless":false,"potions_floor_spawned":[1,8,14,18,22,23,28],"killed_by":"Collector","ascension_level":20}