{"gold_per_floor":[119,119,119,84,28,28,54,74,97,97,117,117,151,165,165,239,239,255,271,28,38,52,52],"floor_reached":23,"playtime":843,"items_purged":["Strike_G"],"score":452,"play_id":"9d57323e-1957-4fa8-90c6-a258e4c4430a","local_time":"20190529095230","is_ascension_mode":true,"campfire_choices":[{"data":"Neutralize","floor":6.0,"key":"SMITH"},{"data":"Noxious Fumes","floor":12.0,"key":"SMITH"},{"data":"Blade Dance","floor":15.0,"key":"SMITH"}],"neow_cost":"NONE","seed_source_timestamp":0,"circlet_count":0,"master_deck":["AscendersBane","Defend_G","Defend_G","Defend_G","Defend_G","Defend_G+1","Strike_G","Strike_G+1","Strike_G","Strike_G","Survivor","Neutralize+1","Blade Dance+1","Backflip","Adrenaline","Noxious Fumes+1","Finisher","Leg Sweep","After Image","Dodge and Roll","Backflip","Deadly Poison"],"special_seed":0,"relics":["Ring of the Snake","NeowsBlessing","Dream Catcher","Juzu Bracelet","Ornamental Fan","Tingsha","Runic Dome","Anchor"],"potions_floor_usage":[19],"damage_taken":[{"damage":0.0,"enemies":"2 Louse","floor":1.0,"turns":1.0},{"damage":0.0,"enemies":"Lagavulin","floor":7.0,"turns":1.0},{"damage":0.0,"enemies":"Small Slimes","floor":8.0,"turns":1.0},{"damage":0.0,"enemies":"Cultist","floor":11.0,"turns":3.0},{"damage":28.0,"enemies":"Gremlin Nob","floor":13.0,"turns":4.0},{"damage":5.0,"enemies":"Lots of Slimes","floor":14.0,"turns":4.0},{"damage":12.0,"enemies":"The Guardian","floor":16.0,"turns":12.0},{"damage":3.0,"enemies":"Spheric Guardian","floor":18.0,"turns":5.0},{"damage":1,"enemies":"3 Byrds","floor":19,"turns":4},{"damage":6,"enemies":"Snake Plant","floor":21,"turns":8},{"damage":12,"enemies":"Shelled Parasite and Fungi","floor":22,"turns":8},{"damage":39,"enemies":"Slavers","floor":23,"turns":4}],"seed_played":"-2583557423982230274","potions_obtained":[{"floor":13.0,"key":"SpeedPotion"},{"floor":16.0,"key":"LiquidBronze"},{"floor":19,"key":"GamblersBrew"}],"is_trial":false,"path_per_floor":["M","?","?","?","$","R","E","M","T","T","M","R","E","M","R","B",null,"M","M","$","M","M","E"],"character_chosen":"THE_SILENT","items_purchased":["Backflip","Anchor"],"campfire_rested":0,"item_purchase_floors":[5,20],"current_hp_per_floor":[59,39,44,61,61,61,61,61,61,61,61,61,33,28,28,16,57,54,53,53,47,35,0],"gold":52,"neow_bonus":"THREE_ENEMY_KILL","is_prod":false,"is_daily":false,"chose_seed":false,"campfire_upgraded":3,"win_rate":0,"timestamp":1559116350,"path_taken":["M","?","?","?","$","R","E","M","T","?","M","R","E","M","R","BOSS","M","M","$","M","M","E"],"build_version":"2019-01-23","purchased_purges":1,"victory":false,"max_hp_per_floor":[66,66,71,71,71,71,71,71,71,71,71,71,71,71,71,71,71,71,71,71,71,71,71],"card_choices":[{"not_picked":["Outmaneuver","Accuracy"],"picked":"Blade Dance","floor":1.0},{"not_picked":["Predator","Flechettes"],"picked":"Adrenaline","floor":7.0},{"not_picked":["Bane","Poisoned Stab"],"picked":"Noxious Fumes","floor":8.0},{"not_picked":["Prepared","Sucker Punch"],"picked":"Finisher","floor":11.0},{"not_picked":["Heel Hook","Bane","Flying Knee"],"picked":"SKIP","floor":13.0},{"not_picked":["Blade Dance","Prepared"],"picked":"Leg Sweep","floor":14.0},{"not_picked":["Storm of Steel","A Thousand Cuts"],"picked":"After Image","floor":16.0},{"not_picked":["Dagger Throw","Quick Slash"],"picked":"Dodge and Roll","floor":18.0},{"not_picked":["Accuracy","Quick Slash+1"],"picked":"Backflip","floor":19},{"not_picked":["Distraction","Blade Dance"],"picked":"Deadly Poison","floor":21},{"not_picked":["Bane","Reflex","Underhanded Strike"],"picked":"SKIP","floor":22}],"player_experience":1710368,"relics_obtained":[{"floor":7.0,"key":"Dream Catcher"},{"floor":9.0,"key":"Juzu Bracelet"},{"floor":10.0,"key":"Ornamental Fan"},{"floor":13.0,"key":"Tingsha"}],"event_choices":[{"damage_healed":0.0,"max_hp_gain":0.0,"max_hp_loss":0.0,"gold_gain":0.0,"event_name":"Shining Light","player_choice":"Entered Light","floor":2.0,"gold_loss":0.0,"damage_taken":20.0,"cards_upgraded":["Strike_G","Defend_G"]},{"damage_healed":0.0,"max_hp_gain":5.0,"max_hp_loss":0.0,"gold_gain":0.0,"event_name":"Big Fish","player_choice":"Donut","floor":3.0,"gold_loss":0.0,"damage_taken":0.0},{"damage_healed":17.0,"max_hp_gain":0.0,"max_hp_loss":0.0,"gold_gain":0.0,"event_name":"The Cleric","player_choice":"Healed","floor":4.0,"gold_loss":35.0,"damage_taken":0.0}],"is_beta":false,"boss_relics":[{"not_picked":["Empty Cage","Ectoplasm"],"picked":"Runic Dome"}],"items_purged_floors":[20],"is_endless":false,"potions_floor_spawned":[13,16,19,21],"killed_by":"Slavers","ascension_level":20}