{"gold_per_floor":[118,118,132,142,152,152,164,199,224,251,283,311,323,370,382,468,480,507,519,548,560,589,626,656,683,721,760,772,809,834,869,881,970,982,1014,1026,1038,1050,910,910,930,930],"floor_reached":42,"playtime":1619,"items_purged":["Normality"],"score":1089,"play_id":"9a66b3e0-0b4d-4d1f-8d3c-756544fd99e7","local_time":"20190615225855","is_ascension_mode":true,"campfire_choices":[{"data":"Uppercut","floor":6.0,"key":"SMITH"},{"data":"Disarm","floor":13.0,"key":"SMITH"},{"data":"Bash","floor":15.0,"key":"SMITH"},{"data":"Limit Break","floor":28.0,"key":"SMITH"},{"floor":32.0,"key":"REST"},{"data":"Demon Form","floor":40.0,"key":"SMITH"}],"neow_cost":"NONE","seed_source_timestamp":18813201466699,"circlet_count":0,"master_deck":["AscendersBane","Strike_R+1","Strike_R+1","Strike_R","Defend_R","Defend_R","Defend_R","Defend_R","Bash+1","Shrug It Off","Shrug It Off","Uppercut+1","Rampage","Dropkick","Immolate","Disarm+1","Thunderclap","Demon Form+1","Sword Boomerang","Flame Barrier","Shrug It Off+1","Bludgeon","Heavy Blade+1","Limit Break+1","Juggernaut","Demon Form","Impervious","Hemokinesis","Corruption","Heavy Blade+1"],"special_seed":0,"relics":["Burning Blood","Centennial Puzzle","Whetstone","MawBank","Bag of Preparation","Snecko Eye","Nloth\u0027s Gift","Juzu Bracelet","Omamori","Potion Belt","Kunai","Calling Bell","Anchor","Sundial","Charon\u0027s Ashes"],"potions_floor_usage":[42],"damage_taken":[{"damage":2.0,"enemies":"2 Louse","floor":1.0,"turns":2.0},{"damage":2.0,"enemies":"Jaw Worm","floor":3.0,"turns":4.0},{"damage":0.0,"enemies":"Cultist","floor":4.0,"turns":3.0},{"damage":6.0,"enemies":"Blue Slaver","floor":5.0,"turns":6.0},{"damage":13.0,"enemies":"Exordium Thugs","floor":7.0,"turns":7.0},{"damage":26.0,"enemies":"3 Sentries","floor":8.0,"turns":10.0},{"damage":14.0,"enemies":"Lagavulin","floor":10.0,"turns":5.0},{"damage":3.0,"enemies":"Looter","floor":11.0,"turns":2.0},{"damage":7.0,"enemies":"Gremlin Gang","floor":12.0,"turns":2.0},{"damage":9.0,"enemies":"3 Sentries","floor":14.0,"turns":5.0},{"damage":7.0,"enemies":"The Guardian","floor":16.0,"turns":11.0},{"damage":21.0,"enemies":"Spheric Guardian","floor":18.0,"turns":5.0},{"damage":11.0,"enemies":"2 Thieves","floor":20.0,"turns":3.0},{"damage":19.0,"enemies":"Snake Plant","floor":22.0,"turns":4.0},{"damage":29.0,"enemies":"Book of Stabbing","floor":23.0,"turns":6.0},{"damage":0.0,"enemies":"Snecko","floor":24.0,"turns":4.0},{"damage":15.0,"enemies":"Shelled Parasite and Fungi","floor":25.0,"turns":2.0},{"damage":0.0,"enemies":"Gremlin Leader","floor":27.0,"turns":3.0},{"damage":16.0,"enemies":"Book of Stabbing","floor":29.0,"turns":4.0},{"damage":6.0,"enemies":"Cultist and Chosen","floor":30.0,"turns":3.0},{"damage":15.0,"enemies":"Snake Plant","floor":31.0,"turns":3.0},{"damage":40.0,"enemies":"Collector","floor":33.0,"turns":7.0},{"damage":15.0,"enemies":"3 Shapes","floor":35.0,"turns":6.0},{"damage":0.0,"enemies":"3 Darklings","floor":41.0,"turns":4.0},{"damage":84,"enemies":"Reptomancer","floor":42,"turns":3}],"seed_played":"-5118773296751143869","potions_obtained":[{"floor":1.0,"key":"GamblersBrew"},{"floor":5.0,"key":"Fire Potion"},{"floor":11.0,"key":"Weak Potion"},{"floor":14.0,"key":"FearPotion"},{"floor":27.0,"key":"PowerPotion"},{"floor":29.0,"key":"BloodPotion"},{"floor":35.0,"key":"SteroidPotion"}],"is_trial":false,"path_per_floor":["M","?","M","M","M","R","M","E","T","E","M","M","R","E","R","B",null,"M","?","M","?","M","E","M","M","T","E","R","E","M","M","R","B",null,"M","?","?","?","$","R","M","E"],"character_chosen":"IRONCLAD","items_purchased":["Corruption"],"campfire_rested":1,"item_purchase_floors":[39],"current_hp_per_floor":[72,65,69,75,75,75,68,48,48,40,43,42,42,39,39,38,66,51,51,46,75,62,39,45,36,36,42,42,32,32,23,45,11,59,50,40,40,75,75,75,75,0],"gold":930,"neow_bonus":"RANDOM_COMMON_RELIC","is_prod":false,"is_daily":false,"chose_seed":false,"campfire_upgraded":5,"win_rate":0,"timestamp":1560632335,"path_taken":["M","?","M","M","M","R","M","E","T","E","M","M","R","E","R","BOSS","M","?","?","?","M","E","M","M","T","E","R","E","M","M","R","BOSS","M","?","?","?","$","R","M","E"],"build_version":"2019-01-23","purchased_purges":1,"victory":false,"max_hp_per_floor":[75,75,75,75,75,75,75,75,75,75,75,75,75,75,75,75,75,75,75,75,75,75,75,75,75,75,75,75,75,75,75,75,75,75,75,75,75,75,75,75,75,75],"card_choices":[{"not_picked":["Ghostly Armor","Sword Boomerang"],"picked":"Shrug It Off","floor":1.0},{"not_picked":["Warcry","Fire Breathing"],"picked":"Shrug It Off","floor":3.0},{"not_picked":["Hemokinesis","Infernal Blade"],"picked":"Uppercut","floor":4.0},{"not_picked":["Shrug It Off","Havoc"],"picked":"Rampage","floor":5.0},{"not_picked":["Clash","Bloodletting"],"picked":"Dropkick","floor":7.0},{"not_picked":["Clothesline","Whirlwind"],"picked":"Immolate","floor":8.0},{"not_picked":["Uppercut","Sever Soul","Entrench"],"picked":"SKIP","floor":10.0},{"not_picked":["Perfected Strike","Armaments"],"picked":"Disarm","floor":11.0},{"not_picked":["Clothesline","Anger"],"picked":"Thunderclap","floor":12.0},{"not_picked":["Twin Strike","Blood for Blood"],"picked":"Dropkick","floor":14.0},{"not_picked":["Exhume","Dark Embrace"],"picked":"Demon Form","floor":16.0},{"not_picked":["Warcry","Rage"],"picked":"Sword Boomerang","floor":18.0},{"not_picked":["Havoc","Feel No Pain"],"picked":"Flame Barrier","floor":20.0},{"not_picked":["Iron Wave","Perfected Strike"],"picked":"Shrug It Off+1","floor":22.0},{"not_picked":["Burning Pact","Sword Boomerang"],"picked":"Bludgeon","floor":23.0},{"not_picked":["Pommel Strike","Dual Wield"],"picked":"Heavy Blade+1","floor":24.0},{"not_picked":["Clothesline","Thunderclap","Cleave"],"picked":"SKIP","floor":25.0},{"not_picked":["Anger","Sever Soul"],"picked":"Limit Break","floor":27.0},{"not_picked":["Clothesline","Berserk"],"picked":"Juggernaut","floor":29.0},{"not_picked":["Wild Strike","Sword Boomerang","Thunderclap"],"picked":"SKIP","floor":30.0},{"not_picked":["Offering","Wild Strike","Pommel Strike"],"picked":"SKIP","floor":31.0},{"not_picked":["Juggernaut","Immolate"],"picked":"Demon Form","floor":33.0},{"not_picked":["Anger","Perfected Strike+1"],"picked":"Impervious","floor":35.0},{"not_picked":["Pommel Strike","Clothesline"],"picked":"Heavy Blade+1","floor":41}],"player_experience":1739740,"relics_obtained":[{"floor":8.0,"key":"Dream Catcher"},{"floor":9.0,"key":"Whetstone"},{"floor":10.0,"key":"MawBank"},{"floor":14.0,"key":"Bag of Preparation"},{"floor":23.0,"key":"Juzu Bracelet"},{"floor":26.0,"key":"Omamori"},{"floor":27.0,"key":"Potion Belt"},{"floor":29.0,"key":"Kunai"},{"floor":34.0,"key":"Anchor"},{"floor":34.0,"key":"Sundial"},{"floor":34.0,"key":"Charon\u0027s Ashes"}],"event_choices":[{"cards_removed":["Strike_R"],"damage_healed":0.0,"max_hp_gain":0.0,"max_hp_loss":0.0,"gold_gain":0.0,"event_name":"Golden Wing","player_choice":"Card Removal","floor":2.0,"gold_loss":0.0,"damage_taken":7.0},{"damage_healed":0.0,"max_hp_gain":0.0,"max_hp_loss":0.0,"gold_gain":0.0,"event_name":"N\u0027loth","player_choice":"Traded Relic","floor":19.0,"relics_lost":["Dream Catcher"],"gold_loss":0.0,"damage_taken":0.0,"relics_obtained":["Nloth\u0027s Gift"]},{"cards_removed":["Dropkick"],"damage_healed":29.0,"max_hp_gain":0.0,"max_hp_loss":0.0,"gold_gain":0.0,"event_name":"Bonfire Elementals","player_choice":"Offered Uncommon","floor":21.0,"gold_loss":0.0,"damage_taken":0.0},{"damage_healed":0.0,"max_hp_gain":0.0,"max_hp_loss":0.0,"gold_gain":0.0,"event_name":"SensoryStone","player_choice":"Memory 3","floor":36.0,"gold_loss":0.0,"damage_taken":10.0},{"damage_healed":0.0,"max_hp_gain":0.0,"max_hp_loss":0.0,"gold_gain":0.0,"cards_transformed":["Strike_R"],"event_name":"Transmorgrifier","player_choice":"Transformed","floor":37.0,"gold_loss":0.0,"damage_taken":0.0,"cards_obtained":["Hemokinesis"]},{"damage_healed":35.0,"max_hp_gain":0.0,"max_hp_loss":0.0,"gold_gain":0.0,"event_name":"Wheel of Change","player_choice":"Full Heal","floor":38.0,"gold_loss":0.0,"damage_taken":0.0}],"is_beta":false,"boss_relics":[{"not_picked":["Astrolabe","Ectoplasm"],"picked":"Snecko Eye"},{"not_picked":["Runic Dome","Runic Cube"],"picked":"Calling Bell"}],"items_purged_floors":[39],"is_endless":false,"potions_floor_spawned":[1,5,11,14,16,23,24,27,29,35],"killed_by":"Reptomancer","ascension_level":20}