{"gold_per_floor":[114,114,135,160,2,38,38,69,69,82,82,5,21,37,37,37],"floor_reached":16,"playtime":680,"items_purged":["Regret"],"score":220,"play_id":"9684e878-6394-4157-8987-7b3eeb17bdcf","local_time":"20190813233844","is_ascension_mode":true,"campfire_choices":[{"floor":7.0,"key":"REST"},{"floor":11,"key":"REST"},{"data":"Catalyst","floor":15,"key":"SMITH"}],"neow_cost":"NONE","seed_source_timestamp":47491020094205,"circlet_count":0,"master_deck":["AscendersBane","Strike_G","Strike_G","Strike_G+1","Strike_G+1","Strike_G","Defend_G","Defend_G","Defend_G","Defend_G","Defend_G","Survivor","Neutralize","Clumsy","Regret","Cloak And Dagger","Bouncing Flask","Cloak And Dagger","Backstab","Catalyst+1","Dash","Wraith Form v2","Backflip","Footwork","Well Laid Plans","Poisoned Stab","Backflip"],"special_seed":0,"relics":["Calling Bell","Lantern","Ornamental Fan","Prayer Wheel","Golden Idol","Whetstone","Strawberry","Du-Vu Doll","Mummified Hand"],"potions_floor_usage":[],"damage_taken":[{"damage":8.0,"enemies":"2 Louse","floor":1.0,"turns":6.0},{"damage":3.0,"enemies":"Jaw Worm","floor":3.0,"turns":4.0},{"damage":58.0,"enemies":"Gremlin Nob","floor":6.0,"turns":5.0},{"damage":29,"enemies":"Lagavulin","floor":8,"turns":8},{"damage":0,"enemies":"Small Slimes","floor":10,"turns":3},{"damage":6,"enemies":"Blue Slaver","floor":13,"turns":3},{"damage":0,"enemies":"Red Slaver","floor":14,"turns":2},{"damage":21,"enemies":"Hexaghost","floor":16,"turns":4}],"seed_played":"7263153063379076660","potions_obtained":[{"floor":1.0,"key":"SteroidPotion"},{"floor":3.0,"key":"FairyPotion"},{"floor":6.0,"key":"Fire Potion"},{"floor":13,"key":"Dexterity Potion"}],"is_trial":false,"path_per_floor":["M","?","M","T","$","E","R","E","T","M","R","$","M","M","R","B"],"character_chosen":"THE_SILENT","items_purchased":["Backstab","Footwork"],"campfire_rested":2,"item_purchase_floors":[5,12],"current_hp_per_floor":[51,51,48,48,48,13,33,4,4,4,24,24,18,18,18,0],"gold":37,"neow_bonus":"BOSS_RELIC","is_prod":false,"is_daily":false,"chose_seed":false,"campfire_upgraded":1,"win_rate":0,"timestamp":1565732324,"path_taken":["M","?","M","?","$","E","R","E","T","M","R","$","M","M","R","BOSS"],"build_version":"2019-07-17","purchased_purges":1,"victory":false,"max_hp_per_floor":[66,60,60,60,60,67,67,67,67,67,67,67,67,67,67,67],"card_choices":[{"not_picked":["Flechettes","All Out Attack"],"picked":"Cloak And Dagger","floor":1.0},{"not_picked":["Deflect","Well Laid Plans"],"picked":"Bouncing Flask","floor":1.0},{"not_picked":["Eviscerate","Concentrate"],"picked":"Cloak And Dagger","floor":3.0},{"not_picked":["Prepared","Tactician","Flying Knee"],"picked":"SKIP","floor":3.0},{"not_picked":["Escape Plan","Choke"],"picked":"Catalyst","floor":6.0},{"not_picked":["Escape Plan","Heel Hook"],"picked":"Dash","floor":8},{"not_picked":["Well Laid Plans","Flying Knee"],"picked":"Wraith Form v2","floor":10},{"not_picked":["Heel Hook","Underhanded Strike"],"picked":"Backflip","floor":10},{"not_picked":["Acrobatics","Dagger Throw"],"picked":"Well Laid Plans","floor":13},{"not_picked":["Sucker Punch","Riddle With Holes"],"picked":"Poisoned Stab","floor":13},{"not_picked":["Eviscerate","Dodge and Roll"],"picked":"Backflip","floor":14},{"not_picked":["Cloak And Dagger","Accuracy","Acrobatics"],"picked":"SKIP","floor":14}],"player_experience":1918946,"relics_obtained":[{"floor":0.0,"key":"Lantern"},{"floor":0.0,"key":"Ornamental Fan"},{"floor":0.0,"key":"Prayer Wheel"},{"floor":4.0,"key":"Whetstone"},{"floor":6.0,"key":"Strawberry"},{"floor":8,"key":"Du-Vu Doll"},{"floor":9,"key":"Mummified Hand"}],"event_choices":[{"damage_healed":0.0,"max_hp_gain":0.0,"max_hp_loss":6.0,"gold_gain":0.0,"event_name":"Golden Idol","player_choice":"Lose Max HP","floor":2.0,"gold_loss":0.0,"damage_taken":0.0,"relics_obtained":["Golden Idol"]}],"is_beta":false,"boss_relics":[],"items_purged_floors":[5],"is_endless":false,"potions_floor_spawned":[1,3,6,13],"killed_by":"Hexaghost","ascension_level":20}