{"gold_per_floor":[144,219,219,264,264,264,354,354,429,519,552,642,642,74,74,374,374,419,419,419,140,140,230,320,320,320,422,484,246,246,210,210,510,510,555,555,133,133,133,223,358,448,473,473,563,653,653,698,698,698],"floor_reached":51,"playtime":4072,"items_purged":["Zap"],"score":1050,"play_id":"b6dc3951-376c-40c9-9647-0c11113aa6e3","local_time":"20190929164805","daily_mods":["Shiny","Flight","Midas"],"is_ascension_mode":false,"campfire_choices":[{"floor":6,"key":"REST"},{"floor":8,"key":"REST"},{"floor":15,"key":"REST"},{"floor":25,"key":"REST"},{"floor":32,"key":"REST"},{"floor":44,"key":"REST"},{"floor":49,"key":"REST"}],"neow_cost":"","seed_source_timestamp":0,"circlet_count":0,"master_deck":["Multi-Cast","Hyperbeam+1","Thunder Strike","Biased Cognition","Machine Learning","Electrodynamics","Buffer","Rainbow","Seek","Meteor Strike+1","Echo Form","All For One","Reboot","Amplify","Creative AI","Fission+1","Core Surge","Barrage","Coolheaded","White Noise","Glacier","Capacitor","Coolheaded","Biased Cognition","White Noise","Chill","Sunder","Loop+1","Self Repair","Glacier+1","Barrage","Hologram+1","Cold Snap","Madness+1","Madness+1","Cold Snap","Aggregate+1","Defragment+1","Conserve Battery+1"],"special_seed":18168,"relics":["Cracked Core","Juzu Bracelet","Gremlin Horn","Bag of Preparation","Odd Mushroom","Whetstone","ClockworkSouvenir","Matryoshka","Snecko Eye","Strange Spoon","Dream Catcher","Bottled Lightning","Bronze Scales","MawBank","Anchor","Mango","Blue Candle","Lantern","Toxic Egg 2","Inserter","DataDisk","Centennial Puzzle","Potion Belt","Turnip","Gambling Chip","Bag of Marbles","Boot","Vajra","Strawberry"],"potions_floor_usage":[10,40,50,50,50,50,50,50,50,50],"damage_taken":[{"damage":12,"enemies":"2 Louse","floor":1,"turns":2},{"damage":7,"enemies":"Small Slimes","floor":4,"turns":2},{"damage":6,"enemies":"Gremlin Nob","floor":7,"turns":3},{"damage":9,"enemies":"3 Sentries","floor":10,"turns":2},{"damage":7,"enemies":"The Mushroom Lair","floor":11,"turns":2},{"damage":1,"enemies":"Gremlin Nob","floor":12,"turns":5},{"damage":9,"enemies":"The Guardian","floor":16,"turns":11},{"damage":0,"enemies":"Chosen","floor":18,"turns":2},{"damage":32,"enemies":"Slavers","floor":23,"turns":3},{"damage":12,"enemies":"Gremlin Leader","floor":24,"turns":3},{"damage":0,"enemies":"Slavers","floor":27,"turns":3},{"damage":16,"enemies":"Collector","floor":33,"turns":6},{"damage":7,"enemies":"3 Darklings","floor":35,"turns":3},{"damage":0,"enemies":"Nemesis","floor":40,"turns":5},{"damage":20,"enemies":"2 Orb Walkers","floor":41,"turns":5},{"damage":34,"enemies":"Giant Head","floor":42,"turns":6},{"damage":0,"enemies":"Reptomancer","floor":45,"turns":4},{"damage":0,"enemies":"Giant Head","floor":46,"turns":6},{"damage":35,"enemies":"3 Shapes","floor":48,"turns":4},{"damage":11,"enemies":"Donu and Deca","floor":50,"turns":6}],"seed_played":"8269897958075200893","potions_obtained":[{"floor":4,"key":"Fire Potion"},{"floor":5,"key":"Explosive Potion"},{"floor":5,"key":"EntropicBrew"},{"floor":11,"key":"Fire Potion"},{"floor":23,"key":"GamblersBrew"},{"floor":40,"key":"SpeedPotion"},{"floor":45,"key":"LiquidBronze"}],"is_trial":false,"path_per_floor":["M","?","?","M","?","R","E","R","T","E","?","E","?","$","R","B",null,"M","?","?","$","?","E","E","R","T","E","T","$","?","$","R","B",null,"M","?","$","?","?","E","?","E","T","R","E","E","T","M","R","B",null],"character_chosen":"DEFECT","items_purchased":["ClockworkSouvenir","Matryoshka","Capacitor","Coolheaded","Strange Spoon","Chill","Toxic Egg 2","Glacier+1","DataDisk","Centennial Puzzle","Cold Snap"],"campfire_rested":7,"item_purchase_floors":[14,14,14,14,21,21,29,31,37,37,37],"current_hp_per_floor":[63,52,37,30,30,52,46,68,68,59,52,51,51,51,73,64,75,75,75,75,75,75,43,31,53,53,74,74,74,74,74,89,73,89,82,89,89,78,78,85,72,45,45,71,71,78,85,50,78,74],"gold":698,"neow_bonus":"","is_prod":false,"is_daily":true,"chose_seed":false,"campfire_upgraded":0,"win_rate":0,"timestamp":1569768485,"path_taken":["M","?","?","M","?","R","E","R","T","E","?","E","?","$","R","BOSS","M","?","?","$","?","E","E","R","T","E","?","$","?","?","R","BOSS","M","?","$","?","?","E","?","E","T","R","E","E","?","M","R","BOSS"],"build_version":"2019-07-05","purchased_purges":1,"victory":true,"max_hp_per_floor":[75,75,75,75,75,75,75,75,75,75,75,75,75,75,75,75,75,75,75,75,75,75,75,75,75,75,89,89,89,89,89,89,89,89,89,89,89,89,89,89,89,89,89,89,89,89,96,96,96,96],"card_choices":[{"not_picked":["Doom and Gloom","Rebound"],"picked":"Streamline","floor":1},{"not_picked":["Leap","Doom and Gloom"],"picked":"Barrage","floor":4},{"not_picked":["Fusion","Rip and Tear"],"picked":"Coolheaded","floor":7},{"not_picked":["Static Discharge","Turbo","Rainbow"],"picked":"SKIP","floor":10},{"not_picked":["Consume","Chaos"],"picked":"White Noise","floor":11},{"not_picked":["Multi-Cast","White Noise"],"picked":"Glacier","floor":12},{"not_picked":["All For One","Buffer"],"picked":"Biased Cognition","floor":16},{"not_picked":["Streamline","Chaos"],"picked":"White Noise","floor":18},{"not_picked":["Consume","Conserve Battery"],"picked":"Sunder","floor":23},{"not_picked":["Compile Driver","Turbo"],"picked":"Loop+1","floor":24},{"not_picked":["Consume","Turbo+1"],"picked":"Self Repair","floor":25},{"not_picked":["Blizzard","Stack","Streamline+1"],"picked":"SKIP","floor":27},{"not_picked":["Fusion+1","Ball Lightning"],"picked":"Barrage","floor":32},{"not_picked":["Gash","Redo+1"],"picked":"Hologram+1","floor":35},{"not_picked":["Heatsinks+1","Scrape"],"picked":"Cold Snap","floor":40},{"not_picked":["Consume+1","Streamline+1"],"picked":"Aggregate+1","floor":42},{"not_picked":["Ball Lightning","Echo Form"],"picked":"Defragment+1","floor":45},{"not_picked":["Gash","Loop","Sweeping Beam+1"],"picked":"SKIP","floor":46},{"not_picked":["Compile Driver","Sweeping Beam+1","Leap+1"],"picked":"SKIP","floor":48},{"not_picked":["Streamline+1","Gash"],"picked":"Conserve Battery+1","floor":49}],"player_experience":39452,"relics_obtained":[{"floor":7,"key":"Juzu Bracelet"},{"floor":9,"key":"Gremlin Horn"},{"floor":10,"key":"Bag of Preparation"},{"floor":11,"key":"Odd Mushroom"},{"floor":12,"key":"Whetstone"},{"floor":23,"key":"Bottled Lightning"},{"floor":24,"key":"Bronze Scales"},{"floor":26,"key":"MawBank"},{"floor":26,"key":"Anchor"},{"floor":27,"key":"Mango"},{"floor":28,"key":"Blue Candle"},{"floor":28,"key":"Lantern"},{"floor":40,"key":"Potion Belt"},{"floor":41,"key":"Turnip"},{"floor":42,"key":"Gambling Chip"},{"floor":43,"key":"Bag of Marbles"},{"floor":45,"key":"Boot"},{"floor":46,"key":"Vajra"},{"floor":47,"key":"Strawberry"}],"event_choices":[{"damage_healed":0,"gold_gain":75,"player_choice":"Gather Gold","damage_taken":11,"max_hp_gain":0,"max_hp_loss":0,"event_name":"World of Goop","floor":2,"gold_loss":0},{"damage_healed":0,"gold_gain":0,"player_choice":"Entered Light","damage_taken":15,"max_hp_gain":0,"max_hp_loss":0,"event_name":"Shining Light","floor":3,"gold_loss":0,"cards_upgraded":["Meteor Strike","Fission"]},{"damage_healed":0,"gold_gain":0,"player_choice":"Got Potions","damage_taken":0,"max_hp_gain":0,"max_hp_loss":0,"event_name":"Lab","floor":5,"gold_loss":0},{"damage_healed":0,"gold_gain":0,"player_choice":"Fought Mushrooms","damage_taken":0,"max_hp_gain":0,"max_hp_loss":0,"event_name":"Mushrooms","floor":11,"gold_loss":0},{"damage_healed":0,"gold_gain":0,"player_choice":"Leave","damage_taken":0,"max_hp_gain":0,"max_hp_loss":0,"event_name":"The Cleric","floor":13,"gold_loss":0},{"damage_healed":0,"gold_gain":0,"player_choice":"1 cards matched","damage_taken":0,"max_hp_gain":0,"max_hp_loss":0,"event_name":"Match and Keep!","floor":19,"gold_loss":0,"cards_obtained":["Zap"]},{"damage_healed":0,"gold_gain":0,"player_choice":"Ignored","damage_taken":0,"max_hp_gain":0,"max_hp_loss":0,"event_name":"Beggar","floor":20,"gold_loss":0},{"damage_healed":0,"gold_gain":0,"player_choice":"Opened","damage_taken":0,"relics_obtained":["Dream Catcher"],"max_hp_gain":0,"max_hp_loss":0,"event_name":"The Mausoleum","floor":22,"gold_loss":0},{"damage_healed":0,"gold_gain":0,"player_choice":"Ignored","damage_taken":0,"max_hp_gain":0,"max_hp_loss":0,"event_name":"Vampires","floor":30,"gold_loss":0},{"damage_healed":7,"gold_gain":0,"player_choice":"Full Heal","damage_taken":0,"max_hp_gain":0,"max_hp_loss":0,"event_name":"Wheel of Change","floor":36,"gold_loss":0},{"damage_healed":0,"gold_gain":0,"player_choice":"Embrace Madness","damage_taken":11,"max_hp_gain":0,"max_hp_loss":0,"event_name":"Winding Halls","floor":38,"gold_loss":0,"cards_obtained":["Madness","Madness"]},{"cards_removed":["Streamline"],"damage_healed":0,"gold_gain":0,"player_choice":"Removed Attack","damage_taken":0,"max_hp_gain":0,"max_hp_loss":0,"event_name":"Falling","floor":39,"gold_loss":0},{"damage_healed":0,"gold_gain":0,"player_choice":"Fight","damage_taken":0,"max_hp_gain":0,"max_hp_loss":0,"event_name":"Mysterious Sphere","floor":41,"gold_loss":0}],"is_beta":false,"boss_relics":[{"not_picked":["FrozenCore","Orrery"],"picked":"Snecko Eye"},{"not_picked":["Coffee Dripper","Tiny House"],"picked":"Inserter"}],"items_purged_floors":[37],"is_endless":false,"potions_floor_spawned":[4,11,23,24,35,40,45],"ascension_level":0}