{"gold_per_floor":[112,112,126,16,27,60,60,60,139,139,157,157,177,209,209,309,309,323,337,29,44,56,56,56,91,146,146,165,165,165,181,181,283,283,293,368,380,380,380,380,390,8,33,33,33,33,33,44,44,44],"floor_reached":50,"playtime":11077,"items_purged":["Strike_B","Defend_B","Defend_B"],"score":495,"play_id":"6f39b167-f259-4e8a-ace1-df67bcee5723","local_time":"20190206090810","is_ascension_mode":false,"campfire_choices":[{"data":"Go for the Eyes","floor":8,"key":"SMITH"},{"data":"Dualcast","floor":10,"key":"SMITH"},{"data":"Stack","floor":15,"key":"SMITH"},{"data":"Coolheaded","floor":23,"key":"SMITH"},{"data":"Multi-Cast","floor":27,"key":"SMITH"},{"data":"Redo","floor":29,"key":"SMITH"},{"data":"Rip and Tear","floor":32,"key":"SMITH"},{"data":"Seek","floor":40,"key":"SMITH"},{"data":"Apotheosis","floor":46,"key":"SMITH"},{"data":"Auto Shields","floor":49,"key":"SMITH"}],"neow_cost":"NONE","seed_source_timestamp":171237855532592,"circlet_count":0,"master_deck":["Strike_B","Strike_B","Strike_B","Defend_B","Defend_B","Zap","Dualcast+1","Go for the Eyes+1","Rip and Tear+1","Hello World","Aggregate","Conserve Battery","Redo+1","Stack+1","Multi-Cast+1","Chill+1","Glacier+1","Gash+1","Coolheaded+1","J.A.X.","Gash+1","Hologram+1","Seek+1","Lockon+1","Auto Shields+1","Apotheosis+1"],"relics":["Cracked Core","Dream Catcher","Gremlin Horn","Mercury Hourglass","Bottled Tornado","Runic Pyramid","ClockworkSouvenir","Mango","Juzu Bracelet","Matryoshka","Sozu","Shuriken","Smiling Mask","Omamori"],"potions_floor_usage":[14,16,37,41,50],"damage_taken":[{"damage":0,"enemies":"Small Slimes","floor":1,"turns":3},{"damage":7,"enemies":"Cultist","floor":3,"turns":5},{"damage":3,"enemies":"Jaw Worm","floor":5,"turns":3},{"damage":25,"enemies":"3 Sentries","floor":6,"turns":7},{"damage":0,"enemies":"Exordium Wildlife","floor":11,"turns":2},{"damage":5,"enemies":"Looter","floor":13,"turns":2},{"damage":4,"enemies":"Gremlin Nob","floor":14,"turns":4},{"damage":2,"enemies":"The Guardian","floor":16,"turns":10},{"damage":5,"enemies":"3 Byrds","floor":18,"turns":3},{"damage":3,"enemies":"Chosen","floor":19,"turns":4},{"damage":22,"enemies":"Snake Plant","floor":21,"turns":4},{"damage":0,"enemies":"Snecko","floor":22,"turns":5},{"damage":3,"enemies":"Gremlin Leader","floor":25,"turns":10},{"damage":0,"enemies":"Sentry and Sphere","floor":28,"turns":6},{"damage":6,"enemies":"Centurion and Healer","floor":31,"turns":10},{"damage":13,"enemies":"Champ","floor":33,"turns":13},{"damage":15,"enemies":"3 Shapes","floor":35,"turns":5},{"damage":0,"enemies":"Orb Walker","floor":37,"turns":4},{"damage":10,"enemies":"Spire Growth","floor":41,"turns":7},{"damage":0,"enemies":"Sphere and 2 Shapes","floor":48,"turns":6},{"damage":65,"enemies":"Time Eater","floor":50,"turns":14}],"seed_played":"-4086980955894912919","potions_obtained":[{"floor":3,"key":"FocusPotion"},{"floor":5,"key":"Block Potion"},{"floor":11,"key":"FearPotion"},{"floor":14,"key":"Block Potion"},{"floor":19,"key":"Weak Potion"}],"is_trial":false,"path_per_floor":["M","?","M","$","M","E","?","R","T","R","M","?","M","E","R","B",null,"M","M","$","M","M","R","?","E","T","R","M","R","?","M","R","B",null,"M","?","M","?","?","R","M","$","T","?","?","R","$","M","R","B"],"character_chosen":"DEFECT","items_purchased":["Rip and Tear","ClockworkSouvenir","Shuriken"],"campfire_rested":0,"item_purchase_floors":[4,20,42],"current_hp_per_floor":[75,75,68,68,65,40,40,40,40,40,40,65,60,56,56,54,75,70,67,67,45,45,45,45,56,56,56,56,56,56,50,50,37,89,74,66,66,66,66,66,56,56,56,56,56,56,56,56,56,0],"gold":44,"neow_bonus":"ONE_RANDOM_RARE_CARD","is_prod":false,"is_daily":false,"chose_seed":false,"campfire_upgraded":10,"win_rate":0.0,"timestamp":1549472890,"path_taken":["M","?","?","$","M","E","?","R","T","R","M","?","M","E","R","BOSS","M","M","$","M","M","R","?","E","T","R","M","R","?","M","R","BOSS","M","?","M","?","?","R","M","$","T","?","?","R","?","M","R","BOSS"],"build_version":"2019-01-23","purchased_purges":3,"victory":false,"max_hp_per_floor":[75,75,75,75,75,75,75,75,75,75,75,75,75,75,75,75,75,75,75,75,75,75,75,75,89,89,89,89,89,89,89,89,89,89,89,89,89,85,85,85,85,85,85,85,85,85,85,85,85,85],"card_choices":[{"not_picked":["Leap","Cold Snap"],"picked":"Stack","floor":1},{"not_picked":["Heatsinks","Ball Lightning"],"picked":"Go for the Eyes","floor":3},{"not_picked":["Force Field","Ball Lightning"],"picked":"Hello World","floor":5},{"not_picked":["Cold Snap","Force Field"],"picked":"Aggregate","floor":6},{"not_picked":["Creative AI","Beam Cell"],"picked":"Conserve Battery","floor":11},{"not_picked":["Gash","Ball Lightning"],"picked":"Redo","floor":13},{"not_picked":["Ball Lightning","Darkness"],"picked":"Stack","floor":14},{"not_picked":["Seek","Buffer"],"picked":"Multi-Cast","floor":16},{"not_picked":["Streamline","Go for the Eyes"],"picked":"Chill+1","floor":18},{"not_picked":["Streamline","Ball Lightning"],"picked":"Glacier+1","floor":19},{"not_picked":["Force Field","Ball Lightning"],"picked":"Gash+1","floor":21},{"not_picked":["Hello World+1","Barrage"],"picked":"Coolheaded","floor":22},{"not_picked":["Sweeping Beam+1","Hologram"],"picked":"Gash+1","floor":25},{"not_picked":["Streamline","Aggregate"],"picked":"Hologram+1","floor":28},{"not_picked":["Beam Cell","Multi-Cast","Conserve Battery"],"picked":"SKIP","floor":31},{"not_picked":["Biased Cognition","Fission"],"picked":"Seek","floor":33},{"not_picked":["Redo","Sweeping Beam+1","Compile Driver+1"],"picked":"SKIP","floor":35},{"not_picked":["Loop+1","Aggregate+1"],"picked":"Lockon+1","floor":37},{"not_picked":["Hologram","Streamline+1"],"picked":"Auto Shields","floor":41},{"not_picked":["Secret Technique","Trip"],"picked":"Apotheosis","floor":44},{"not_picked":["FTL","Go for the Eyes","Genetic Algorithm"],"picked":"SKIP","floor":48}],"player_experience":53455,"relics_obtained":[{"floor":6,"key":"Gremlin Horn"},{"floor":9,"key":"Mercury Hourglass"},{"floor":14,"key":"Bottled Tornado"},{"floor":25,"key":"Mango"},{"floor":26,"key":"Juzu Bracelet"},{"floor":43,"key":"Smiling Mask"},{"floor":43,"key":"Omamori"}],"event_choices":[{"cards_removed":["Stack"],"damage_healed":0,"gold_gain":0,"player_choice":"Gave Card","damage_taken":0,"relics_obtained":["Dream Catcher"],"max_hp_gain":0,"max_hp_loss":0,"event_name":"WeMeetAgain","floor":2,"gold_loss":0},{"damage_healed":0,"gold_gain":0,"cards_transformed":["Fission"],"player_choice":"Change","damage_taken":0,"max_hp_gain":0,"max_hp_loss":0,"event_name":"Living Wall","floor":7,"gold_loss":0,"cards_obtained":["FTL"]},{"damage_healed":25,"gold_gain":0,"player_choice":"Banana","damage_taken":0,"max_hp_gain":0,"max_hp_loss":0,"event_name":"Big Fish","floor":12,"gold_loss":0},{"damage_healed":0,"gold_gain":0,"player_choice":"Obtain J.A.X.","damage_taken":0,"max_hp_gain":0,"max_hp_loss":0,"event_name":"Drug Dealer","floor":24,"gold_loss":0,"cards_obtained":["J.A.X."]},{"damage_healed":0,"gold_gain":0,"player_choice":"Opened","damage_taken":0,"relics_obtained":["Matryoshka"],"max_hp_gain":0,"max_hp_loss":0,"event_name":"The Mausoleum","floor":30,"gold_loss":0},{"damage_healed":0,"gold_gain":75,"player_choice":"Touch","damage_taken":8,"max_hp_gain":0,"max_hp_loss":0,"event_name":"FaceTrader","floor":36,"gold_loss":0},{"damage_healed":0,"gold_gain":0,"player_choice":"Max HP","damage_taken":0,"max_hp_gain":0,"max_hp_loss":4,"event_name":"Winding Halls","floor":38,"gold_loss":0},{"cards_removed":["FTL"],"damage_healed":0,"gold_gain":0,"player_choice":"Removed Attack","damage_taken":0,"max_hp_gain":0,"max_hp_loss":0,"event_name":"Falling","floor":39,"gold_loss":0},{"damage_healed":0,"gold_gain":0,"player_choice":"Memory 1","damage_taken":0,"max_hp_gain":0,"max_hp_loss":0,"event_name":"SensoryStone","floor":44,"gold_loss":0},{"damage_healed":0,"gold_gain":0,"player_choice":"Ignored","damage_taken":0,"max_hp_gain":0,"max_hp_loss":0,"event_name":"NoteForYourself","floor":45,"gold_loss":0}],"is_beta":false,"boss_relics":[{"not_picked":["Ectoplasm","Lizard Tail"],"picked":"Runic Pyramid"},{"not_picked":["Tiny House","Astrolabe"],"picked":"Sozu"}],"items_purged_floors":[4,20,42],"is_endless":false,"potions_floor_spawned":[3,5,11,14,19,22,41],"killed_by":"Time Eater","ascension_level":0}