{"gold_per_floor":[115,115,133,58,58,58,91,110,110,136,136,50,76,96,96,173,173,192,292,306,306,49,49,77,93,93,111,131,158,158,168,168,242,242,261,261,261,278,40,75,75,75,150,165,200,212,259,285,297,309],"floor_reached":50,"playtime":1917,"items_purged":["Strike_R"],"score":1276,"play_id":"3ecf779d-f932-4d5d-9bc3-7482c399beb2","local_time":"20190306161535","is_ascension_mode":true,"campfire_choices":[{"data":"Rampage","floor":6,"key":"SMITH"},{"data":"Immolate","floor":11,"key":"SMITH"},{"data":"Shockwave","floor":15,"key":"SMITH"},{"data":"Corruption","floor":23,"key":"SMITH"},{"data":"Feed","floor":30,"key":"SMITH"},{"data":"Impervious","floor":32,"key":"SMITH"},{"data":"Warcry","floor":42,"key":"SMITH"},{"data":"Battle Trance","floor":46,"key":"SMITH"},{"data":"Inflame","floor":49,"key":"SMITH"}],"neow_cost":"TEN_PERCENT_HP_LOSS","seed_source_timestamp":16890540590208,"circlet_count":0,"master_deck":["AscendersBane","Strike_R+1","Strike_R","Defend_R+1","Defend_R","Defend_R","Bash","Shockwave+1","Rampage+1","Cleave","Anger","Immolate+1","Feed+1","Ghostly Armor","Reaper","Corruption+1","Impervious","Body Slam+1","Impervious+1","Bludgeon+1","Uppercut+1","Fiend Fire+1","Feel No Pain","Feel No Pain+1","Feel No Pain","Battle Trance+1","Warcry+1","Dual Wield+1","Inflame+1","Spot Weakness+1"],"relics":["Burning Blood","Ginger","Paper Frog","Singing Bowl","Art of War","Lantern","Velvet Choker","FossilizedHelix","Blue Candle","Gremlin Horn","Sundial","Molten Egg 2","Vajra","Sozu","Smiling Mask","MawBank","Bag of Preparation"],"potions_floor_usage":[16,16,47],"damage_taken":[{"damage":9,"enemies":"Small Slimes","floor":1,"turns":4},{"damage":0,"enemies":"2 Louse","floor":3,"turns":2},{"damage":17,"enemies":"Lagavulin","floor":7,"turns":7},{"damage":0,"enemies":"Cultist","floor":8,"turns":3},{"damage":17,"enemies":"3 Sentries","floor":10,"turns":4},{"damage":20,"enemies":"Lagavulin","floor":13,"turns":7},{"damage":0,"enemies":"Large Slime","floor":14,"turns":4},{"damage":30,"enemies":"The Guardian","floor":16,"turns":10},{"damage":0,"enemies":"3 Byrds","floor":18,"turns":1},{"damage":6,"enemies":"Colosseum Slavers","floor":19,"turns":2},{"damage":14,"enemies":"Colosseum Nobs","floor":19,"turns":3},{"damage":7,"enemies":"Shell Parasite","floor":20,"turns":4},{"damage":8,"enemies":"Gremlin Leader","floor":24,"turns":4},{"damage":6,"enemies":"Cultist and Chosen","floor":25,"turns":4},{"damage":11,"enemies":"Sentry and Sphere","floor":27,"turns":4},{"damage":0,"enemies":"Shelled Parasite and Fungi","floor":28,"turns":2},{"damage":15,"enemies":"Slavers","floor":29,"turns":5},{"damage":8,"enemies":"Snecko","floor":31,"turns":5},{"damage":87,"enemies":"Automaton","floor":33,"turns":9},{"damage":0,"enemies":"Orb Walker","floor":35,"turns":3},{"damage":0,"enemies":"3 Darklings","floor":38,"turns":3},{"damage":21,"enemies":"Nemesis","floor":40,"turns":11},{"damage":12,"enemies":"Writhing Mass","floor":44,"turns":4},{"damage":0,"enemies":"Reptomancer","floor":45,"turns":6},{"damage":88,"enemies":"Nemesis","floor":47,"turns":11},{"damage":0,"enemies":"4 Shapes","floor":48,"turns":8},{"damage":113,"enemies":"Awakened One","floor":50,"turns":9}],"seed_played":"5315190099820874095","potions_obtained":[{"floor":1,"key":"FearPotion"},{"floor":10,"key":"Strength Potion"},{"floor":18,"key":"Weak Potion"},{"floor":19,"key":"AttackPotion"},{"floor":28,"key":"LiquidBronze"}],"is_trial":false,"path_per_floor":["M","?","M","?","?","R","E","M","T","E","R","$","E","M","R","B",null,"M","?","M","?","$","R","E","M","T","M","M","E","R","M","R","B",null,"M","?","?","M","$","E","?","R","T","M","E","R","E","M","R","B"],"character_chosen":"IRONCLAD","items_purchased":["Feed","Corruption","Impervious","Feel No Pain","Battle Trance"],"campfire_rested":0,"item_purchase_floors":[12,22,22,39,39],"current_hp_per_floor":[65,45,51,51,51,51,40,46,46,35,35,35,21,32,32,8,57,65,69,80,80,80,80,84,89,89,87,95,96,96,100,100,19,81,99,99,95,101,101,92,92,92,92,90,106,106,33,79,79,0],"gold":309,"neow_bonus":"ONE_RARE_RELIC","is_prod":false,"is_daily":false,"chose_seed":false,"campfire_upgraded":9,"win_rate":0,"timestamp":1551885335,"path_taken":["M","?","M","?","?","R","E","?","T","E","R","$","E","M","R","BOSS","M","?","M","?","$","R","E","M","T","M","?","E","R","M","R","BOSS","M","?","?","M","$","E","?","R","T","M","E","R","E","M","R","BOSS"],"build_version":"2019-01-23","purchased_purges":1,"victory":false,"max_hp_per_floor":[68,68,68,68,68,68,68,68,68,68,68,68,68,73,73,73,73,75,77,82,82,82,82,84,89,89,92,95,98,98,102,102,102,102,106,101,107,107,107,107,107,107,107,111,113,113,117,121,121,121],"card_choices":[{"not_picked":["True Grit","Cleave"],"picked":"Shockwave","floor":1},{"not_picked":["Clash","Battle Trance"],"picked":"Rampage","floor":3},{"not_picked":["Hemokinesis","Clash"],"picked":"Cleave","floor":7},{"not_picked":["Cleave","Sentinel"],"picked":"Anger","floor":8},{"not_picked":["Inflame","Rupture"],"picked":"Immolate","floor":10},{"not_picked":["Burning Pact","Body Slam"],"picked":"Ghostly Armor","floor":13},{"not_picked":["Twin Strike","Second Wind","Clash"],"picked":"Singing Bowl","floor":14},{"not_picked":["Barricade","Berserk"],"picked":"Reaper","floor":16},{"not_picked":["Havoc","Anger","Headbutt"],"picked":"Singing Bowl","floor":18},{"not_picked":["Evolve","Dual Wield","Combust"],"picked":"Singing Bowl","floor":19},{"not_picked":["Heavy Blade","Perfected Strike","Warcry"],"picked":"Singing Bowl","floor":20},{"not_picked":["Second Wind+1","Sword Boomerang","Perfected Strike"],"picked":"Singing Bowl","floor":24},{"not_picked":["Flex","Corruption","Sword Boomerang"],"picked":"Singing Bowl","floor":25},{"not_picked":["Combust+1","Clash+1"],"picked":"Body Slam+1","floor":27},{"not_picked":["Battle Trance+1","Dropkick+1"],"picked":"Impervious","floor":28},{"not_picked":["Pommel Strike+1","Metallicize"],"picked":"Bludgeon+1","floor":29},{"not_picked":["Intimidate","Wild Strike+1"],"picked":"Uppercut+1","floor":31},{"not_picked":["Reaper+1","Berserk"],"picked":"Fiend Fire+1","floor":33},{"not_picked":["Entrench","Clash+1"],"picked":"Feel No Pain","floor":35},{"not_picked":["Trip","Secret Weapon","Mind Blast+1"],"picked":"Singing Bowl","floor":37},{"not_picked":["Thinking Ahead","Metamorphosis","Panache"],"picked":"Singing Bowl","floor":37},{"not_picked":["Dark Shackles","Secret Technique","Enlightenment"],"picked":"Singing Bowl","floor":37},{"not_picked":["True Grit","Havoc"],"picked":"Feel No Pain+1","floor":38},{"not_picked":["Flex","Cleave+1"],"picked":"Warcry","floor":40},{"not_picked":["Searing Blow+1","Thunderclap+1"],"picked":"Dual Wield+1","floor":44},{"not_picked":["Clash+1","Twin Strike+1","Uppercut+1"],"picked":"Singing Bowl","floor":45},{"not_picked":["Body Slam+1","Warcry"],"picked":"Inflame","floor":47},{"not_picked":["Sword Boomerang+1","True Grit+1"],"picked":"Spot Weakness+1","floor":48}],"player_experience":1373880,"relics_obtained":[{"floor":7,"key":"Paper Frog"},{"floor":9,"key":"Singing Bowl"},{"floor":10,"key":"Art of War"},{"floor":13,"key":"Lantern"},{"floor":19,"key":"FossilizedHelix"},{"floor":19,"key":"Blue Candle"},{"floor":24,"key":"Sundial"},{"floor":26,"key":"Molten Egg 2"},{"floor":29,"key":"Vajra"},{"floor":40,"key":"Smiling Mask"},{"floor":45,"key":"MawBank"},{"floor":47,"key":"Bag of Preparation"}],"event_choices":[{"damage_healed":0,"gold_gain":0,"player_choice":"Entered Light","damage_taken":20,"max_hp_gain":0,"max_hp_loss":0,"event_name":"Shining Light","floor":2,"gold_loss":0,"cards_upgraded":["Strike_R","Defend_R"]},{"cards_removed":["Strike_R"],"damage_healed":0,"gold_gain":0,"player_choice":"Card Removal","damage_taken":0,"max_hp_gain":0,"max_hp_loss":0,"event_name":"The Cleric","floor":4,"gold_loss":75},{"cards_removed":["Strike_R"],"damage_healed":0,"gold_gain":0,"player_choice":"Offered Basic","damage_taken":0,"max_hp_gain":0,"max_hp_loss":0,"event_name":"Bonfire Elementals","floor":5,"gold_loss":0},{"damage_healed":0,"gold_gain":0,"player_choice":"Fight","damage_taken":0,"max_hp_gain":0,"max_hp_loss":0,"event_name":"Colosseum","floor":19,"gold_loss":0},{"damage_healed":0,"gold_gain":0,"player_choice":"Fought Nobs","damage_taken":0,"max_hp_gain":0,"max_hp_loss":0,"event_name":"Colosseum","floor":19,"gold_loss":0},{"damage_healed":0,"gold_gain":0,"player_choice":"Gave Potion","damage_taken":0,"relics_obtained":["Gremlin Horn"],"max_hp_gain":0,"max_hp_loss":0,"event_name":"WeMeetAgain","floor":21,"gold_loss":0},{"damage_healed":0,"gold_gain":0,"player_choice":"Max HP","damage_taken":0,"max_hp_gain":0,"max_hp_loss":5,"event_name":"Winding Halls","floor":36,"gold_loss":0},{"damage_healed":0,"gold_gain":0,"player_choice":"Memory 3","damage_taken":10,"max_hp_gain":0,"max_hp_loss":0,"event_name":"SensoryStone","floor":37,"gold_loss":0},{"cards_removed":["Defend_R"],"damage_healed":0,"gold_gain":0,"player_choice":"Removed Skill","damage_taken":0,"max_hp_gain":0,"max_hp_loss":0,"event_name":"Falling","floor":41,"gold_loss":0}],"is_beta":false,"boss_relics":[{"not_picked":["Pandora\u0027s Box","Lizard Tail"],"picked":"Velvet Choker"},{"not_picked":["Tiny House","Cursed Key"],"picked":"Sozu"}],"items_purged_floors":[39],"is_endless":false,"potions_floor_spawned":[1,10,13,18,19,20,28,29,38,47,48],"killed_by":"Awakened One","ascension_level":20}