{"gold_per_floor":[363,328,340,404,47,47,82,92,117,127,29,58,58,87,87,166,166,184,184,218,143,65,65,93,93,93,128,138,52,80,94,94,171,171,191,291,513,513,533,563,563,582,662,676,711,760,423,440,440,440,440,440,440,95,123,123],"floor_reached":57,"playtime":3242,"items_purged":["Strike_G"],"score":2918,"play_id":"842655c0-c70c-4d06-a661-22ef9de048c1","local_time":"20190728103216","is_ascension_mode":true,"campfire_choices":[{"data":"Apotheosis","floor":6.0,"key":"SMITH"},{"data":"Backstab","floor":13.0,"key":"SMITH"},{"data":"After Image","floor":15.0,"key":"SMITH"},{"floor":23.0,"key":"REST"},{"floor":25.0,"key":"REST"},{"data":"Footwork","floor":32.0,"key":"SMITH"},{"floor":41.0,"key":"RECALL"},{"data":"Well Laid Plans","floor":49,"key":"SMITH"},{"data":"Strike_G","floor":53,"key":"PURGE"}],"neow_cost":"PERCENT_DAMAGE","seed_source_timestamp":3455435050109,"circlet_count":0,"master_deck":["AscendersBane","Strike_G","Strike_G","Defend_G","Defend_G","Defend_G","Defend_G","Defend_G","Survivor","Neutralize","Dash","Deadly Poison","Apotheosis+1","Leg Sweep","Skewer","Deadly Poison","Blur","Backstab+1","After Image+1","Adrenaline","Backflip","Well Laid Plans+1","Crippling Poison+1","Acrobatics+1","Footwork+1","Catalyst+1","Footwork+1","Malaise+1","Dodge and Roll+1","Footwork","Bouncing Flask+1","Noxious Fumes","Backflip+1","PiercingWail+1","Catalyst+1","Caltrops","Calculated Gamble+1","Dodge and Roll+1"],"special_seed":0,"relics":["Ring of the Snake","Lantern","Oddly Smooth Stone","Art of War","Singing Bowl","Ninja Scroll","Cursed Key","Red Mask","Omamori","Bag of Preparation","Toxic Egg 2","Potion Belt","Black Star","Calipers","Blue Candle","Strawberry","Tough Bandages","Bottled Tornado","Peace Pipe","OrangePellets","Anchor","Letter Opener"],"potions_floor_usage":[50,56,56,56,56,56,56],"damage_taken":[{"damage":0.0,"enemies":"Small Slimes","floor":1.0,"turns":5.0},{"damage":0.0,"enemies":"2 Louse","floor":3.0,"turns":4.0},{"damage":15.0,"enemies":"3 Sentries","floor":7.0,"turns":10.0},{"damage":0.0,"enemies":"Cultist","floor":8.0,"turns":4.0},{"damage":0.0,"enemies":"2 Fungi Beasts","floor":10.0,"turns":4.0},{"damage":1.0,"enemies":"Lagavulin","floor":12.0,"turns":6.0},{"damage":0.0,"enemies":"3 Sentries","floor":14.0,"turns":6.0},{"damage":3.0,"enemies":"Hexaghost","floor":16.0,"turns":9.0},{"damage":0.0,"enemies":"3 Byrds","floor":18.0,"turns":5.0},{"damage":27.0,"enemies":"Masked Bandits","floor":20.0,"turns":6.0},{"damage":11.0,"enemies":"Book of Stabbing","floor":24.0,"turns":6.0},{"damage":5.0,"enemies":"Gremlin Leader","floor":27.0,"turns":7.0},{"damage":0.0,"enemies":"Chosen","floor":28.0,"turns":3.0},{"damage":1.0,"enemies":"Book of Stabbing","floor":30.0,"turns":7.0},{"damage":0.0,"enemies":"Centurion and Healer","floor":31.0,"turns":7.0},{"damage":2.0,"enemies":"Champ","floor":33.0,"turns":14.0},{"damage":0.0,"enemies":"3 Shapes","floor":35.0,"turns":4.0},{"damage":0.0,"enemies":"Mind Bloom Boss Battle","floor":36.0,"turns":6.0},{"damage":0.0,"enemies":"Orb Walker","floor":39.0,"turns":5.0},{"damage":9.0,"enemies":"Nemesis","floor":40.0,"turns":9.0},{"damage":2.0,"enemies":"Sphere and 2 Shapes","floor":42.0,"turns":4.0},{"damage":0.0,"enemies":"4 Shapes","floor":44.0,"turns":6.0},{"damage":0.0,"enemies":"Giant Head","floor":45.0,"turns":8.0},{"damage":0,"enemies":"2 Orb Walkers","floor":46,"turns":8},{"damage":15,"enemies":"Transient","floor":48,"turns":6},{"damage":5,"enemies":"Awakened One","floor":50,"turns":19},{"damage":20,"enemies":"Time Eater","floor":51,"turns":15},{"damage":7,"enemies":"Shield and Spear","floor":55,"turns":8},{"damage":7,"enemies":"The Heart","floor":56,"turns":7}],"seed_played":"601154206778821369","potions_obtained":[{"floor":1.0,"key":"PowerPotion"},{"floor":3.0,"key":"FearPotion"},{"floor":12.0,"key":"EntropicBrew"},{"floor":31.0,"key":"Block Potion"},{"floor":39.0,"key":"FearPotion"},{"floor":46,"key":"GhostInAJar"},{"floor":48,"key":"PowerPotion"}],"is_trial":false,"path_per_floor":["M","?","M","?","$","R","E","M","T","M","$","E","R","E","R","B",null,"M","?","?","?","$","R","E","R","T","E","M","$","E","M","R","B",null,"M","?","?","?","M","E","R","M","T","M","E","?","$","M","R","B","B",null,"R","$","E","B",null],"character_chosen":"THE_SILENT","items_purchased":["Apotheosis","Lantern","Deadly Poison","Blur","Well Laid Plans","Footwork","OrangePellets","Caltrops","Anchor","Calculated Gamble+1","Ancient Potion"],"campfire_rested":2,"item_purchase_floors":[5,5,11,11,22,29,47,47,54,54,54],"current_hp_per_floor":[44,60,60,60,60,60,45,45,45,45,45,44,44,44,44,41,60,62,43,16,16,16,37,28,50,50,45,45,45,44,44,44,42,67,69,69,69,69,69,67,67,65,65,65,65,65,65,52,52,47,27,71,71,71,64,57],"gold":123,"neow_bonus":"TWO_FIFTY_GOLD","is_prod":false,"is_daily":false,"chose_seed":false,"campfire_upgraded":5,"win_rate":0,"timestamp":1564302736,"path_taken":["M","?","M","?","$","R","E","M","T","M","$","E","R","E","R","BOSS","M","?","?","?","$","R","E","R","T","E","M","$","E","M","R","BOSS","M","?","?","?","?","E","R","M","T","M","E","?","$","M","R","BOSS","BOSS","R","$","E","BOSS"],"build_version":"2019-07-17","purchased_purges":1,"victory":true,"max_hp_per_floor":[66,66,66,66,66,66,66,66,66,66,66,66,66,66,66,66,66,68,73,73,73,73,73,75,75,75,75,75,75,75,75,75,75,75,77,77,77,77,77,84,84,84,84,84,84,84,84,86,86,86,86,86,86,86,86,86],"card_choices":[{"not_picked":["Catalyst","Caltrops"],"picked":"Dash","floor":1.0},{"not_picked":["Acrobatics","Quick Slash"],"picked":"Deadly Poison","floor":3.0},{"not_picked":["Acrobatics","Flying Knee"],"picked":"Leg Sweep","floor":7.0},{"not_picked":["Envenom","All Out Attack","Terror"],"picked":"SKIP","floor":8.0},{"not_picked":["Accuracy","Underhanded Strike"],"picked":"Skewer","floor":10.0},{"not_picked":["Bane","Endless Agony"],"picked":"Backstab","floor":12.0},{"not_picked":["Poisoned Stab","Tactician"],"picked":"After Image","floor":14.0},{"not_picked":["After Image","Night Terror"],"picked":"Adrenaline","floor":16.0},{"not_picked":["Dagger Throw+1","Skewer","Poisoned Stab"],"picked":"Singing Bowl","floor":18.0},{"not_picked":["Endless Agony","Masterful Stab"],"picked":"Backflip","floor":20.0},{"not_picked":["Flying Knee","Distraction","Acrobatics+1"],"picked":"Singing Bowl","floor":24.0},{"not_picked":["Predator","Sucker Punch"],"picked":"Crippling Poison","floor":27.0},{"not_picked":["Slice","Dodge and Roll+1"],"picked":"Acrobatics+1","floor":28.0},{"not_picked":["Calculated Gamble+1","Deflect+1"],"picked":"Catalyst+1","floor":30.0},{"not_picked":["Finisher","Backflip+1"],"picked":"Footwork","floor":31.0},{"not_picked":["Storm of Steel+1","Doppelganger+1"],"picked":"Malaise+1","floor":33.0},{"not_picked":["Quick Slash","Dagger Spray","Deadly Poison+1"],"picked":"Singing Bowl","floor":35.0},{"not_picked":["Cloak And Dagger+1","Underhanded Strike"],"picked":"Dodge and Roll+1","floor":36.0},{"not_picked":["Dagger Throw","Blade Dance+1"],"picked":"Footwork","floor":39.0},{"not_picked":["Doppelganger+1","Flechettes"],"picked":"Bouncing Flask+1","floor":40.0},{"not_picked":["Acrobatics+1","Cloak And Dagger+1"],"picked":"Noxious Fumes","floor":42.0},{"not_picked":["Tactician+1","Setup+1"],"picked":"Backflip+1","floor":44.0},{"not_picked":["Poisoned Stab+1","Outmaneuver+1"],"picked":"PiercingWail+1","floor":45},{"not_picked":["Flying Knee+1","Outmaneuver+1"],"picked":"Catalyst+1","floor":46},{"not_picked":["Cloak And Dagger+1","Bane","Skewer"],"picked":"Singing Bowl","floor":48},{"not_picked":["A Thousand Cuts","Calculated Gamble+1"],"picked":"Dodge and Roll+1","floor":55}],"player_experience":1849267,"relics_obtained":[{"floor":7.0,"key":"Oddly Smooth Stone"},{"floor":9.0,"key":"Art of War"},{"floor":12.0,"key":"Singing Bowl"},{"floor":14.0,"key":"Ninja Scroll"},{"floor":20.0,"key":"Red Mask"},{"floor":24.0,"key":"Omamori"},{"floor":26.0,"key":"Bag of Preparation"},{"floor":27.0,"key":"Toxic Egg 2"},{"floor":30.0,"key":"Potion Belt"},{"floor":36.0,"key":"Calipers"},{"floor":40.0,"key":"Blue Candle"},{"floor":40.0,"key":"Strawberry"},{"floor":45,"key":"Tough Bandages"},{"floor":45,"key":"Bottled Tornado"},{"floor":46,"key":"Peace Pipe"},{"floor":55,"key":"Letter Opener"}],"event_choices":[{"damage_healed":16.0,"max_hp_gain":0.0,"max_hp_loss":0.0,"gold_gain":0.0,"event_name":"The Cleric","player_choice":"Healed","floor":2.0,"gold_loss":35.0,"damage_taken":0.0},{"damage_healed":0.0,"max_hp_gain":0.0,"max_hp_loss":0.0,"gold_gain":64.0,"event_name":"Golden Wing","player_choice":"Gained Gold","floor":4.0,"gold_loss":0.0,"damage_taken":0.0},{"damage_healed":0.0,"max_hp_gain":5.0,"max_hp_loss":0.0,"gold_gain":0.0,"event_name":"Forgotten Altar","player_choice":"Shed Blood","floor":19.0,"gold_loss":0.0,"damage_taken":24.0},{"damage_healed":0.0,"max_hp_gain":0.0,"max_hp_loss":0.0,"gold_gain":0.0,"event_name":"Masked Bandits","player_choice":"Fought Bandits","floor":20.0,"gold_loss":0.0,"damage_taken":0.0},{"cards_removed":["Strike_G"],"damage_healed":0.0,"max_hp_gain":0.0,"max_hp_loss":0.0,"gold_gain":0.0,"event_name":"Beggar","player_choice":"Gave Gold","floor":21.0,"gold_loss":75.0,"damage_taken":0.0},{"damage_healed":0.0,"max_hp_gain":0.0,"max_hp_loss":0.0,"gold_gain":0.0,"event_name":"MindBloom","player_choice":"Fight","floor":36.0,"gold_loss":0.0,"damage_taken":0.0},{"damage_healed":0.0,"max_hp_gain":0.0,"max_hp_loss":0.0,"gold_gain":222.0,"event_name":"Tomb of Lord Red Mask","player_choice":"Wore Mask","floor":37.0,"gold_loss":0.0,"damage_taken":0.0},{"damage_healed":0.0,"max_hp_gain":0.0,"max_hp_loss":0.0,"gold_gain":0.0,"event_name":"Upgrade Shrine","player_choice":"Upgraded","floor":38.0,"gold_loss":0.0,"damage_taken":0.0,"cards_upgraded":["Footwork"]},{"damage_healed":0,"gold_gain":0,"player_choice":"Fight","damage_taken":0,"max_hp_gain":0,"max_hp_loss":0,"event_name":"Mysterious Sphere","floor":46,"gold_loss":0}],"is_beta":false,"boss_relics":[{"not_picked":["Tiny House","White Beast Statue"],"picked":"Cursed Key"},{"not_picked":["Philosopher\u0027s Stone","Busted Crown"],"picked":"Black Star"}],"items_purged_floors":[47],"is_endless":false,"potions_floor_spawned":[1,3,12,18,24,28,31,39,40,46,48],"ascension_level":20}