{"path_per_floor":["M","$","M","M","?","E","R","M","T","$","M","R","T","E","R","B",null,"M","M","$","?","M","R","E","?","T","E","$","R","E","M","R","B",null,"M","M","?","M","?","R","E","M","T","T","?","M","M","M","R"],"character_chosen":"IRONCLAD","items_purchased":["Sword Boomerang","Orichalcum","Mind Blast+1","Fire Breathing","Fruit Juice","Whirlwind+1"],"gold_per_floor":[119,21,36,53,228,263,263,276,276,20,30,30,30,60,60,155,155,169,179,8,8,22,22,51,51,51,81,50,50,75,87,87,182,182,196,215,0,11,11,11,46,56,86,86,86,96,106,121,121,121],"floor_reached":50,"campfire_rested":4,"playtime":1999,"item_purchase_floors":[2,10,10,20,20,28],"current_hp_per_floor":[59,59,65,71,71,11,35,31,31,31,25,25,25,21,45,25,66,64,58,58,58,26,51,20,20,20,26,26,26,28,27,27,12,35,41,42,42,42,37,37,15,21,21,21,21,15,21,22,34,0],"items_purged":["Pain"],"gold":121,"score":872,"play_id":"c400c7dd-cf19-4465-b900-d8dfaab07c2b","local_time":"20180616211324","is_prod":false,"is_daily":false,"chose_seed":false,"is_ascension_mode":true,"campfire_upgraded":4,"win_rate":0,"timestamp":1529176404,"campfire_choices":[{"floor":7,"key":"REST"},{"data":"Perfected Strike","floor":12,"key":"SMITH"},{"floor":15,"key":"REST"},{"floor":23,"key":"REST"},{"data":"Fire Breathing","floor":29,"key":"SMITH"},{"data":"Uppercut","floor":32,"key":"SMITH"},{"data":"Spot Weakness","floor":40,"key":"SMITH"},{"floor":49,"key":"REST"}],"path_taken":["M","$","M","M","?","E","R","?","T","$","M","R","?","E","R","BOSS","M","M","$","?","M","R","E","?","T","E","?","R","E","M","R","BOSS","M","M","?","M","?","R","E","M","T","?","?","M","M","M","R","BOSS"],"build_version":"2018-06-14v2","seed_source_timestamp":43825384430838,"purchased_purges":1,"victory":false,"master_deck":["Strike_R","Strike_R","Strike_R","Strike_R","Strike_R","Defend_R","Defend_R","Defend_R","Defend_R","Bash","Clothesline","Sword Boomerang","Perfected Strike+1","Shrug It Off","Doubt","Pommel Strike","Uppercut+1","Mind Blast+1","Wild Strike+1","Bludgeon+1","Impervious","Ghostly Armor","Cleave+1","Fire Breathing+1","Perfected Strike+1","Iron Wave+1","Ghostly","Ghostly","Ghostly","Ghostly","Ghostly","Spot Weakness+1","Whirlwind+1","Evolve+1","Thunderclap+1","Immolate+1","Clothesline+1","Perfected Strike+1","Body Slam+1","Madness","Madness","Whirlwind+1","Flex+1","Armaments+1","Heavy Blade+1","Impervious"],"max_hp_per_floor":[80,80,80,80,80,80,80,80,80,80,80,80,80,80,80,80,80,80,80,80,80,85,85,85,42,42,42,42,42,42,42,42,42,42,42,42,42,42,42,42,42,42,42,42,42,42,42,42,42,42],"relics":["Burning Blood","Turnip","Shuriken","Molten Egg 2","Orichalcum","Juzu Bracelet","Mummified Hand","Velvet Choker","Art of War","The Courier","Omamori","Toolbox","Mark of Pain","Red Mask","Self Forming Clay","Tiny Chest","Gremlin Horn"],"card_choices":[{"not_picked":["Intimidate","Anger"],"picked":"Clothesline","floor":1},{"not_picked":["Warcry","Power Through"],"picked":"Perfected Strike","floor":3},{"not_picked":["Thunderclap","Twin Strike"],"picked":"Shrug It Off","floor":4},{"not_picked":["Cleave","Body Slam"],"picked":"Pommel Strike","floor":6},{"not_picked":["True Grit","Heavy Blade"],"picked":"Uppercut","floor":8},{"not_picked":["Havoc","Warcry"],"picked":"Wild Strike+1","floor":11},{"not_picked":["Dual Wield","Wild Strike+1"],"picked":"Bludgeon+1","floor":14},{"not_picked":["Exhume","Double Tap"],"picked":"Impervious","floor":16},{"not_picked":["Power Through","Evolve"],"picked":"Ghostly Armor","floor":18},{"not_picked":["Armaments","Pommel Strike+1"],"picked":"Cleave+1","floor":19},{"not_picked":["Searing Blow+1","Shrug It Off"],"picked":"Perfected Strike+1","floor":22},{"not_picked":["Bludgeon+1","Sword Boomerang+1"],"picked":"Iron Wave+1","floor":24},{"not_picked":["Clash+1","Bloodletting"],"picked":"Spot Weakness","floor":27},{"not_picked":["Power Through+1","Clothesline+1"],"picked":"Evolve+1","floor":30},{"not_picked":["True Grit","Iron Wave+1"],"picked":"Thunderclap+1","floor":31},{"not_picked":["Exhume","Barricade"],"picked":"Immolate+1","floor":33},{"not_picked":["Infernal Blade+1","Wild Strike+1"],"picked":"Clothesline+1","floor":35},{"not_picked":["Havoc+1","Combust"],"picked":"Perfected Strike+1","floor":36},{"not_picked":["Clash+1","Thunderclap+1"],"picked":"Body Slam+1","floor":38},{"not_picked":["Dual Wield+1","Bludgeon+1"],"picked":"Whirlwind+1","floor":41},{"not_picked":["Clothesline+1","Thunderclap+1"],"picked":"Flex+1","floor":42},{"not_picked":["Anger+1","Burning Pact+1"],"picked":"Armaments+1","floor":46},{"not_picked":["Warcry","Twin Strike+1"],"picked":"Heavy Blade+1","floor":47},{"not_picked":["Corruption","True Grit+1"],"picked":"Impervious","floor":48}],"player_experience":346935,"potions_floor_usage":[18,22,33,33,46,46,46,46,50,50],"damage_taken":[{"damage":19,"enemies":"Jaw Worm","floor":1,"turns":4},{"damage":0,"enemies":"Cultist","floor":3,"turns":4},{"damage":0,"enemies":"Small Slimes","floor":4,"turns":3},{"damage":66,"enemies":"Lagavulin","floor":6,"turns":10},{"damage":10,"enemies":"Blue Slaver","floor":8,"turns":4},{"damage":12,"enemies":"Large Slime","floor":11,"turns":4},{"damage":10,"enemies":"Gremlin Nob","floor":14,"turns":3},{"damage":26,"enemies":"The Guardian","floor":16,"turns":9},{"damage":8,"enemies":"Shell Parasite","floor":18,"turns":2},{"damage":12,"enemies":"3 Byrds","floor":19,"turns":6},{"damage":43,"enemies":"Centurion and Healer","floor":22,"turns":7},{"damage":37,"enemies":"Gremlin Leader","floor":24,"turns":6},{"damage":0,"enemies":"Slavers","floor":27,"turns":5},{"damage":4,"enemies":"Book of Stabbing","floor":30,"turns":3},{"damage":7,"enemies":"Slaver and Parasite","floor":31,"turns":2},{"damage":21,"enemies":"Automaton","floor":33,"turns":9},{"damage":0,"enemies":"Orb Walker","floor":35,"turns":3},{"damage":3,"enemies":"Flame Bruiser 1 Orb","floor":36,"turns":4},{"damage":3,"enemies":"Sphere and 2 Shapes","floor":38,"turns":3},{"damage":28,"enemies":"Giant Head","floor":41,"turns":7},{"damage":0,"enemies":"Transient","floor":42,"turns":5},{"damage":16,"enemies":"Maw","floor":46,"turns":6},{"damage":0,"enemies":"Sphere and 2 Shapes","floor":47,"turns":4},{"damage":5,"enemies":"Spire Growth","floor":48,"turns":4},{"damage":39,"enemies":"Time Eater","floor":50,"turns":5}],"relics_obtained":[{"floor":6,"key":"Shuriken"},{"floor":9,"key":"Molten Egg 2"},{"floor":13,"key":"Juzu Bracelet"},{"floor":14,"key":"Mummified Hand"},{"floor":24,"key":"Art of War"},{"floor":26,"key":"The Courier"},{"floor":27,"key":"Omamori"},{"floor":30,"key":"Toolbox"},{"floor":41,"key":"Self Forming Clay"},{"floor":43,"key":"Tiny Chest"},{"floor":44,"key":"Gremlin Horn"}],"event_choices":[{"event_name":"Liars Game","player_choice":"agreed","floor":5,"damage_taken":0},{"event_name":"Addict","player_choice":"Ignored","floor":21,"damage_taken":0},{"event_name":"Ghosts","player_choice":"Became a Ghost","floor":25,"damage_taken":0},{"event_name":"Tomb of Lord Red Mask","player_choice":"Paid","floor":37,"damage_taken":0},{"event_name":"Winding Halls","player_choice":"Embrace Madness","floor":39,"damage_taken":0},{"event_name":"The Moai Head","player_choice":"Ignored","floor":45,"damage_taken":0}],"boss_relics":[{"not_picked":["Astrolabe","White Beast Statue"],"picked":"Velvet Choker"},{"not_picked":["Pandora\u0027s Box","Black Blood"],"picked":"Mark of Pain"}],"items_purged_floors":[2],"is_endless":false,"potions_floor_spawned":[8,16,19,27,38,42,47],"seed_played":"6667457029897208582","killed_by":"Time Eater","ascension_level":9,"potions_obtained":[{"floor":8,"key":"Strength Potion"},{"floor":16,"key":"Ancient Potion"},{"floor":19,"key":"SpeedPotion"},{"floor":27,"key":"Dexterity Potion"},{"floor":38,"key":"BloodPotion"},{"floor":42,"key":"EntropicBrew"},{"floor":47,"key":"Dexterity Potion"}],"is_trial":false}