{"path_per_floor":["M","M","M","M","M","E","R","M","T","E","?","$","T","M","R"],"character_chosen":"THE_SILENT","items_purchased":["Meat on the Bone"],"gold_per_floor":[111,123,138,150,162,188,188,200,200,226,326,76,124,144,144,144],"floor_reached":16,"campfire_rested":0,"playtime":1302,"current_hp_per_floor":[68,68,68,63,57,40,40,35,35,25,25,25,25,35,35,0],"items_purged":[],"gold":144,"score":114,"play_id":"e675fe50-cd9a-480d-afa9-d12ea3569765","local_time":"20180513174845","is_prod":false,"is_daily":false,"chose_seed":false,"is_ascension_mode":false,"campfire_upgraded":2,"timestamp":1526226525,"path_taken":["M","M","?","?","M","E","R","M","T","E","?","$","?","M","R","BOSS"],"build_version":"2018-05-10","seed_source_timestamp":25716316495301,"purchased_purges":0,"victory":false,"master_deck":["Defend_G","Defend_G","Defend_G","Defend_G","Defend_G","Strike_G","Strike_G","Strike_G","Strike_G","Strike_G","Survivor","Neutralize","Dagger Spray","Underhanded Strike","Prepared","Corpse Explosion+1","Terror+1","Underhanded Strike","Escape Plan","PiercingWail","Deadly Poison"],"max_hp_per_floor":[70,70,70,70,70,70,70,70,70,70,70,70,70,70,70,70],"relics":["Ring of the Snake","Tough Bandages","Smiling Mask","Matryoshka","Meat on the Bone","Bag of Preparation","Dream Catcher"],"card_choices":[{"not_picked":["Deadly Poison","Riddle With Holes"],"picked":"Dagger Spray","floor":1},{"not_picked":["Calculated Gamble","Acrobatics"],"picked":"Underhanded Strike","floor":2},{"not_picked":["Slice","Dodge and Roll"],"picked":"Prepared","floor":3},{"not_picked":["Backflip","Footwork"],"picked":"Corpse Explosion","floor":4},{"not_picked":["Leg Sweep","Bane"],"picked":"Terror","floor":5},{"not_picked":["Phantasmal Killer","PiercingWail"],"picked":"Underhanded Strike","floor":6},{"not_picked":["Bane","Dagger Spray"],"picked":"Escape Plan","floor":8},{"not_picked":["Quick Slash","Acrobatics"],"picked":"PiercingWail","floor":10},{"not_picked":["Phantasmal Killer","Blur"],"picked":"Deadly Poison","floor":14}],"player_experience":34121,"potions_floor_usage":[4,4,10,10],"damage_taken":[{"damage":2,"enemies":"Cultist","floor":1,"turns":5},{"damage":0,"enemies":"2 Louse","floor":2,"turns":3},{"damage":0,"enemies":"Jaw Worm","floor":3,"turns":3},{"damage":5,"enemies":"Lots of Slimes","floor":4,"turns":1},{"damage":6,"enemies":"Blue Slaver","floor":5,"turns":4},{"damage":17,"enemies":"3 Sentries","floor":6,"turns":10},{"damage":5,"enemies":"3 Louse","floor":8,"turns":3},{"damage":10,"enemies":"Lagavulin","floor":10,"turns":5},{"damage":2,"enemies":"Exordium Wildlife","floor":14,"turns":6},{"damage":44,"enemies":"Slime Boss","floor":16,"turns":9}],"event_choices":[{"event_name":"Wheel of Change","player_choice":"Gold","floor":11,"damage_taken":0}],"boss_relics":[],"potions_floor_spawned":[3,5,6,8],"seed_played":"2080292791481801790","killed_by":"Slime Boss","ascension_level":0,"is_trial":false}