{"gold_per_floor":[115,115,115,115,133,133,146,185,185,210,135,135,210,210,210,303,303,316,47,172,197,197,197,221,221,245,268,268,311,331,372,372,462,462,487,224,249,269,14,14,30,69,93,127,143,167,167,207,207,207,207,207,50,50],"floor_reached":54,"playtime":2587,"items_purged":["Strike_R","Strike_R"],"score":1616,"play_id":"317e03bc-1aef-466a-82d6-3c88997e2fad","local_time":"20181215222106","is_ascension_mode":true,"campfire_choices":[{"data":"Bludgeon","floor":6,"key":"SMITH"},{"data":"Whirlwind","floor":12,"key":"SMITH"},{"data":"Inflame","floor":15,"key":"SMITH"},{"floor":23,"key":"REST"},{"data":"Feed","floor":25,"key":"SMITH"},{"data":"Heavy Blade","floor":28,"key":"SMITH"},{"data":"Armaments","floor":32,"key":"SMITH"},{"data":"Shockwave","floor":40,"key":"SMITH"},{"data":"Inflame","floor":47,"key":"SMITH"},{"floor":49,"key":"RECALL"},{"data":"Disarm","floor":52,"key":"SMITH"}],"neow_cost":"NONE","seed_source_timestamp":44278046211336,"circlet_count":0,"master_deck":["AscendersBane","Strike_R","Defend_R","Defend_R","Defend_R","Defend_R","Bash","Whirlwind+1","Bludgeon+1","Inflame+1","Warcry","Havoc","Feed+1","Spot Weakness+1","Reaper","Shrug It Off","Heavy Blade+1","Immolate","Shrug It Off","Armaments+1","Carnage+1","Shockwave+1","Dark Embrace","Corruption","Inflame+1","Exhume","Parasite","Disarm+1"],"relics":["Burning Blood","NeowsBlessing","Golden Idol","Dream Catcher","Mummified Hand","Snecko Eye","Nunchaku","Sundial","Art of War","Bag of Marbles","Potion Belt","Velvet Choker","Bottled Tornado","Vajra","Orichalcum","Ornamental Fan","Happy Flower","Bronze Scales"],"potions_floor_usage":[8,21,30,33,33,50,54],"damage_taken":[{"damage":0,"enemies":"Jaw Worm","floor":1,"turns":1},{"damage":0,"enemies":"2 Louse","floor":5,"turns":1},{"damage":0,"enemies":"Cultist","floor":7,"turns":1},{"damage":8,"enemies":"Gremlin Nob","floor":8,"turns":3},{"damage":10,"enemies":"2 Fungi Beasts","floor":10,"turns":4},{"damage":38,"enemies":"Slime Boss","floor":16,"turns":5},{"damage":7,"enemies":"2 Thieves","floor":18,"turns":3},{"damage":19,"enemies":"Colosseum Slavers","floor":20,"turns":4},{"damage":44,"enemies":"Colosseum Nobs","floor":20,"turns":4},{"damage":25,"enemies":"Chosen","floor":21,"turns":4},{"damage":8,"enemies":"3 Cultists","floor":24,"turns":3},{"damage":0,"enemies":"Snake Plant","floor":27,"turns":2},{"damage":39,"enemies":"Book of Stabbing","floor":29,"turns":3},{"damage":0,"enemies":"Centurion and Healer","floor":30,"turns":1},{"damage":24,"enemies":"Slavers","floor":31,"turns":3},{"damage":88,"enemies":"Automaton","floor":33,"turns":7},{"damage":0,"enemies":"3 Shapes","floor":35,"turns":1},{"damage":0,"enemies":"Orb Walker","floor":37,"turns":2},{"damage":19,"enemies":"Maw","floor":38,"turns":5},{"damage":19,"enemies":"Sphere and 2 Shapes","floor":41,"turns":2},{"damage":30,"enemies":"Giant Head","floor":42,"turns":5},{"damage":15,"enemies":"Nemesis","floor":44,"turns":3},{"damage":0,"enemies":"Writhing Mass","floor":45,"turns":2},{"damage":8,"enemies":"Jaw Worm Horde","floor":46,"turns":2},{"damage":0,"enemies":"Reptomancer","floor":48,"turns":2},{"damage":100,"enemies":"Awakened One","floor":50,"turns":8},{"damage":103,"enemies":"Shield and Spear","floor":54,"turns":3}],"seed_played":"3594786592767730436","potions_obtained":[{"floor":1,"key":"Fruit Juice"},{"floor":5,"key":"Strength Potion"},{"floor":20,"key":"Weak Potion"},{"floor":24,"key":"Fire Potion"},{"floor":30,"key":"SpeedPotion"},{"floor":31,"key":"Swift Potion"},{"floor":33,"key":"SkillPotion"},{"floor":37,"key":"Ancient Potion"},{"floor":38,"key":"GamblersBrew"},{"floor":41,"key":"Swift Potion"}],"is_trial":false,"path_per_floor":["M","?","?","?","M","R","M","E","T","M","$","R","?","?","R","B",null,"M","$","?","M","?","R","M","R","T","M","R","E","M","E","R","B",null,"M","$","M","M","$","R","M","E","T","E","M","M","R","E","R","B",null,"R","$","E"],"character_chosen":"IRONCLAD","items_purchased":["Reaper","Bottled Tornado","Corruption","Vajra","Bronze Scales"],"campfire_rested":1,"item_purchase_floors":[19,36,39,39,53],"current_hp_per_floor":[74,48,53,53,59,59,65,63,63,59,59,59,48,48,48,16,64,66,66,34,18,18,43,56,56,56,69,69,43,54,76,76,11,76,82,82,88,87,87,87,88,73,73,89,95,93,93,110,110,38,92,92,92,0],"gold":50,"neow_bonus":"THREE_ENEMY_KILL","is_prod":false,"is_daily":false,"chose_seed":false,"campfire_upgraded":9,"win_rate":0,"timestamp":1544908866,"path_taken":["M","?","?","?","M","R","?","E","T","M","$","R","?","?","R","BOSS","M","$","?","M","?","R","M","R","T","M","R","E","M","E","R","BOSS","M","$","M","M","$","R","M","E","T","E","?","M","R","E","R","BOSS","R","$","E"],"build_version":"2018-12-13","purchased_purges":2,"victory":false,"max_hp_per_floor":[75,75,80,80,80,80,80,80,80,80,80,80,80,80,80,80,80,83,83,83,86,86,86,89,89,89,89,89,89,94,98,98,98,98,98,98,98,98,98,98,102,102,102,106,106,106,106,110,110,110,110,110,110,110],"card_choices":[{"not_picked":["Sword Boomerang","Perfected Strike"],"picked":"Whirlwind","floor":1},{"not_picked":["Perfected Strike","Thunderclap"],"picked":"Inflame","floor":5},{"not_picked":["Thunderclap","Searing Blow"],"picked":"Warcry","floor":7},{"not_picked":["Blood for Blood","Clash","Feel No Pain"],"picked":"SKIP","floor":8},{"not_picked":["Anger","Wild Strike"],"picked":"Havoc","floor":10},{"not_picked":["Double Tap","Bludgeon"],"picked":"Feed","floor":16},{"not_picked":["Armaments","Carnage"],"picked":"Spot Weakness+1","floor":18},{"not_picked":["Searing Blow","Sword Boomerang"],"picked":"Shrug It Off","floor":21},{"not_picked":["Thunderclap+1","Havoc"],"picked":"Heavy Blade","floor":23},{"not_picked":["Wild Strike+1","Bloodletting"],"picked":"Immolate","floor":24},{"not_picked":["Shrug It Off","Wild Strike","Flex"],"picked":"SKIP","floor":27},{"not_picked":["Wild Strike","Flex"],"picked":"Shrug It Off","floor":27},{"not_picked":["Second Wind","Wild Strike"],"picked":"Armaments","floor":29},{"not_picked":["Clothesline+1","Warcry"],"picked":"Carnage+1","floor":30},{"not_picked":["Warcry","Clothesline+1"],"picked":"Shockwave","floor":31},{"not_picked":["Immolate","Brutality"],"picked":"Dark Embrace","floor":33},{"not_picked":["Rage+1","Anger","Thunderclap"],"picked":"SKIP","floor":35},{"not_picked":["Burning Pact+1","Iron Wave","Evolve"],"picked":"SKIP","floor":37},{"not_picked":["Pommel Strike","Body Slam","Wild Strike+1"],"picked":"SKIP","floor":38},{"not_picked":["Searing Blow","Iron Wave+1","Warcry"],"picked":"SKIP","floor":41},{"not_picked":["Sword Boomerang","Power Through"],"picked":"Inflame","floor":42},{"not_picked":["Cleave+1","Body Slam"],"picked":"Exhume","floor":44},{"not_picked":["Heavy Blade","Evolve+1","Blood for Blood"],"picked":"SKIP","floor":45},{"not_picked":["Intimidate+1","Spot Weakness","Sword Boomerang"],"picked":"SKIP","floor":46},{"not_picked":["Clothesline","Intimidate"],"picked":"Disarm","floor":48}],"player_experience":1029525,"relics_obtained":[{"floor":8,"key":"Dream Catcher"},{"floor":9,"key":"Mummified Hand"},{"floor":20,"key":"Nunchaku"},{"floor":20,"key":"Sundial"},{"floor":26,"key":"Art of War"},{"floor":29,"key":"Bag of Marbles"},{"floor":31,"key":"Potion Belt"},{"floor":42,"key":"Orichalcum"},{"floor":44,"key":"Ornamental Fan"},{"floor":48,"key":"Happy Flower"}],"event_choices":[{"damage_healed":0,"gold_gain":0,"player_choice":"Take Damage","damage_taken":26,"relics_obtained":["Golden Idol"],"max_hp_gain":0,"max_hp_loss":0,"event_name":"Golden Idol","floor":2,"gold_loss":0},{"damage_healed":0,"gold_gain":0,"player_choice":"Donut","damage_taken":0,"max_hp_gain":5,"max_hp_loss":0,"event_name":"Big Fish","floor":3,"gold_loss":0},{"damage_healed":0,"gold_gain":0,"cards_transformed":["Strike_R"],"player_choice":"Transformed","damage_taken":0,"max_hp_gain":0,"max_hp_loss":0,"event_name":"Transmorgrifier","floor":4,"gold_loss":0,"cards_obtained":["Bludgeon"]},{"damage_healed":0,"gold_gain":75,"player_choice":"Gather Gold","damage_taken":11,"max_hp_gain":0,"max_hp_loss":0,"event_name":"World of Goop","floor":13,"gold_loss":0},{"damage_healed":0,"gold_gain":0,"player_choice":"Ignored","damage_taken":0,"max_hp_gain":0,"max_hp_loss":0,"event_name":"Liars Game","floor":14,"gold_loss":0},{"damage_healed":0,"gold_gain":0,"player_choice":"Fight","damage_taken":0,"max_hp_gain":0,"max_hp_loss":0,"event_name":"Colosseum","floor":20,"gold_loss":0},{"damage_healed":0,"gold_gain":0,"player_choice":"Fought Nobs","damage_taken":0,"max_hp_gain":0,"max_hp_loss":0,"event_name":"Colosseum","floor":20,"gold_loss":0},{"cards_removed":["Strike_R"],"damage_healed":0,"gold_gain":0,"player_choice":"Purged","damage_taken":0,"max_hp_gain":0,"max_hp_loss":0,"event_name":"Purifier","floor":22,"gold_loss":0}],"is_beta":true,"boss_relics":[{"not_picked":["Calling Bell","Cursed Key"],"picked":"Snecko Eye"},{"not_picked":["Black Star","Runic Cube"],"picked":"Velvet Choker"}],"items_purged_floors":[11,19],"is_endless":false,"potions_floor_spawned":[1,5,20,24,30,31,33,37,38,41,45],"killed_by":"Shield and Spear","ascension_level":19}