{"gold_per_floor":[117,117,128,146,165,165,194,211,262,262],"floor_reached":10,"playtime":2720,"items_purged":[],"score":116,"play_id":"c7f06c1b-613b-49f9-a8cf-a5b3a709722a","local_time":"20181013171418","is_ascension_mode":true,"campfire_choices":[{"floor":6,"key":"REST"}],"neow_cost":"PERCENT_DAMAGE","seed_source_timestamp":30440472490445,"circlet_count":0,"master_deck":["Defend_G","Defend_G","Defend_G","Defend_G","Defend_G","Strike_G","Strike_G","Strike_G+1","Strike_G","Strike_G","Survivor","Neutralize","AscendersBane","Blur+1","Blade Dance","Bane","Deadly Poison","Dagger Throw","Blade Dance"],"relics":["Ring of the Snake","Orichalcum","Regal Pillow"],"potions_floor_usage":[7],"damage_taken":[{"damage":7,"enemies":"Small Slimes","floor":1,"turns":5},{"damage":8,"enemies":"Jaw Worm","floor":3,"turns":7},{"damage":0,"enemies":"Cultist","floor":4,"turns":4},{"damage":20,"enemies":"Lots of Slimes","floor":5,"turns":7},{"damage":21,"enemies":"3 Sentries","floor":7,"turns":11},{"damage":4,"enemies":"Blue Slaver","floor":8,"turns":3},{"damage":8,"enemies":"2 Fungi Beasts","floor":10,"turns":2}],"seed_played":"-1691701522062249333","potions_obtained":[{"floor":4,"key":"Poison Potion"},{"floor":5,"key":"Energy Potion"},{"floor":7,"key":"Ancient Potion"}],"is_trial":false,"path_per_floor":["M","?","M","M","M","R","E","M","T"],"character_chosen":"THE_SILENT","items_purchased":[],"campfire_rested":1,"item_purchase_floors":[],"current_hp_per_floor":[52,35,27,27,7,32,11,7,7,0],"gold":262,"neow_bonus":"TWENTY_PERCENT_HP_BONUS","is_prod":false,"is_daily":false,"chose_seed":false,"campfire_upgraded":0,"win_rate":0,"timestamp":1539443658,"path_taken":["M","?","M","M","?","R","E","M","T","M"],"build_version":"2018-10-11","purchased_purges":0,"victory":false,"max_hp_per_floor":[84,84,84,84,84,84,84,84,84,84],"card_choices":[{"not_picked":["Acrobatics","Reflex"],"picked":"Blur","floor":1},{"not_picked":["Dagger Spray","Bouncing Flask"],"picked":"Blade Dance","floor":3},{"not_picked":["Outmaneuver","Quick Slash"],"picked":"Bane","floor":4},{"not_picked":["Heel Hook","Acrobatics"],"picked":"Deadly Poison","floor":5},{"not_picked":["Eviscerate","Acrobatics"],"picked":"Dagger Throw","floor":7},{"not_picked":["Backflip","PiercingWail"],"picked":"Blade Dance","floor":8}],"player_experience":604131,"relics_obtained":[{"floor":7,"key":"Orichalcum"},{"floor":9,"key":"Regal Pillow"}],"event_choices":[{"event_name":"Shining Light","player_choice":"Entered Light","floor":2,"damage_taken":0}],"is_beta":true,"boss_relics":[],"items_purged_floors":[],"is_endless":false,"potions_floor_spawned":[4,5,7,8],"killed_by":"2 Fungi Beasts","ascension_level":13}