{"gold_per_floor":[210,230,230,230,250,250,288,308,308,308,331,365,365,384,384,473,473,492,511,511,33,33],"floor_reached":22,"playtime":887,"items_purged":["Strike_B"],"score":386,"play_id":"144361cd-0095-4850-8dca-a28ed32b31b7","local_time":"20181126130442","is_ascension_mode":true,"campfire_choices":[{"data":"Defragment","floor":6,"key":"SMITH"},{"data":"Zap","floor":10,"key":"SMITH"},{"floor":13,"key":"REST"},{"data":"Echo Form","floor":15,"key":"SMITH"}],"neow_cost":"NONE","seed_source_timestamp":6750643224455,"circlet_count":0,"master_deck":["AscendersBane","Strike_B","Strike_B","Defend_B","Defend_B","Defend_B","Defend_B","Zap+1","Dualcast","Sweeping Beam","Cold Snap","Defragment+1","Echo Form+1","Ball Lightning","Compile Driver","Steam","Cold Snap","Buffer","White Noise+1","Loop","Self Repair","Chill+1"],"relics":["Cracked Core","Golden Idol","Bag of Marbles","Kunai","Calipers","Black Star","Toxic Egg 2"],"potions_floor_usage":[7,12,19,20,20],"damage_taken":[{"damage":1,"enemies":"Cultist","floor":1,"turns":3},{"damage":0,"enemies":"2 Louse","floor":2,"turns":2},{"damage":5,"enemies":"Small Slimes","floor":5,"turns":3},{"damage":14,"enemies":"Lagavulin","floor":7,"turns":7},{"damage":4,"enemies":"3 Louse","floor":8,"turns":2},{"damage":0,"enemies":"Blue Slaver","floor":11,"turns":4},{"damage":30,"enemies":"3 Sentries","floor":12,"turns":5},{"damage":6,"enemies":"Exordium Wildlife","floor":14,"turns":2},{"damage":2,"enemies":"Hexaghost","floor":16,"turns":8},{"damage":13,"enemies":"Chosen","floor":18,"turns":5},{"damage":23,"enemies":"3 Byrds","floor":19,"turns":5},{"damage":10,"enemies":"Centurion and Healer","floor":20,"turns":4},{"damage":16,"enemies":"3 Cultists","floor":22,"turns":4}],"seed_played":"-7239049340677019588","potions_obtained":[{"floor":1,"key":"Weak Potion"},{"floor":5,"key":"SmokeBomb"},{"floor":11,"key":"Explosive Potion"},{"floor":16,"key":"PowerPotion"},{"floor":19,"key":"Block Potion"}],"is_trial":false,"path_per_floor":["M","M","?","?","M","R","E","M","T","R","M","E","R","M","R","B",null,"M","M","M","$","M"],"character_chosen":"DEFECT","items_purchased":["Self Repair","Toxic Egg 2","Chill+1"],"campfire_rested":1,"item_purchase_floors":[21,21,21],"current_hp_per_floor":[63,63,63,63,58,58,44,40,40,40,40,10,29,23,23,21,53,40,17,7,7,0],"gold":33,"neow_bonus":"HUNDRED_GOLD","is_prod":false,"is_daily":false,"chose_seed":false,"campfire_upgraded":3,"win_rate":0,"timestamp":1543233882,"path_taken":["M","?","?","?","M","R","E","?","T","R","M","E","R","M","R","BOSS","M","M","M","$","M"],"build_version":"2018-11-15","purchased_purges":1,"victory":false,"max_hp_per_floor":[71,71,64,64,64,64,64,64,64,64,64,64,64,64,64,64,64,64,64,64,64,64],"card_choices":[{"not_picked":["Aggregate","Go for the Eyes"],"picked":"Sweeping Beam","floor":1},{"not_picked":["Beam Cell","Skim"],"picked":"Cold Snap","floor":2},{"not_picked":["Conserve Battery","Cold Snap"],"picked":"Defragment","floor":5},{"not_picked":["Hologram","Tempest"],"picked":"Echo Form","floor":7},{"not_picked":["Barrage","Leap"],"picked":"Ball Lightning","floor":8},{"not_picked":["Leap","Gash"],"picked":"Compile Driver","floor":11},{"not_picked":["Reprogram","Meteor Strike"],"picked":"Steam","floor":12},{"not_picked":["Self Repair","Doom and Gloom"],"picked":"Cold Snap","floor":14},{"not_picked":["Machine Learning","Echo Form"],"picked":"Buffer","floor":16},{"not_picked":["Redo+1","Lockon"],"picked":"White Noise+1","floor":18},{"not_picked":["Sweeping Beam+1","Scrape"],"picked":"Loop","floor":19}],"player_experience":887484,"relics_obtained":[{"floor":7,"key":"Bag of Marbles"},{"floor":9,"key":"Kunai"},{"floor":12,"key":"Calipers"}],"event_choices":[{"damage_healed":0,"gold_gain":0,"player_choice":"Lose Max HP","damage_taken":0,"relics_obtained":["Golden Idol"],"max_hp_gain":0,"max_hp_loss":7,"event_name":"Golden Idol","floor":3,"gold_loss":0},{"cards_removed":["Strike_B"],"damage_healed":0,"gold_gain":0,"player_choice":"Purged","damage_taken":0,"max_hp_gain":0,"max_hp_loss":0,"event_name":"Purifier","floor":4,"gold_loss":0}],"is_beta":true,"boss_relics":[{"not_picked":["Busted Crown","Orrery"],"picked":"Black Star"}],"items_purged_floors":[21],"is_endless":false,"potions_floor_spawned":[1,5,11,16,19],"killed_by":"3 Cultists","ascension_level":19}