{"gold_per_floor":[119,119,26,26,40,40,67,142,142,171,171,189,204,129,129,206,206,220,220,83,100,36,61,61,75,75,75,100,100,125,142,142,142],"floor_reached":33,"playtime":3265,"items_purged":["Strike_G"],"score":872,"play_id":"314e9406-cc5d-4f17-bcd0-ebc564ec5d0a","local_time":"20190421225401","is_ascension_mode":true,"campfire_choices":[{"data":"Deadly Poison","floor":6,"key":"SMITH"},{"floor":11,"key":"REST"},{"data":"Catalyst","floor":15,"key":"SMITH"},{"data":"Neutralize","floor":24,"key":"SMITH"},{"data":"Ghostly","floor":27,"key":"SMITH"},{"floor":32,"key":"REST"}],"neow_cost":"NONE","seed_source_timestamp":2882391155255,"circlet_count":0,"master_deck":["AscendersBane","Defend_G+1","Defend_G","Defend_G","Defend_G","Defend_G","Survivor","Neutralize+1","Dagger Spray","Poisoned Stab","Infinite Blades","Deadly Poison+1","Cloak And Dagger","Catalyst+1","Finisher","Backstab","Corpse Explosion","Backflip+1","Dagger Throw+1","Catalyst+1","PiercingWail","Ghostly+1","Ghostly","Ghostly","Noxious Fumes","Acrobatics","Dodge and Roll+1"],"relics":["Ring of the Snake","NeowsBlessing","Thread and Needle","Shuriken","Singing Bowl","Astrolabe","Boot","Letter Opener","Tingsha","Omamori","Mercury Hourglass"],"potions_floor_usage":[10,16,30,30],"damage_taken":[{"damage":0,"enemies":"2 Louse","floor":1,"turns":1},{"damage":0,"enemies":"Jaw Worm","floor":5,"turns":1},{"damage":0,"enemies":"3 Sentries","floor":7,"turns":1},{"damage":18,"enemies":"Gremlin Nob","floor":10,"turns":5},{"damage":0,"enemies":"Small Slimes","floor":12,"turns":3},{"damage":1,"enemies":"Blue Slaver","floor":13,"turns":4},{"damage":0,"enemies":"Slime Boss","floor":16,"turns":5},{"damage":27,"enemies":"Chosen","floor":18,"turns":4},{"damage":0,"enemies":"Spheric Guardian","floor":21,"turns":5},{"damage":12,"enemies":"Slavers","floor":23,"turns":4},{"damage":6,"enemies":"Shelled Parasite and Fungi","floor":25,"turns":6},{"damage":0,"enemies":"Book of Stabbing","floor":28,"turns":6},{"damage":3,"enemies":"Slavers","floor":30,"turns":4},{"damage":0,"enemies":"Snake Plant","floor":31,"turns":4},{"damage":34,"enemies":"Automaton","floor":33,"turns":6}],"seed_played":"4654405913563959206","potions_obtained":[{"floor":7,"key":"EssenceOfSteel"},{"floor":10,"key":"SkillPotion"},{"floor":12,"key":"Explosive Potion"},{"floor":13,"key":"Fire Potion"},{"floor":18,"key":"AttackPotion"},{"floor":31,"key":"Strength Potion"}],"is_trial":false,"path_per_floor":["M","?","$","?","M","R","E","?","T","E","R","M","M","$","R","B",null,"M","?","$","M","?","E","R","M","T","R","E","$","E","M","R","B"],"character_chosen":"THE_SILENT","items_purchased":["Poisoned Stab","Infinite Blades","Noxious Fumes","Acrobatics"],"campfire_rested":2,"item_purchase_floors":[3,3,20,20],"current_hp_per_floor":[59,39,39,32,32,32,32,21,21,3,22,22,21,21,21,21,55,28,28,28,30,30,20,20,16,16,16,16,16,15,17,29,0],"gold":142,"neow_bonus":"THREE_ENEMY_KILL","is_prod":false,"is_daily":false,"chose_seed":false,"campfire_upgraded":4,"win_rate":0,"timestamp":1555880041,"path_taken":["M","?","$","?","M","R","E","?","T","E","R","M","M","?","R","BOSS","M","?","$","M","?","E","R","?","T","R","E","$","E","M","R","BOSS"],"build_version":"2019-01-23","purchased_purges":1,"victory":false,"max_hp_per_floor":[66,66,66,66,66,66,66,66,66,66,66,66,66,66,66,66,66,66,33,33,35,35,37,37,39,39,39,39,39,41,43,43,43],"card_choices":[{"not_picked":["Backflip","Distraction"],"picked":"Dagger Spray","floor":1},{"not_picked":["Choke","Concentrate"],"picked":"Deadly Poison","floor":5},{"not_picked":["Phantasmal Killer","All Out Attack"],"picked":"Cloak And Dagger","floor":7},{"not_picked":["Concentrate","Terror"],"picked":"Catalyst","floor":10},{"not_picked":["Acrobatics","Cloak And Dagger"],"picked":"Finisher","floor":12},{"not_picked":["Riddle With Holes","Dagger Throw"],"picked":"Backstab","floor":13},{"not_picked":["Storm of Steel","Burst"],"picked":"Corpse Explosion","floor":16},{"not_picked":["Expertise","Distraction"],"picked":"PiercingWail","floor":18},{"not_picked":["Outmaneuver","Skewer","Slice"],"picked":"Singing Bowl","floor":21},{"not_picked":["Blade Dance","Deadly Poison","Outmaneuver"],"picked":"Singing Bowl","floor":23},{"not_picked":["Bane+1","Dodge and Roll","Slice"],"picked":"Singing Bowl","floor":25},{"not_picked":["Slice","Masterful Stab"],"picked":"Dodge and Roll+1","floor":28},{"not_picked":["Flechettes","Doppelganger","Outmaneuver"],"picked":"Singing Bowl","floor":30},{"not_picked":["Concentrate","Flying Knee","Finisher"],"picked":"Singing Bowl","floor":31}],"player_experience":1610851,"relics_obtained":[{"floor":7,"key":"Thread and Needle"},{"floor":9,"key":"Shuriken"},{"floor":10,"key":"Singing Bowl"},{"floor":23,"key":"Letter Opener"},{"floor":26,"key":"Tingsha"},{"floor":28,"key":"Omamori"},{"floor":30,"key":"Mercury Hourglass"}],"event_choices":[{"damage_healed":0,"gold_gain":0,"player_choice":"Entered Light","damage_taken":20,"max_hp_gain":0,"max_hp_loss":0,"event_name":"Shining Light","floor":2,"gold_loss":0,"cards_upgraded":["Defend_G","Strike_G"]},{"cards_removed":["Strike_G"],"damage_healed":0,"gold_gain":0,"player_choice":"Card Removal","damage_taken":7,"max_hp_gain":0,"max_hp_loss":0,"event_name":"Golden Wing","floor":4,"gold_loss":0},{"damage_healed":0,"gold_gain":75,"player_choice":"Gather Gold","damage_taken":11,"max_hp_gain":0,"max_hp_loss":0,"event_name":"World of Goop","floor":8,"gold_loss":0},{"damage_healed":0,"gold_gain":0,"player_choice":"Became a Ghost","damage_taken":0,"max_hp_gain":0,"max_hp_loss":33,"event_name":"Ghosts","floor":19,"gold_loss":0,"cards_obtained":["Ghostly","Ghostly","Ghostly"]},{"damage_healed":0,"gold_gain":0,"player_choice":"Paid Gold","damage_taken":0,"relics_obtained":["Boot"],"max_hp_gain":0,"max_hp_loss":0,"event_name":"WeMeetAgain","floor":22,"gold_loss":64}],"is_beta":false,"boss_relics":[{"not_picked":["Snecko Eye","White Beast Statue"],"picked":"Astrolabe"}],"items_purged_floors":[14],"is_endless":false,"potions_floor_spawned":[7,10,12,13,18,23,31],"killed_by":"Automaton","ascension_level":20}