{"gold_per_floor":[213,288,298,298,11,11,37,55,82,112,130,159,159,171,171,246,246,263,273,233,96,107,137,149,194,276,302,314,357,284,296,308,393,405,432,444,456,486,54,81,81,106,106,124,124,150,163,24,24,24,24,24,24,24,58,58],"floor_reached":57,"playtime":2644,"items_purged":["Pain","Anger","Strike_R"],"score":3007,"play_id":"fb31204c-aec7-4e9c-93f6-7fc1fbe8b86a","local_time":"20190823000000","is_ascension_mode":true,"campfire_choices":[{"data":"Limit Break","floor":6.0,"key":"SMITH"},{"data":"Inflame","floor":15.0,"key":"SMITH"},{"data":"Demon Form","floor":24.0,"key":"SMITH"},{"floor":28.0,"key":"REST"},{"data":"Feel No Pain","floor":32.0,"key":"SMITH"},{"data":"Impervious","floor":41.0,"key":"SMITH"},{"data":"Heavy Blade","floor":45.0,"key":"SMITH"},{"floor":49.0,"key":"RECALL"},{"data":"Feel No Pain","floor":53.0,"key":"SMITH"}],"neow_cost":"NONE","seed_source_timestamp":0,"circlet_count":0,"master_deck":["AscendersBane","Strike_R","Strike_R","Strike_R","Defend_R","Defend_R","Defend_R","Defend_R","Bash","Pummel","Spot Weakness","Limit Break+1","Rampage","Headbutt","Impervious+1","Cleave","Inflame+1","Reaper","Heavy Blade+1","Battle Trance","Demon Form+1","Dual Wield","Barricade","Feel No Pain+1","Impervious","Sentinel","Feel No Pain+1","Shrug It Off","Feed","Ghostly Armor+1","Heavy Blade+1","Flame Barrier","Corruption","Sword Boomerang"],"special_seed":0,"relics":["Burning Blood","WarpedTongs","Bronze Scales","PreservedInsect","Unceasing Top","Juzu Bracelet","Snecko Eye","MawBank","Ornamental Fan","Pear","Bag of Marbles","Lantern","Runic Dome","OrangePellets","Boot","Strawberry","Pantograph","Blood Vial"],"potions_floor_usage":[],"damage_taken":[{"damage":2.0,"enemies":"Cultist","floor":1.0,"turns":4.0},{"damage":2.0,"enemies":"Jaw Worm","floor":3.0,"turns":5.0},{"damage":10.0,"enemies":"Gremlin Nob","floor":7.0,"turns":3.0},{"damage":5.0,"enemies":"2 Louse","floor":8.0,"turns":2.0},{"damage":30.0,"enemies":"Lagavulin","floor":10.0,"turns":5.0},{"damage":14.0,"enemies":"Lots of Slimes","floor":11.0,"turns":4.0},{"damage":20.0,"enemies":"3 Sentries","floor":12.0,"turns":4.0},{"damage":0.0,"enemies":"2 Fungi Beasts","floor":14.0,"turns":3.0},{"damage":7.0,"enemies":"Hexaghost","floor":16.0,"turns":7.0},{"damage":6.0,"enemies":"Spheric Guardian","floor":18.0,"turns":3.0},{"damage":22.0,"enemies":"Shell Parasite","floor":19.0,"turns":4.0},{"damage":32.0,"enemies":"Snecko","floor":22.0,"turns":5.0},{"damage":15.0,"enemies":"Slavers","floor":23.0,"turns":3.0},{"damage":25.0,"enemies":"Book of Stabbing","floor":25.0,"turns":3.0},{"damage":20.0,"enemies":"3 Cultists","floor":27.0,"turns":3.0},{"damage":37.0,"enemies":"Slavers","floor":29.0,"turns":5.0},{"damage":35.0,"enemies":"Automaton","floor":33.0,"turns":6.0},{"damage":18.0,"enemies":"Orb Walker","floor":35.0,"turns":3.0},{"damage":11.0,"enemies":"3 Shapes","floor":38.0,"turns":8.0},{"damage":51.0,"enemies":"Giant Head","floor":40.0,"turns":7.0},{"damage":31.0,"enemies":"Reptomancer","floor":42.0,"turns":5.0},{"damage":28.0,"enemies":"3 Darklings","floor":44.0,"turns":4.0},{"damage":59.0,"enemies":"Giant Head","floor":46.0,"turns":8.0},{"damage":12.0,"enemies":"Maw","floor":47.0,"turns":5.0},{"damage":0.0,"enemies":"Donu and Deca","floor":50.0,"turns":7.0},{"damage":76.0,"enemies":"Time Eater","floor":51.0,"turns":8.0},{"damage":68.0,"enemies":"Shield and Spear","floor":55.0,"turns":9.0},{"damage":75,"enemies":"The Heart","floor":56,"turns":8}],"seed_played":"6730813277189714451","potions_obtained":[{"floor":1.0,"key":"Poison Potion"},{"floor":3.0,"key":"Energy Potion"},{"floor":7.0,"key":"SneckoOil"},{"floor":10.0,"key":"FearPotion"},{"floor":20.0,"key":"AttackPotion"},{"floor":25.0,"key":"SkillPotion"},{"floor":27.0,"key":"Energy Potion"},{"floor":29.0,"key":"GamblersBrew"},{"floor":33.0,"key":"Regen Potion"},{"floor":35.0,"key":"Swift Potion"},{"floor":42.0,"key":"Fruit Juice"},{"floor":55.0,"key":"Fire Potion"}],"is_trial":false,"path_per_floor":["M","?","M","?","$","R","E","M","T","E","M","E","?","M","R","B",null,"M","M","?","$","M","E","R","E","T","M","R","E","?","?","R","B",null,"M","?","?","M","$","E","R","E","T","M","R","E","M","$","R","B","B",null,"R","$","E","B",null],"character_chosen":"IRONCLAD","items_purchased":["Limit Break","Rampage","Battle Trance","Feel No Pain","Shrug It Off","OrangePellets","Corruption","AttackPotion"],"campfire_rested":1,"item_purchase_floors":[5,5,21,39,39,39,48,48],"current_hp_per_floor":[72,61,65,65,65,65,61,62,62,38,30,16,9,15,15,14,60,69,53,53,53,43,34,34,25,35,21,46,35,35,35,35,34,72,75,75,75,81,81,49,49,88,88,69,69,19,22,22,22,84,89,105,105,105,86,69],"gold":58,"neow_bonus":"HUNDRED_GOLD","is_prod":false,"is_daily":false,"chose_seed":false,"campfire_upgraded":7,"win_rate":0,"timestamp":1566511200,"path_taken":["M","?","M","?","$","R","E","M","T","E","?","E","?","M","R","BOSS","M","M","?","$","M","E","R","E","T","M","R","E","?","?","R","BOSS","M","?","?","M","$","E","R","E","T","M","R","E","M","$","R","BOSS","BOSS","R","$","E","BOSS"],"build_version":"2019-07-17","purchased_purges":3,"victory":true,"max_hp_per_floor":[75,75,75,75,75,75,75,75,75,75,75,75,75,75,75,75,75,75,75,75,75,75,75,75,75,85,85,85,85,85,85,85,85,85,85,85,81,81,81,81,81,88,88,91,91,94,103,103,103,107,110,110,110,110,110,113],"card_choices":[{"not_picked":["Bloodletting","Warcry"],"picked":"Pummel","floor":1.0},{"not_picked":["Iron Wave","Searing Blow"],"picked":"Spot Weakness","floor":3.0},{"not_picked":["Armaments","Pommel Strike"],"picked":"Anger","floor":7.0},{"not_picked":["Burning Pact","Flex"],"picked":"Headbutt","floor":8.0},{"not_picked":["Headbutt","Corruption"],"picked":"Impervious","floor":10.0},{"not_picked":["Hemokinesis","Sever Soul"],"picked":"Cleave","floor":11.0},{"not_picked":["Dual Wield","Perfected Strike","Clash"],"picked":"SKIP","floor":12.0},{"not_picked":["Body Slam","Rage"],"picked":"Inflame","floor":14.0},{"not_picked":["Demon Form","Berserk"],"picked":"Reaper","floor":16.0},{"not_picked":["Headbutt","Flex","Perfected Strike"],"picked":"SKIP","floor":18.0},{"not_picked":["Combust","Warcry+1"],"picked":"Heavy Blade","floor":19.0},{"not_picked":["Perfected Strike","Clothesline"],"picked":"Demon Form","floor":22.0},{"not_picked":["Flex","Pommel Strike+1"],"picked":"Dual Wield","floor":23.0},{"not_picked":["Fire Breathing","Battle Trance","Warcry"],"picked":"SKIP","floor":25.0},{"not_picked":["Hemokinesis","Reckless Charge","Intimidate"],"picked":"SKIP","floor":27.0},{"not_picked":["Dropkick","Clash+1"],"picked":"Barricade","floor":29.0},{"not_picked":["Demon Form","Dark Embrace"],"picked":"Impervious","floor":33.0},{"not_picked":["Thunderclap","Perfected Strike","Sever Soul+1"],"picked":"SKIP","floor":35.0},{"not_picked":["Rampage","True Grit"],"picked":"Sentinel","floor":38.0},{"not_picked":["Flame Barrier","Fire Breathing"],"picked":"Feed","floor":40.0},{"not_picked":["Perfected Strike+1","Armaments"],"picked":"Ghostly Armor+1","floor":42.0},{"not_picked":["Flex","True Grit"],"picked":"Heavy Blade+1","floor":44.0},{"not_picked":["Anger","Uppercut","Twin Strike"],"picked":"SKIP","floor":46.0},{"not_picked":["Berserk","Clash+1"],"picked":"Flame Barrier","floor":47.0},{"not_picked":["Dropkick","Whirlwind"],"picked":"Sword Boomerang","floor":55.0}],"player_experience":1954878,"relics_obtained":[{"floor":7.0,"key":"Bronze Scales"},{"floor":9.0,"key":"PreservedInsect"},{"floor":10.0,"key":"Unceasing Top"},{"floor":12.0,"key":"Juzu Bracelet"},{"floor":23.0,"key":"MawBank"},{"floor":25.0,"key":"Ornamental Fan"},{"floor":26.0,"key":"Pear"},{"floor":29.0,"key":"Bag of Marbles"},{"floor":40.0,"key":"Boot"},{"floor":42.0,"key":"Strawberry"},{"floor":46.0,"key":"Pantograph"},{"floor":55.0,"key":"Blood Vial"}],"event_choices":[{"damage_healed":0.0,"max_hp_gain":0.0,"max_hp_loss":0.0,"gold_gain":75.0,"event_name":"World of Goop","player_choice":"Gather Gold","floor":2.0,"gold_loss":0.0,"damage_taken":11.0},{"damage_healed":0.0,"max_hp_gain":0.0,"max_hp_loss":0.0,"gold_gain":0.0,"event_name":"Accursed Blacksmith","player_choice":"Rummage","floor":4.0,"gold_loss":0.0,"damage_taken":0.0,"relics_obtained":["WarpedTongs"],"cards_obtained":["Pain"]},{"cards_removed":["Strike_R"],"damage_healed":0.0,"max_hp_gain":0.0,"max_hp_loss":0.0,"gold_gain":0.0,"event_name":"Golden Wing","player_choice":"Card Removal","floor":13.0,"gold_loss":0.0,"damage_taken":7.0},{"damage_healed":0.0,"max_hp_gain":0.0,"max_hp_loss":0.0,"gold_gain":0.0,"event_name":"The Woman in Blue","player_choice":"Bought 3 Potions","floor":20.0,"gold_loss":0.0,"damage_taken":0.0},{"damage_healed":0.0,"max_hp_gain":0.0,"max_hp_loss":0.0,"gold_gain":0.0,"event_name":"Addict","player_choice":"Obtained Relic","floor":30.0,"gold_loss":85.0,"damage_taken":0.0,"relics_obtained":["Lantern"]},{"damage_healed":0.0,"max_hp_gain":0.0,"max_hp_loss":0.0,"gold_gain":0.0,"event_name":"The Library","player_choice":"Read","floor":31.0,"gold_loss":0.0,"damage_taken":0.0,"cards_obtained":["Feel No Pain"]},{"damage_healed":0.0,"max_hp_gain":0.0,"max_hp_loss":0.0,"gold_gain":0.0,"event_name":"Tomb of Lord Red Mask","player_choice":"Ignored","floor":36.0,"gold_loss":0.0,"damage_taken":0.0},{"damage_healed":0.0,"max_hp_gain":0.0,"max_hp_loss":4.0,"gold_gain":0.0,"event_name":"Winding Halls","player_choice":"Max HP","floor":37.0,"gold_loss":0.0,"damage_taken":0.0}],"is_beta":false,"boss_relics":[{"not_picked":["Velvet Choker","Philosopher\u0027s Stone"],"picked":"Snecko Eye"},{"not_picked":["Black Blood","Lizard Tail"],"picked":"Runic Dome"}],"items_purged_floors":[5,21,39],"is_endless":false,"potions_floor_spawned":[1,3,7,10,25,27,29,33,35,42,44,55],"ascension_level":20}