{"gold_per_floor":[361,68,82,33,51,77,77,102,102,112,112,130,130,141,141,217,217,234,244,15,33,33,33,53,53,53,63,63,90,90,124,124,201,201,214,228,238,238,249,249,283,283,283,293,340,340,340],"floor_reached":47,"playtime":3061,"items_purged":[],"score":963,"play_id":"666affd6-8e62-4e6c-a869-c0a10da9bd51","local_time":"20181016182842","is_ascension_mode":true,"campfire_choices":[{"data":"Beam Cell","floor":7.0,"key":"SMITH"},{"floor":11.0,"key":"REST"},{"data":"Zap","floor":13.0,"key":"SMITH"},{"data":"Dualcast","floor":15.0,"key":"SMITH"},{"floor":23.0,"key":"REST"},{"data":"Creative AI","floor":28.0,"key":"SMITH"},{"data":"Sweeping Beam","floor":30.0,"key":"SMITH"},{"data":"Melter","floor":32.0,"key":"SMITH"},{"floor":40,"key":"REST"},{"floor":42,"key":"REST"},{"floor":46,"key":"DIG"}],"neow_cost":"TEN_PERCENT_HP_LOSS","seed_source_timestamp":0,"circlet_count":0,"master_deck":["Strike_B","Strike_B","Strike_B","Strike_B","Defend_B","Defend_B","Defend_B","Defend_B","Zap+1","Dualcast+1","AscendersBane","Beam Cell+1","Sweeping Beam+1","Chill+1","Consume+1","Genetic Algorithm+1","Melter+1","Aggregate+1","Coolheaded+1","Creative AI+1","Conserve Battery+1","Hologram+1","Chill+1","Ghostly+1","Ghostly+1","Ghostly+1","Ghostly+1","Ghostly+1","Self Repair+1","Rainbow+1","Glacier+1","Undo+1","Core Surge+1","Fusion+1","Chill+1","Compile Driver","Blizzard+1","Glacier+1","Aggregate+1"],"special_seed":0,"relics":["Cracked Core","Toxic Egg 2","Oddly Smooth Stone","Letter Opener","Bronze Scales","Black Star","ClockworkSouvenir","Darkstone Periapt","Boot","Art of War","Blood Vial","Potion Belt","Sozu","Happy Flower","Smiling Mask","Blue Candle","Shovel","Matryoshka"],"potions_floor_usage":[],"damage_taken":[{"damage":7.0,"enemies":"Small Slimes","floor":1.0,"turns":3.0},{"damage":1.0,"enemies":"2 Louse","floor":3.0,"turns":2.0},{"damage":1.0,"enemies":"Cultist","floor":5.0,"turns":3.0},{"damage":21.0,"enemies":"Gremlin Nob","floor":6.0,"turns":4.0},{"damage":14.0,"enemies":"3 Sentries","floor":8.0,"turns":9.0},{"damage":0.0,"enemies":"Red Slaver","floor":10.0,"turns":3.0},{"damage":2.0,"enemies":"Large Slime","floor":12.0,"turns":5.0},{"damage":4.0,"enemies":"Looter","floor":14.0,"turns":2.0},{"damage":6.0,"enemies":"Slime Boss","floor":16.0,"turns":11.0},{"damage":0.0,"enemies":"Spheric Guardian","floor":18.0,"turns":2.0},{"damage":4.0,"enemies":"Shell Parasite","floor":19.0,"turns":4.0},{"damage":28.0,"enemies":"Snake Plant","floor":21.0,"turns":5.0},{"damage":23.0,"enemies":"Centurion and Healer","floor":24.0,"turns":11.0},{"damage":2.0,"enemies":"Cultist and Chosen","floor":27.0,"turns":8.0},{"damage":8.0,"enemies":"Slavers","floor":29.0,"turns":4.0},{"damage":11.0,"enemies":"Book of Stabbing","floor":31.0,"turns":7.0},{"damage":4.0,"enemies":"Collector","floor":33.0,"turns":14.0},{"damage":0,"enemies":"Orb Walker","floor":35,"turns":5},{"damage":0,"enemies":"3 Shapes","floor":36,"turns":6},{"damage":0,"enemies":"Reptomancer","floor":37,"turns":9},{"damage":22,"enemies":"Maw","floor":39,"turns":10},{"damage":15,"enemies":"Nemesis","floor":41,"turns":12},{"damage":0,"enemies":"4 Shapes","floor":44,"turns":6},{"damage":29,"enemies":"Mysterious Sphere","floor":45,"turns":8},{"damage":16,"enemies":"Giant Head","floor":47,"turns":7}],"seed_played":"-5734106086309828700","potions_obtained":[{"floor":5.0,"key":"Swift Potion"},{"floor":10.0,"key":"Explosive Potion"},{"floor":12.0,"key":"Explosive Potion"},{"floor":16.0,"key":"Swift Potion"},{"floor":19.0,"key":"FearPotion"},{"floor":21.0,"key":"Fire Potion"},{"floor":29.0,"key":"SpeedPotion"},{"floor":33.0,"key":"Dexterity Potion"}],"is_trial":false,"path_per_floor":["M","$","M","?","M","E","R","E","T","M","R","M","R","M","R","B",null,"M","M","$","M","?","R","M","?","T","M","R","E","R","E","R","B",null,"M","M","M","?","M","R","E","R","T","M","?","R"],"character_chosen":"DEFECT","items_purchased":["Toxic Egg 2","ClockworkSouvenir"],"campfire_rested":4,"item_purchase_floors":[2,20],"current_hp_per_floor":[57,57,56,56,55,34,34,20,20,20,39,37,37,33,33,27,55,55,51,51,23,23,32,9,15,15,23,23,25,25,24,24,32,32,32,32,32,32,10,19,16,25,25,32,13,13,0],"gold":340,"neow_bonus":"TWO_FIFTY_GOLD","is_prod":false,"is_daily":false,"chose_seed":false,"campfire_upgraded":6,"win_rate":0,"timestamp":1539707322,"path_taken":["M","$","M","?","M","E","R","E","T","?","R","M","R","M","R","BOSS","M","M","$","M","?","R","M","?","T","?","R","E","R","E","R","BOSS","M","M","M","?","M","R","E","R","T","M","?","R","E"],"build_version":"2018-10-15v2","purchased_purges":0,"victory":false,"max_hp_per_floor":[64,64,64,64,64,64,64,64,64,64,64,64,64,64,64,64,64,64,64,64,64,32,32,32,32,32,32,32,32,32,32,32,32,32,32,32,32,32,32,32,32,32,32,32,32,32,32],"card_choices":[{"not_picked":["Turbo","Redo"],"picked":"Beam Cell","floor":1.0},{"not_picked":["Melter","Rebound"],"picked":"Sweeping Beam","floor":3.0},{"not_picked":["Hologram+1","Turbo+1"],"picked":"Chill+1","floor":5.0},{"not_picked":["Ball Lightning","Lockon"],"picked":"Consume+1","floor":6.0},{"not_picked":["Rainbow+1","Gash"],"picked":"Genetic Algorithm+1","floor":8.0},{"not_picked":["Stack+1","Chill+1"],"picked":"Melter","floor":10.0},{"not_picked":["Beam Cell","Barrage"],"picked":"Aggregate+1","floor":12.0},{"not_picked":["Static Discharge","White Noise+1"],"picked":"Coolheaded+1","floor":14.0},{"not_picked":["All For One","Electrodynamics"],"picked":"Creative AI","floor":16.0},{"not_picked":["Go for the Eyes","Turbo+1"],"picked":"Conserve Battery+1","floor":18.0},{"not_picked":["Steam+1","Scrape"],"picked":"Hologram+1","floor":19.0},{"not_picked":["Darkness+1","Stack+1"],"picked":"Chill+1","floor":21.0},{"not_picked":["White Noise+1","BootSequence+1"],"picked":"Self Repair+1","floor":24.0},{"not_picked":["Rebound","Cold Snap"],"picked":"Rainbow+1","floor":27.0},{"not_picked":["Darkness+1","Beam Cell"],"picked":"Glacier+1","floor":29.0},{"not_picked":["Streamline","Sunder"],"picked":"Undo+1","floor":31.0},{"not_picked":["Machine Learning","Thunder Strike"],"picked":"Core Surge","floor":33.0},{"not_picked":["Streamline","Redo+1"],"picked":"Fusion+1","floor":35},{"not_picked":["Go for the Eyes","Compile Driver+1"],"picked":"Chill+1","floor":36},{"not_picked":["Leap+1","Cold Snap"],"picked":"Compile Driver","floor":37},{"not_picked":["Scrape","Steam+1"],"picked":"Blizzard+1","floor":39},{"not_picked":["Hyperbeam","Redo+1"],"picked":"Glacier+1","floor":41},{"not_picked":["Rebound","Gash","Go for the Eyes"],"picked":"SKIP","floor":44},{"not_picked":["Turbo+1","Recycle+1"],"picked":"Aggregate+1","floor":45}],"player_experience":619412,"relics_obtained":[{"floor":6.0,"key":"Oddly Smooth Stone"},{"floor":8.0,"key":"Letter Opener"},{"floor":9.0,"key":"Bronze Scales"},{"floor":26.0,"key":"Darkstone Periapt"},{"floor":29.0,"key":"Boot"},{"floor":29.0,"key":"Art of War"},{"floor":31.0,"key":"Blood Vial"},{"floor":31.0,"key":"Potion Belt"},{"floor":41,"key":"Happy Flower"},{"floor":41,"key":"Smiling Mask"},{"floor":43,"key":"Blue Candle"},{"floor":45,"key":"Shovel"},{"floor":46,"key":"Matryoshka"}],"event_choices":[{"event_name":"World of Goop","player_choice":"Left","floor":4.0,"damage_taken":0.0},{"event_name":"Ghosts","player_choice":"Became a Ghost","floor":22.0,"damage_taken":0.0},{"event_name":"The Library","player_choice":"Heal","floor":25.0,"damage_taken":0.0},{"event_name":"Accursed Blacksmith","player_choice":"Forge","floor":38,"damage_taken":0},{"event_name":"Mysterious Sphere","player_choice":"Fight","floor":45,"damage_taken":0}],"is_beta":true,"boss_relics":[{"not_picked":["Lizard Tail","Runic Pyramid"],"picked":"Black Star"},{"not_picked":["Velvet Choker","Pandora\u0027s Box"],"picked":"Sozu"}],"items_purged_floors":[],"is_endless":false,"potions_floor_spawned":[5,10,12,16,19,21,29,33,37,45],"killed_by":"Giant Head","ascension_level":16}