{"gold_per_floor":[116,116,135,210,229,229,259,259,259,271,271,300,317,317,317,391,391,405,420,431,19,49,49,66,11,11,11,11,46,46,124,124,124],"floor_reached":33,"playtime":1100,"items_purged":["Strike_G"],"score":546,"play_id":"b6fed35a-15be-4dca-8f8c-a0bd714d79dd","local_time":"20190808103704","is_ascension_mode":true,"campfire_choices":[{"data":"Poisoned Stab","floor":6,"key":"SMITH"},{"data":"Dagger Spray","floor":8,"key":"SMITH"},{"floor":15,"key":"REST"},{"floor":23,"key":"REST"},{"floor":27,"key":"REST"},{"data":"Bouncing Flask","floor":30,"key":"SMITH"},{"floor":32,"key":"REST"}],"neow_cost":"NONE","seed_source_timestamp":3258621079558,"circlet_count":0,"master_deck":["AscendersBane","Strike_G","Strike_G","Strike_G","Strike_G+1","Defend_G","Defend_G","Defend_G","Defend_G","Defend_G","Survivor","Neutralize+1","Poisoned Stab+1","Terror","Dagger Spray+1","Bouncing Flask+1","Escape Plan","Shame","After Image","Well Laid Plans","Backflip+1","Blur","Backflip"],"relics":["Ring of the Snake","Orichalcum","Darkstone Periapt","Whetstone","Letter Opener","Sozu","Snake Skull","Happy Flower","Tiny Chest","Sundial","Blood Vial","Gremlin Horn"],"potions_floor_usage":[33],"damage_taken":[{"damage":0,"enemies":"2 Louse","floor":1,"turns":3},{"damage":0,"enemies":"Small Slimes","floor":3,"turns":3},{"damage":1,"enemies":"Cultist","floor":5,"turns":4},{"damage":20,"enemies":"Gremlin Nob","floor":7,"turns":4},{"damage":7,"enemies":"Blue Slaver","floor":10,"turns":3},{"damage":26,"enemies":"Lagavulin","floor":12,"turns":6},{"damage":3,"enemies":"Red Slaver","floor":13,"turns":3},{"damage":25,"enemies":"The Guardian","floor":16,"turns":12},{"damage":18,"enemies":"Spheric Guardian","floor":18,"turns":4},{"damage":18,"enemies":"2 Thieves","floor":19,"turns":4},{"damage":16,"enemies":"Snake Plant","floor":20,"turns":4},{"damage":14,"enemies":"Cultist and Chosen","floor":24,"turns":7},{"damage":27,"enemies":"Gremlin Leader","floor":29,"turns":8},{"damage":55,"enemies":"Champ","floor":33,"turns":8}],"seed_played":"-2450205136840337717","potions_obtained":[{"floor":5,"key":"Fire Potion"},{"floor":7,"key":"PowerPotion"}],"is_trial":false,"path_per_floor":["M","?","M","?","M","R","E","R","T","M","?","E","M","?","R","B",null,"M","M","M","$","?","R","M","$","T","R","$","E","R","T","R","B"],"character_chosen":"THE_SILENT","items_purchased":["Snake Skull","Happy Flower","Backflip"],"campfire_rested":4,"item_purchase_floors":[21,21,25],"current_hp_per_floor":[59,64,64,53,52,52,32,32,32,25,31,5,2,8,32,7,64,46,28,12,12,12,36,22,22,22,46,46,19,19,19,43,0],"gold":124,"neow_bonus":"RANDOM_COMMON_RELIC","is_prod":false,"is_daily":false,"chose_seed":false,"campfire_upgraded":3,"win_rate":0,"timestamp":1565253424,"path_taken":["M","?","M","?","M","R","E","R","T","M","?","E","?","?","R","BOSS","M","M","M","$","?","R","M","$","T","R","?","E","R","?","R","BOSS"],"build_version":"2019-07-17","purchased_purges":1,"victory":false,"max_hp_per_floor":[66,71,71,71,71,71,71,71,71,71,77,77,77,83,83,83,83,83,83,83,83,83,83,83,83,83,83,83,83,83,83,83,83],"card_choices":[{"not_picked":["Prepared","Blur"],"picked":"Poisoned Stab","floor":1},{"not_picked":["Deflect","All Out Attack"],"picked":"Terror","floor":3},{"not_picked":["PiercingWail","Sucker Punch"],"picked":"Dagger Spray","floor":5},{"not_picked":["Burst","Finisher","Infinite Blades"],"picked":"SKIP","floor":7},{"not_picked":["Reflex","Cloak And Dagger"],"picked":"Bouncing Flask","floor":10},{"not_picked":["Bouncing Flask","Flying Knee","Flechettes"],"picked":"SKIP","floor":12},{"not_picked":["Flying Knee","Flechettes"],"picked":"Bouncing Flask","floor":12},{"not_picked":["Deflect","Sucker Punch"],"picked":"Escape Plan","floor":13},{"not_picked":["A Thousand Cuts","Venomology"],"picked":"After Image","floor":16},{"not_picked":["Expertise","Finisher"],"picked":"Well Laid Plans","floor":18},{"not_picked":["Deadly Poison","Dagger Spray"],"picked":"Backflip+1","floor":19},{"not_picked":["Dagger Throw","Sucker Punch"],"picked":"Blur","floor":20},{"not_picked":["Acrobatics","Masterful Stab","Storm of Steel"],"picked":"SKIP","floor":24},{"not_picked":["Bane","Cloak And Dagger","Reflex"],"picked":"SKIP","floor":29}],"player_experience":1893940,"relics_obtained":[{"floor":7,"key":"Darkstone Periapt"},{"floor":9,"key":"Whetstone"},{"floor":12,"key":"Letter Opener"},{"floor":26,"key":"Sundial"},{"floor":29,"key":"Blood Vial"},{"floor":31,"key":"Gremlin Horn"}],"event_choices":[{"damage_healed":0,"gold_gain":0,"player_choice":"Donut","damage_taken":0,"max_hp_gain":5,"max_hp_loss":0,"event_name":"Big Fish","floor":2,"gold_loss":0},{"damage_healed":0,"gold_gain":75,"player_choice":"Gather Gold","damage_taken":11,"max_hp_gain":0,"max_hp_loss":0,"event_name":"World of Goop","floor":4,"gold_loss":0},{"damage_healed":0,"gold_gain":0,"player_choice":"Cursed","damage_taken":0,"max_hp_gain":0,"max_hp_loss":0,"event_name":"Wheel of Change","floor":11,"gold_loss":0,"cards_obtained":["Decay"]},{"damage_healed":0,"gold_gain":0,"cards_transformed":["Decay"],"player_choice":"Transformed","damage_taken":0,"max_hp_gain":0,"max_hp_loss":0,"event_name":"Transmorgrifier","floor":14,"gold_loss":0,"cards_obtained":["Shame"]},{"cards_removed":["Bouncing Flask"],"damage_healed":0,"gold_gain":0,"player_choice":"Gave Card","damage_taken":0,"relics_obtained":["Tiny Chest"],"max_hp_gain":0,"max_hp_loss":0,"event_name":"WeMeetAgain","floor":22,"gold_loss":0}],"is_beta":false,"boss_relics":[{"not_picked":["Calling Bell","Coffee Dripper"],"picked":"Sozu"}],"items_purged_floors":[21],"is_endless":false,"potions_floor_spawned":[5,7,10,16,19,29],"killed_by":"Champ","ascension_level":20}