{"gold_per_floor":[111,111,111,111,130,130,156,166,217,273,300,300,300],"floor_reached":13,"playtime":303,"items_purged":[],"score":232,"play_id":"fd21b0f9-b3c3-4c1b-9d22-85683b04489f","local_time":"20190304215555","is_ascension_mode":true,"campfire_choices":[{"data":"Defragment","floor":6,"key":"SMITH"},{"floor":12,"key":"REST"}],"neow_cost":"NONE","seed_source_timestamp":8508474830964,"circlet_count":0,"master_deck":["AscendersBane","Strike_B","Strike_B","Strike_B","Defend_B","Defend_B","Defend_B","Defend_B","Zap","Dualcast","Defragment+1","Sweeping Beam","Chaos","Ball Lightning","Consume","Sunder"],"relics":["Cracked Core","NeowsBlessing","Happy Flower","Juzu Bracelet","Ancient Tea Set","Dead Branch","Pen Nib"],"potions_floor_usage":[11,13],"damage_taken":[{"damage":0,"enemies":"Cultist","floor":1,"turns":1},{"damage":0,"enemies":"2 Louse","floor":5,"turns":1},{"damage":0,"enemies":"Lagavulin","floor":7,"turns":1},{"damage":7,"enemies":"Small Slimes","floor":8,"turns":3},{"damage":30,"enemies":"3 Sentries","floor":10,"turns":5},{"damage":24,"enemies":"Gremlin Nob","floor":11,"turns":4},{"damage":25,"enemies":"Lagavulin","floor":13,"turns":3}],"seed_played":"3991688946247740534","potions_obtained":[{"floor":7,"key":"Weak Potion"},{"floor":8,"key":"Fire Potion"},{"floor":11,"key":"Ancient Potion"}],"is_trial":false,"path_per_floor":["M","?","?","?","M","R","E","M","T","?","E","R","E"],"character_chosen":"DEFECT","items_purchased":[],"campfire_rested":1,"item_purchase_floors":[],"current_hp_per_floor":[64,57,39,62,62,62,62,55,55,25,1,22,0],"gold":300,"neow_bonus":"THREE_ENEMY_KILL","is_prod":false,"is_daily":false,"chose_seed":false,"campfire_upgraded":1,"win_rate":0,"timestamp":1551732955,"path_taken":["M","?","?","?","M","R","E","M","T","?","E","R","E"],"build_version":"2019-01-23","purchased_purges":0,"victory":false,"max_hp_per_floor":[71,71,71,71,71,71,71,71,71,71,71,71,71],"card_choices":[{"not_picked":["Compile Driver","Leap"],"picked":"Defragment","floor":1},{"not_picked":["Heatsinks","Steam"],"picked":"Sweeping Beam","floor":5},{"not_picked":["Steam","Go for the Eyes"],"picked":"Chaos","floor":7},{"not_picked":["Go for the Eyes","Chill"],"picked":"Ball Lightning","floor":8},{"not_picked":["Sweeping Beam","Creative AI"],"picked":"Consume","floor":10},{"not_picked":["BootSequence","Redo"],"picked":"Sunder","floor":11}],"player_experience":1367022,"relics_obtained":[{"floor":7,"key":"Juzu Bracelet"},{"floor":9,"key":"Ancient Tea Set"},{"floor":10,"key":"Dead Branch"},{"floor":11,"key":"Pen Nib"}],"event_choices":[{"cards_removed":["Strike_B"],"damage_healed":0,"gold_gain":0,"player_choice":"Card Removal","damage_taken":7,"max_hp_gain":0,"max_hp_loss":0,"event_name":"Golden Wing","floor":2,"gold_loss":0},{"damage_healed":0,"gold_gain":0,"player_choice":"Success","damage_taken":18,"relics_obtained":["Happy Flower"],"max_hp_gain":0,"max_hp_loss":0,"event_name":"Scrap Ooze","floor":3,"gold_loss":0},{"damage_healed":23,"gold_gain":0,"player_choice":"Banana","damage_taken":0,"max_hp_gain":0,"max_hp_loss":0,"event_name":"Big Fish","floor":4,"gold_loss":0},{"damage_healed":0,"gold_gain":30,"player_choice":"Searched \u00272\u0027 times","damage_taken":0,"max_hp_gain":0,"max_hp_loss":0,"event_name":"Dead Adventurer","floor":10,"gold_loss":0}],"is_beta":false,"boss_relics":[],"items_purged_floors":[],"is_endless":false,"potions_floor_spawned":[7,8,10,11],"killed_by":"Lagavulin","ascension_level":20}