{"gold_per_floor":[118,96,107,120,5,38,38,73,96,125,125,159,159,159],"floor_reached":14,"playtime":3485,"items_purged":["Normality"],"score":162,"play_id":"78393c19-7ecf-4f4f-8756-6fca8eb248b0","local_time":"20190329093841","is_ascension_mode":true,"campfire_choices":[{"data":"Zap","floor":7,"key":"SMITH"},{"floor":11,"key":"REST"}],"neow_cost":"CURSE","seed_source_timestamp":182815018002840,"circlet_count":0,"master_deck":["Strike_B","Strike_B","Strike_B","Strike_B","Defend_B+1","Defend_B","Defend_B","Defend_B+1","Zap+1","Dualcast","Coolheaded","Gash","Skim","Scrape","Ball Lightning","Steam","Go for the Eyes","Creative AI"],"relics":["Cracked Core","Calipers","Lantern","Art of War","War Paint","Potion Belt","Bronze Scales"],"potions_floor_usage":[6,10],"damage_taken":[{"damage":1,"enemies":"Cultist","floor":1,"turns":3},{"damage":5,"enemies":"Jaw Worm","floor":3,"turns":5},{"damage":0,"enemies":"2 Louse","floor":4,"turns":2},{"damage":15,"enemies":"3 Sentries","floor":6,"turns":10},{"damage":18,"enemies":"Lagavulin","floor":8,"turns":5},{"damage":15,"enemies":"3 Sentries","floor":10,"turns":5},{"damage":28,"enemies":"Lagavulin","floor":12,"turns":8},{"damage":14,"enemies":"Red Slaver","floor":14,"turns":1}],"seed_played":"-8550364664435413487","potions_obtained":[{"floor":1,"key":"Dexterity Potion"},{"floor":3,"key":"Ancient Potion"},{"floor":8,"key":"Explosive Potion"}],"is_trial":false,"path_per_floor":["M","$","M","M","$","E","R","E","T","E","R","E","?","M"],"character_chosen":"DEFECT","items_purchased":["Coolheaded","Scrape"],"campfire_rested":1,"item_purchase_floors":[2,5],"current_hp_per_floor":[67,67,62,62,62,47,47,29,29,14,36,8,8,0],"gold":159,"neow_bonus":"ONE_RARE_RELIC","is_prod":false,"is_daily":false,"chose_seed":false,"campfire_upgraded":1,"win_rate":0,"timestamp":1553877521,"path_taken":["M","?","M","M","$","E","R","E","T","E","R","E","?","M"],"build_version":"2019-01-23","purchased_purges":1,"victory":false,"max_hp_per_floor":[75,75,75,75,75,75,75,75,75,75,75,75,75,75],"card_choices":[{"not_picked":["Auto Shields","Turbo","Aggregate"],"picked":"SKIP","floor":1},{"not_picked":["Coolheaded","Steam"],"picked":"Gash","floor":3},{"not_picked":["Tempest","Darkness"],"picked":"Skim","floor":4},{"not_picked":["Stack","Conserve Battery"],"picked":"Ball Lightning","floor":6},{"not_picked":["Hologram","Melter","Rebound"],"picked":"SKIP","floor":8},{"not_picked":["Melter","Sweeping Beam"],"picked":"Steam","floor":10},{"not_picked":["Streamline","Leap"],"picked":"Go for the Eyes","floor":12}],"player_experience":491182,"relics_obtained":[{"floor":6,"key":"Lantern"},{"floor":8,"key":"Art of War"},{"floor":9,"key":"War Paint"},{"floor":10,"key":"Potion Belt"},{"floor":12,"key":"Bronze Scales"}],"event_choices":[{"damage_healed":0,"gold_gain":0,"player_choice":"1 cards matched","damage_taken":0,"max_hp_gain":0,"max_hp_loss":0,"event_name":"Match and Keep!","floor":13,"gold_loss":0,"cards_obtained":["Creative AI"]}],"is_beta":false,"boss_relics":[],"items_purged_floors":[5],"is_endless":false,"potions_floor_spawned":[1,3,8],"killed_by":"Red Slaver","ascension_level":8}