{"gold_per_floor":[112,131,36,55,130,130,130,159,159,194,205,205,221,236,236,314,314,329,87,104,114,127,127,140,158,211,211,211,242,242,273,273,273],"floor_reached":33,"playtime":1127,"items_purged":["Strike_G"],"score":648,"play_id":"ff8fee5c-b166-4243-b6ba-9cf5adff2882","local_time":"20190905120408","is_ascension_mode":true,"campfire_choices":[{"data":"Dagger Spray","floor":6,"key":"SMITH"},{"data":"Deadly Poison","floor":12,"key":"SMITH"},{"data":"After Image","floor":15,"key":"SMITH"},{"floor":23,"key":"REST"},{"floor":27,"key":"REST"},{"floor":32,"key":"REST"}],"neow_cost":"NONE","seed_source_timestamp":90632070257018,"circlet_count":0,"master_deck":["AscendersBane","Strike_G","Strike_G","Strike_G","Strike_G","Defend_G","Defend_G","Defend_G","Defend_G","Defend_G","Survivor","Neutralize","Endless Agony","Dagger Spray+1","Quick Slash","Quick Slash","After Image+1","Deadly Poison+1","Backstab","Poisoned Stab","Poisoned Stab","Corpse Explosion","Catalyst","Leg Sweep","Escape Plan","Ghostly","Ghostly","Ghostly","Necronomicurse","Leg Sweep+1"],"relics":["Ring of the Snake","Singing Bowl","Art of War","Centennial Puzzle","Fusion Hammer","Bag of Preparation","Vajra","Pantograph","Necronomicon","Strawberry"],"potions_floor_usage":[16,16,33,33],"damage_taken":[{"damage":1,"enemies":"Small Slimes","floor":1,"turns":5},{"damage":4,"enemies":"Cultist","floor":2,"turns":5},{"damage":0,"enemies":"2 Louse","floor":4,"turns":2},{"damage":32,"enemies":"Gremlin Nob","floor":8,"turns":4},{"damage":21,"enemies":"3 Sentries","floor":10,"turns":9},{"damage":5,"enemies":"Exordium Wildlife","floor":11,"turns":3},{"damage":1,"enemies":"2 Fungi Beasts","floor":13,"turns":2},{"damage":5,"enemies":"Blue Slaver","floor":14,"turns":3},{"damage":4,"enemies":"Hexaghost","floor":16,"turns":9},{"damage":6,"enemies":"3 Byrds","floor":18,"turns":3},{"damage":3,"enemies":"Spheric Guardian","floor":20,"turns":4},{"damage":12,"enemies":"Snecko","floor":21,"turns":4},{"damage":13,"enemies":"Centurion and Healer","floor":22,"turns":4},{"damage":10,"enemies":"Shelled Parasite and Fungi","floor":24,"turns":4},{"damage":18,"enemies":"Chosen and Byrds","floor":25,"turns":6},{"damage":1,"enemies":"Slavers","floor":29,"turns":5},{"damage":1,"enemies":"Gremlin Leader","floor":31,"turns":6},{"damage":70,"enemies":"Collector","floor":33,"turns":9}],"seed_played":"2040067604232003466","potions_obtained":[{"floor":1,"key":"PowerPotion"},{"floor":4,"key":"GhostInAJar"},{"floor":20,"key":"Regen Potion"},{"floor":21,"key":"SpeedPotion"},{"floor":25,"key":"Ancient Potion"}],"is_trial":false,"path_per_floor":["M","M","$","M","?","R","?","E","T","E","M","R","M","M","R","B",null,"M","$","M","M","M","R","M","M","T","R","?","E","?","E","R","B"],"character_chosen":"THE_SILENT","items_purchased":["Catalyst","Quick Slash","Bag of Preparation"],"campfire_rested":3,"item_purchase_floors":[3,3,19],"current_hp_per_floor":[64,60,60,60,49,49,72,40,40,19,14,14,13,8,8,4,55,51,51,48,38,25,47,39,21,21,44,39,40,19,25,39,0],"gold":273,"neow_bonus":"TEN_PERCENT_HP_BONUS","is_prod":false,"is_daily":false,"chose_seed":false,"campfire_upgraded":3,"win_rate":0,"timestamp":1567677848,"path_taken":["M","M","$","M","?","R","?","E","T","E","M","R","?","M","R","BOSS","M","$","M","M","M","R","M","M","T","R","?","E","?","E","R","BOSS"],"build_version":"2019-07-17","purchased_purges":1,"victory":false,"max_hp_per_floor":[72,72,72,72,72,72,72,72,72,72,72,72,72,72,72,72,72,74,74,74,76,76,76,78,78,78,78,39,41,41,48,48,48],"card_choices":[{"not_picked":["Expertise","Accuracy"],"picked":"Endless Agony","floor":1},{"not_picked":["Prepared","Slice"],"picked":"Dagger Spray","floor":2},{"not_picked":["Deflect","Bane"],"picked":"Quick Slash","floor":4},{"not_picked":["PiercingWail","Terror"],"picked":"After Image","floor":8},{"not_picked":["Acrobatics","Distraction"],"picked":"Deadly Poison","floor":10},{"not_picked":["Distraction","Bane"],"picked":"Backstab","floor":11},{"not_picked":["Prepared","Finisher"],"picked":"Poisoned Stab","floor":13},{"not_picked":["Flying Knee","Dodge and Roll"],"picked":"Poisoned Stab","floor":14},{"not_picked":["Storm of Steel","Glass Knife"],"picked":"Corpse Explosion","floor":16},{"not_picked":["Flying Knee","Reflex","Dagger Spray"],"picked":"Singing Bowl","floor":18},{"not_picked":["Deflect","Underhanded Strike+1"],"picked":"Catalyst","floor":20},{"not_picked":["All Out Attack","Blade Dance","Flying Knee"],"picked":"Singing Bowl","floor":21},{"not_picked":["Dodge and Roll","Bane"],"picked":"Leg Sweep","floor":22},{"not_picked":["Poisoned Stab","Tactician","Outmaneuver"],"picked":"Singing Bowl","floor":24},{"not_picked":["Dash","Heel Hook"],"picked":"Escape Plan","floor":25},{"not_picked":["Dodge and Roll","Sucker Punch","Bullet Time"],"picked":"Singing Bowl","floor":29},{"not_picked":["Endless Agony","Underhanded Strike"],"picked":"Leg Sweep+1","floor":31}],"player_experience":2006395,"relics_obtained":[{"floor":8,"key":"Singing Bowl"},{"floor":9,"key":"Art of War"},{"floor":10,"key":"Centennial Puzzle"},{"floor":26,"key":"Vajra"},{"floor":29,"key":"Pantograph"},{"floor":30,"key":"Necronomicon"},{"floor":31,"key":"Strawberry"}],"event_choices":[{"damage_healed":0,"gold_gain":75,"player_choice":"Gather Gold","damage_taken":11,"max_hp_gain":0,"max_hp_loss":0,"event_name":"World of Goop","floor":5,"gold_loss":0},{"cards_removed":["Catalyst"],"damage_healed":23,"gold_gain":0,"player_choice":"Offered Uncommon","damage_taken":0,"max_hp_gain":0,"max_hp_loss":0,"event_name":"Bonfire Elementals","floor":7,"gold_loss":0},{"damage_healed":0,"gold_gain":0,"player_choice":"Became a Ghost","damage_taken":0,"max_hp_gain":0,"max_hp_loss":39,"event_name":"Ghosts","floor":28,"gold_loss":0,"cards_obtained":["Ghostly","Ghostly","Ghostly"]},{"damage_healed":0,"gold_gain":0,"player_choice":"Obtained Book","damage_taken":21,"max_hp_gain":0,"max_hp_loss":0,"event_name":"Cursed Tome","floor":30,"gold_loss":0}],"is_beta":false,"boss_relics":[{"not_picked":["Ectoplasm","Tiny House"],"picked":"Fusion Hammer"}],"items_purged_floors":[19],"is_endless":false,"potions_floor_spawned":[1,4,10,13,20,21,25,29],"killed_by":"Collector","ascension_level":20}