{"gold_per_floor":[110,123,135,154,79,79,93,9,9,36,36,36,63,76,76,76],"floor_reached":16,"playtime":594,"items_purged":["Strike_G"],"score":274,"play_id":"8b4cde2d-0c2c-4968-bc63-7f05e7966d71","local_time":"20190329103137","is_ascension_mode":true,"campfire_choices":[{"data":"Neutralize","floor":6,"key":"SMITH"},{"floor":11,"key":"REST"},{"data":"Crippling Poison","floor":15,"key":"SMITH"}],"neow_cost":"NONE","seed_source_timestamp":8786137992108,"circlet_count":0,"master_deck":["AscendersBane","Defend_G","Defend_G","Defend_G","Defend_G","Defend_G","Strike_G","Strike_G","Strike_G","Survivor","Neutralize+1","Riddle With Holes","Footwork","Backstab","Backstab","Poisoned Stab","Crippling Poison+1","Dodge and Roll","Distraction","Backflip","Poisoned Stab","Adrenaline"],"relics":["Ring of the Snake","Snake Skull","Unceasing Top","The Courier","Prayer Wheel"],"potions_floor_usage":[10,13,16],"damage_taken":[{"damage":0,"enemies":"2 Louse","floor":1,"turns":5},{"damage":7,"enemies":"Cultist","floor":2,"turns":5},{"damage":10,"enemies":"Jaw Worm","floor":3,"turns":5},{"damage":3,"enemies":"3 Louse","floor":4,"turns":3},{"damage":6,"enemies":"Looter","floor":7,"turns":2},{"damage":25,"enemies":"Lagavulin","floor":10,"turns":9},{"damage":0,"enemies":"Gremlin Nob","floor":13,"turns":2},{"damage":5,"enemies":"Exordium Wildlife","floor":14,"turns":5},{"damage":37,"enemies":"Slime Boss","floor":16,"turns":7}],"seed_played":"8366706260784359873","potions_obtained":[{"floor":1,"key":"SteroidPotion"},{"floor":3,"key":"Regen Potion"},{"floor":13,"key":"SkillPotion"}],"is_trial":false,"path_per_floor":["M","M","M","M","$","R","M","$","T","E","R","?","E","M","R","B"],"character_chosen":"THE_SILENT","items_purchased":["Crippling Poison"],"campfire_rested":1,"item_purchase_floors":[8],"current_hp_per_floor":[59,52,42,39,39,39,33,33,33,23,42,42,42,37,37,0],"gold":76,"neow_bonus":"RANDOM_COMMON_RELIC","is_prod":false,"is_daily":false,"chose_seed":false,"campfire_upgraded":2,"win_rate":0,"timestamp":1553851897,"path_taken":["M","M","M","M","$","R","M","$","T","E","R","?","E","M","R","BOSS"],"build_version":"2019-01-23","purchased_purges":1,"victory":false,"max_hp_per_floor":[66,66,66,66,66,66,66,66,66,66,66,66,66,66,66,66],"card_choices":[{"not_picked":["Finisher","Reflex"],"picked":"Riddle With Holes","floor":1},{"not_picked":["Backflip","Blade Dance"],"picked":"Footwork","floor":2},{"not_picked":["Cloak And Dagger","Acrobatics"],"picked":"Backstab","floor":3},{"not_picked":["Deflect","Finisher"],"picked":"Backstab","floor":4},{"not_picked":["Terror","Caltrops"],"picked":"Poisoned Stab","floor":7},{"not_picked":["Underhanded Strike","Bullet Time"],"picked":"Dodge and Roll","floor":10},{"not_picked":["Flechettes","Poisoned Stab"],"picked":"Backflip","floor":13},{"not_picked":["Dagger Throw","Acrobatics"],"picked":"Poisoned Stab","floor":14},{"not_picked":["Deflect","Underhanded Strike"],"picked":"Adrenaline","floor":14}],"player_experience":1497418,"relics_obtained":[{"floor":9,"key":"Unceasing Top"},{"floor":10,"key":"The Courier"},{"floor":13,"key":"Prayer Wheel"}],"event_choices":[{"damage_healed":0,"gold_gain":0,"cards_transformed":["Strike_G"],"player_choice":"Transformed","damage_taken":0,"max_hp_gain":0,"max_hp_loss":0,"event_name":"Transmorgrifier","floor":12,"gold_loss":0,"cards_obtained":["Distraction"]}],"is_beta":false,"boss_relics":[],"items_purged_floors":[5],"is_endless":false,"potions_floor_spawned":[1,3,13],"killed_by":"Slime Boss","ascension_level":20}