{"path_per_floor":["M","M","$","M","?","R","?","M","T","R","E","M","R","M","R"],"character_chosen":"THE_SILENT","items_purchased":[],"gold_per_floor":[112,122,47,59,59,59,59,74,127,127,152,169,169,184,184,184],"floor_reached":16,"campfire_rested":2,"playtime":1113,"item_purchase_floors":[],"current_hp_per_floor":[70,70,70,69,76,76,76,73,73,73,21,20,44,40,64,0],"items_purged":["Defend_G"],"gold":184,"score":102,"play_id":"6e8f8ec2-5f1e-45a1-b153-ce9a5aa2f789","local_time":"20180612102236","is_prod":false,"is_daily":false,"chose_seed":false,"is_ascension_mode":false,"campfire_upgraded":2,"win_rate":0,"timestamp":1528770156,"campfire_choices":[{"data":"Leg Sweep","floor":6,"key":"SMITH"},{"data":"Neutralize","floor":10,"key":"SMITH"},{"floor":13,"key":"REST"},{"floor":15,"key":"REST"}],"path_taken":["M","M","$","M","?","R","?","M","T","R","E","M","R","M","R","BOSS"],"build_version":"2018-06-07v3","seed_source_timestamp":80003346347560,"purchased_purges":1,"victory":false,"master_deck":["Defend_G","Defend_G","Defend_G","Defend_G","Strike_G","Strike_G","Strike_G","Strike_G","Strike_G","Survivor","Neutralize+1","Grand Finale","Leg Sweep+1","Heel Hook","Regret","Expertise"],"max_hp_per_floor":[70,70,70,70,77,77,77,77,77,77,79,81,81,83,83,83],"relics":["Ring of the Snake","Strawberry","Tiny Chest","Singing Bowl"],"card_choices":[{"not_picked":["Dodge and Roll","Poisoned Stab"],"picked":"Leg Sweep","floor":1},{"not_picked":["Dagger Throw","Quick Slash"],"picked":"Heel Hook","floor":2},{"not_picked":["Deadly Poison","Flying Knee","Eviscerate"],"picked":"SKIP","floor":4},{"not_picked":["Cloak And Dagger","Finisher"],"picked":"Expertise","floor":8},{"not_picked":["Deadly Poison","Reflex","Terror"],"picked":"Singing Bowl","floor":11},{"not_picked":["Dodge and Roll","Noxious Fumes","Deadly Poison"],"picked":"Singing Bowl","floor":12},{"not_picked":["Cloak And Dagger","Sucker Punch","Dash"],"picked":"Singing Bowl","floor":14}],"player_experience":222219,"potions_floor_usage":[16],"damage_taken":[{"damage":0,"enemies":"Jaw Worm","floor":1,"turns":7},{"damage":0,"enemies":"Small Slimes","floor":2,"turns":4},{"damage":1,"enemies":"Cultist","floor":4,"turns":4},{"damage":3,"enemies":"2 Fungi Beasts","floor":8,"turns":4},{"damage":54,"enemies":"3 Sentries","floor":11,"turns":15},{"damage":3,"enemies":"Red Slaver","floor":12,"turns":5},{"damage":6,"enemies":"Blue Slaver","floor":14,"turns":2},{"damage":71,"enemies":"The Guardian","floor":16,"turns":17}],"relics_obtained":[{"floor":9,"key":"Tiny Chest"},{"floor":11,"key":"Singing Bowl"}],"event_choices":[{"event_name":"Big Fish","player_choice":"Box","floor":5,"damage_taken":0},{"event_name":"Liars Game","player_choice":"disagreed","floor":7,"damage_taken":0}],"boss_relics":[],"items_purged_floors":[3],"potions_floor_spawned":[4,12],"seed_played":"-2739851036911042084","killed_by":"The Guardian","ascension_level":0,"potions_obtained":[{"floor":4,"key":"Block Potion"},{"floor":12,"key":"Explosive Potion"}],"is_trial":false}