{"gold_per_floor":[111,111,131,131,281,281,556,46,46,75,91,104,104,123,123,123],"floor_reached":16,"playtime":767,"items_purged":["Regret"],"score":200,"play_id":"08232266-9a53-45c4-9065-d8bed46fce92","local_time":"20190530095343","is_ascension_mode":true,"campfire_choices":[{"data":"Dagger Spray","floor":6,"key":"SMITH"},{"floor":15,"key":"REST"}],"neow_cost":"TEN_PERCENT_HP_LOSS","seed_source_timestamp":4215266433060,"circlet_count":0,"master_deck":["AscendersBane","Defend_G","Defend_G","Defend_G","Defend_G","Defend_G","Strike_G+1","Strike_G+1","Strike_G","Strike_G","Survivor","Neutralize","Dagger Spray+1","PiercingWail","Doubt","Glass Knife","Dash","Backflip","Deadly Poison","PiercingWail","Prepared"],"relics":["Ring of the Snake","Peace Pipe","Pear","Dream Catcher","Shuriken"],"potions_floor_usage":[16],"damage_taken":[{"damage":1,"enemies":"Jaw Worm","floor":1,"turns":7},{"damage":4,"enemies":"Small Slimes","floor":3,"turns":5},{"damage":17,"enemies":"3 Sentries","floor":10,"turns":8},{"damage":0,"enemies":"2 Louse","floor":11,"turns":2},{"damage":4,"enemies":"Large Slime","floor":12,"turns":6},{"damage":16,"enemies":"Red Slaver","floor":14,"turns":4},{"damage":31,"enemies":"Hexaghost","floor":16,"turns":12}],"seed_played":"-3656486750006925557","potions_obtained":[{"floor":10,"key":"Energy Potion"},{"floor":14,"key":"Energy Potion"}],"is_trial":false,"path_per_floor":["M","?","M","?","?","R","?","$","T","E","M","M","?","M","R","B"],"character_chosen":"THE_SILENT","items_purchased":["Glass Knife","Dash","Pear"],"campfire_rested":1,"item_purchase_floors":[8,8,8],"current_hp_per_floor":[58,51,47,29,29,29,29,39,39,22,22,18,18,2,23,0],"gold":123,"neow_bonus":"ONE_RARE_RELIC","is_prod":false,"is_daily":false,"chose_seed":false,"campfire_upgraded":1,"win_rate":0,"timestamp":1559202823,"path_taken":["M","?","M","?","?","R","?","$","T","E","M","?","?","M","R","BOSS"],"build_version":"2019-01-23","purchased_purges":1,"victory":false,"max_hp_per_floor":[60,60,60,60,60,60,60,70,70,70,70,70,70,70,70,70],"card_choices":[{"not_picked":["Blur","Caltrops"],"picked":"Dagger Spray","floor":1},{"not_picked":["Bane","Dagger Spray"],"picked":"PiercingWail","floor":3},{"not_picked":["Dagger Spray","Flying Knee"],"picked":"Backflip","floor":10},{"not_picked":["Dagger Throw","Distraction"],"picked":"Deadly Poison","floor":11},{"not_picked":["Dodge and Roll","Dagger Spray"],"picked":"PiercingWail","floor":12},{"not_picked":["Prepared","Heel Hook","Die Die Die"],"picked":"SKIP","floor":14},{"not_picked":["Reflex","Acrobatics"],"picked":"Prepared","floor":15}],"player_experience":1712927,"relics_obtained":[{"floor":9,"key":"Dream Catcher"},{"floor":10,"key":"Shuriken"}],"event_choices":[{"cards_removed":["Strike_G"],"damage_healed":0,"gold_gain":0,"player_choice":"Card Removal","damage_taken":7,"max_hp_gain":0,"max_hp_loss":0,"event_name":"Golden Wing","floor":2,"gold_loss":0},{"damage_healed":0,"gold_gain":0,"player_choice":"Entered Light","damage_taken":18,"max_hp_gain":0,"max_hp_loss":0,"event_name":"Shining Light","floor":4,"gold_loss":0,"cards_upgraded":["Strike_G","Strike_G"]},{"damage_healed":0,"gold_gain":150,"player_choice":"AGREE","damage_taken":0,"max_hp_gain":0,"max_hp_loss":0,"event_name":"Liars Game","floor":5,"gold_loss":0,"cards_obtained":["Doubt"]},{"damage_healed":0,"gold_gain":275,"player_choice":"Desecrate","damage_taken":0,"max_hp_gain":0,"max_hp_loss":0,"event_name":"Golden Shrine","floor":7,"gold_loss":0,"cards_obtained":["Regret"]},{"damage_healed":0,"gold_gain":0,"player_choice":"Searched \u00270\u0027 times","damage_taken":0,"max_hp_gain":0,"max_hp_loss":0,"event_name":"Dead Adventurer","floor":13,"gold_loss":0}],"is_beta":false,"boss_relics":[],"items_purged_floors":[8],"is_endless":false,"potions_floor_spawned":[10,14],"killed_by":"Hexaghost","ascension_level":20}