{"gold_per_floor":[109,123,143,143,196,228,303,303,379,413,32,59,59,59,59,158,158,173,98,108,125,39,39,70,70,70,90,124,124,144,144],"floor_reached":31,"playtime":2251,"items_purged":["Strike_P"],"score":332,"play_id":"0440308a-4af9-426d-90e2-c18519840fde","local_time":"20190911012535","is_ascension_mode":true,"campfire_choices":[{"data":"MasterReality","floor":8.0,"key":"SMITH"},{"data":"Establishment","floor":13.0,"key":"SMITH"},{"data":"TalkToTheHand","floor":15.0,"key":"SMITH"},{"data":"CrushJoints","floor":23.0,"key":"SMITH"},{"data":"CutThroughFate","floor":25.0,"key":"SMITH"}],"neow_cost":"NONE","seed_source_timestamp":0,"circlet_count":0,"master_deck":["Strike_P","Strike_P","Defend_P","Defend_P","Defend_P","Defend_P","Eruption","Vigilance","TalkToTheHand+1","CrushJoints+1","Conclude","MasterReality+1","CutThroughFate+1","Establishment+1","EmptyMind","Protect","SpiritShield","DeusExMachina+1","SandsOfTime","Crescendo+1","Protect+1","WreathOfFlame+1","Halt+1","JustLucky+1","CrushJoints+1","BowlingBash","Devotion","FlyingSleeves"],"special_seed":0,"relics":["PureWater","NeowsBlessing","Potion Belt","Orichalcum","Melange","Ornamental Fan","Ice Cream","Strawberry","Regal Pillow","Toxic Egg 2","Philosopher\u0027s Stone","Kunai","Lantern","Art of War"],"potions_floor_usage":[31],"damage_taken":[{"damage":0.0,"enemies":"Cultist","floor":1.0,"turns":1.0},{"damage":0.0,"enemies":"Small Slimes","floor":2.0,"turns":1.0},{"damage":0.0,"enemies":"Jaw Worm","floor":3.0,"turns":1.0},{"damage":10.0,"enemies":"Gremlin Nob","floor":6.0,"turns":3.0},{"damage":13.0,"enemies":"3 Sentries","floor":10.0,"turns":8.0},{"damage":8.0,"enemies":"Gremlin Nob","floor":12.0,"turns":4.0},{"damage":9.0,"enemies":"Hexaghost","floor":16.0,"turns":9.0},{"damage":5.0,"enemies":"Shell Parasite","floor":18.0,"turns":8.0},{"damage":0.0,"enemies":"Chosen","floor":20.0,"turns":4.0},{"damage":4.0,"enemies":"3 Cultists","floor":21.0,"turns":5.0},{"damage":33.0,"enemies":"Slavers","floor":24.0,"turns":7.0},{"damage":4.0,"enemies":"Chosen and Byrds","floor":27.0,"turns":5.0},{"damage":0.0,"enemies":"Gremlin Leader","floor":28.0,"turns":4.0},{"damage":4.0,"enemies":"Shelled Parasite and Fungi","floor":30.0,"turns":6.0},{"damage":16,"enemies":"Slavers","floor":31,"turns":2}],"seed_played":"2953005263675144569","potions_obtained":[{"floor":1.0,"key":"PowerPotion"},{"floor":3.0,"key":"SkillPotion"},{"floor":18.0,"key":"SteroidPotion"},{"floor":20.0,"key":"Energy Potion"},{"floor":28.0,"key":"Weak Potion"}],"is_trial":false,"path_per_floor":["M","M","M","?","T","E","?","R","T","E","$","E","R","?","R","B",null,"M","?","M","M","$","R","E","R","T","M","E","?","M","E"],"character_chosen":"WATCHER","items_purchased":["Establishment","EmptyMind","Strawberry","Protect","WreathOfFlame+1","Halt+1"],"campfire_rested":0,"item_purchase_floors":[11,11,11,11,22,22],"current_hp_per_floor":[65,65,65,58,58,48,37,37,37,24,31,23,23,23,23,14,72,67,67,67,63,63,63,30,30,30,26,26,26,22,6],"gold":144,"neow_bonus":"THREE_ENEMY_KILL","is_prod":false,"is_daily":false,"chose_seed":false,"campfire_upgraded":5,"win_rate":0,"timestamp":1568157935,"path_taken":["M","M","?","?","?","E","?","R","T","E","$","E","R","?","R","BOSS","M","?","M","M","$","R","E","R","T","M","E","?","M","E"],"build_version":"2019-09-09v2","purchased_purges":1,"victory":false,"max_hp_per_floor":[65,65,65,65,65,65,65,65,65,65,72,72,72,72,72,72,72,72,72,72,72,72,72,72,72,72,72,72,72,72,72],"card_choices":[{"not_picked":["Adaptation","EmptyMind"],"picked":"TalkToTheHand","floor":1.0},{"not_picked":["FlurryOfBlows","CutThroughFate"],"picked":"CrushJoints","floor":2.0},{"not_picked":["Halt","ThirdEye"],"picked":"Conclude","floor":3.0},{"not_picked":["PathToVictory","FlyingSleeves"],"picked":"MasterReality","floor":6.0},{"not_picked":["Prostrate","Weave"],"picked":"CutThroughFate","floor":10.0},{"not_picked":["WreathOfFlame","Halt"],"picked":"SpiritShield","floor":12.0},{"not_picked":["MasterReality","Wallop"],"picked":"DeusExMachina+1","floor":16.0},{"not_picked":["ClearTheMind+1","CutThroughFate"],"picked":"SandsOfTime","floor":18.0},{"not_picked":["PathToVictory+1","EmptyBody+1"],"picked":"Crescendo+1","floor":20.0},{"not_picked":["ClearTheMind+1","Weave"],"picked":"Protect+1","floor":21.0},{"not_picked":["Ragnarok","SignatureMove"],"picked":"JustLucky+1","floor":24.0},{"not_picked":["Collect+1","CutThroughFate"],"picked":"CrushJoints+1","floor":27.0},{"not_picked":["FollowUp","ThirdEye+1"],"picked":"BowlingBash","floor":28.0},{"not_picked":["WreathOfFlame+1","TalkToTheHand"],"picked":"FlyingSleeves","floor":30.0}],"player_experience":2020010,"relics_obtained":[{"floor":5.0,"key":"Orichalcum"},{"floor":6.0,"key":"Melange"},{"floor":9.0,"key":"Ornamental Fan"},{"floor":10.0,"key":"Ice Cream"},{"floor":12.0,"key":"Regal Pillow"},{"floor":24.0,"key":"Kunai"},{"floor":26.0,"key":"Lantern"},{"floor":28.0,"key":"Art of War"}],"event_choices":[{"damage_healed":0.0,"max_hp_gain":0.0,"max_hp_loss":0.0,"gold_gain":0.0,"event_name":"Scrap Ooze","player_choice":"Success","floor":4.0,"gold_loss":0.0,"damage_taken":7.0,"relics_obtained":["Potion Belt"]},{"damage_healed":0.0,"max_hp_gain":0.0,"max_hp_loss":0.0,"gold_gain":75.0,"event_name":"World of Goop","player_choice":"Gather Gold","floor":7.0,"gold_loss":0.0,"damage_taken":11.0},{"damage_healed":0.0,"max_hp_gain":0.0,"max_hp_loss":0.0,"gold_gain":0.0,"event_name":"Dead Adventurer","player_choice":"Searched \u00271\u0027 times","floor":14.0,"gold_loss":0.0,"damage_taken":0.0,"relics_obtained":["Toxic Egg 2"]},{"cards_removed":["Strike_P"],"damage_healed":0.0,"max_hp_gain":0.0,"max_hp_loss":0.0,"gold_gain":0.0,"event_name":"Beggar","player_choice":"Gave Gold","floor":19.0,"gold_loss":75.0,"damage_taken":0.0},{"damage_healed":0.0,"max_hp_gain":0.0,"max_hp_loss":0.0,"gold_gain":0.0,"event_name":"The Library","player_choice":"Read","floor":29.0,"gold_loss":0.0,"damage_taken":0.0,"cards_obtained":["Devotion"]}],"is_beta":true,"boss_relics":[{"not_picked":["Sozu","Coffee Dripper"],"picked":"Philosopher\u0027s Stone"}],"items_purged_floors":[11],"is_endless":false,"potions_floor_spawned":[1,3,18,20,28],"killed_by":"Slavers","ascension_level":1}