{"gold_per_floor":[109,124,41,53,66,66,92,92,92,125,125],"floor_reached":11,"playtime":1290,"items_purged":[],"score":166,"play_id":"b28da67e-2178-45bb-bf3f-cde1233e0c5c","local_time":"20181222162103","is_ascension_mode":true,"campfire_choices":[{"data":"Consume","floor":6,"key":"SMITH"},{"data":"Blizzard","floor":8,"key":"SMITH"}],"neow_cost":"NONE","seed_source_timestamp":24038574196025,"circlet_count":0,"master_deck":["AscendersBane","Strike_B","Strike_B","Strike_B","Strike_B","Defend_B","Defend_B","Defend_B","Defend_B","Zap","Dualcast","Cold Snap","Genetic Algorithm","Consume+1","Blizzard+1","Coolheaded","Sweeping Beam+1"],"relics":["Cracked Core","NeowsBlessing","Happy Flower","Molten Egg 2","Nunchaku"],"potions_floor_usage":[],"damage_taken":[{"damage":0,"enemies":"Cultist","floor":1,"turns":1},{"damage":0,"enemies":"Small Slimes","floor":2,"turns":1},{"damage":0,"enemies":"2 Louse","floor":4,"turns":1},{"damage":11,"enemies":"Blue Slaver","floor":5,"turns":4},{"damage":22,"enemies":"3 Sentries","floor":7,"turns":16},{"damage":24,"enemies":"Lagavulin","floor":10,"turns":8},{"damage":12,"enemies":"2 Fungi Beasts","floor":11,"turns":3}],"seed_played":"4119756244825513955","potions_obtained":[{"floor":1,"key":"Strength Potion"},{"floor":7,"key":"SteroidPotion"}],"is_trial":false,"path_per_floor":["M","M","$","M","M","R","E","R","T","E","M"],"character_chosen":"DEFECT","items_purchased":["Consume"],"campfire_rested":0,"item_purchase_floors":[3],"current_hp_per_floor":[64,64,64,64,53,53,31,31,31,7,0],"gold":125,"neow_bonus":"THREE_ENEMY_KILL","is_prod":false,"is_daily":false,"chose_seed":false,"campfire_upgraded":2,"win_rate":0,"timestamp":1545492063,"path_taken":["M","?","$","M","M","R","E","R","T","E","M"],"build_version":"2018-12-20","purchased_purges":0,"victory":false,"max_hp_per_floor":[71,71,71,71,71,71,71,71,71,71,71],"card_choices":[{"not_picked":["Steam","Stack"],"picked":"Cold Snap","floor":1},{"not_picked":["Rebound","Go for the Eyes"],"picked":"Genetic Algorithm","floor":2},{"not_picked":["Gash","Auto Shields"],"picked":"Blizzard","floor":4},{"not_picked":["Ball Lightning","Redo"],"picked":"Coolheaded","floor":5},{"not_picked":["Turbo","Steam","Barrage"],"picked":"SKIP","floor":7},{"not_picked":["Lockon+1","Fission"],"picked":"Sweeping Beam+1","floor":10}],"player_experience":1062188,"relics_obtained":[{"floor":7,"key":"Happy Flower"},{"floor":9,"key":"Molten Egg 2"},{"floor":10,"key":"Nunchaku"}],"event_choices":[],"is_beta":false,"boss_relics":[],"items_purged_floors":[],"is_endless":false,"potions_floor_spawned":[1,7],"killed_by":"2 Fungi Beasts","ascension_level":20}