{"gold_per_floor":[112,112,125,125,144,144,164,228,228,256,256,256,256,285,285,357,357,377,249,266,284,104,137,137,137,137,62,79,105,105,105,105,179,179,194,220,236,16,29,29],"floor_reached":40,"playtime":2211,"items_purged":["Strike_B","Strike_B"],"score":864,"play_id":"bf4021e1-8b9c-486c-9723-e76961efd761","local_time":"20190404141914","is_ascension_mode":true,"campfire_choices":[{"data":"Consume","floor":6.0,"key":"SMITH"},{"data":"Reinforced Body","floor":11.0,"key":"SMITH"},{"data":"Machine Learning","floor":13.0,"key":"SMITH"},{"data":"FTL","floor":15.0,"key":"SMITH"},{"data":"Creative AI","floor":24.0,"key":"SMITH"},{"data":"Creative AI","floor":30.0,"key":"SMITH"},{"data":"Genetic Algorithm","floor":32.0,"key":"SMITH"}],"neow_cost":"NONE","seed_source_timestamp":0,"circlet_count":0,"master_deck":["AscendersBane","Strike_B","Defend_B","Defend_B","Defend_B","Defend_B","Zap+1","Dualcast","Self Repair","Consume+1","Conserve Battery","FTL+1","Ball Lightning","Machine Learning+1","Reinforced Body+1","Creative AI+1","Glacier","Genetic Algorithm+1","Cold Snap","Self Repair","Blizzard","Creative AI+1","Buffer","Steam Power","Defragment+1"],"special_seed":0,"relics":["Cracked Core","Tiny Chest","Art of War","Question Card","Strawberry","Odd Mushroom","Coffee Dripper","Smiling Mask","Sundial","Dream Catcher","Runic Dome","Anchor"],"potions_floor_usage":[40],"damage_taken":[{"damage":12.0,"enemies":"Jaw Worm","floor":1.0,"turns":3.0},{"damage":0.0,"enemies":"2 Louse","floor":3.0,"turns":1.0},{"damage":0.0,"enemies":"Small Slimes","floor":5.0,"turns":3.0},{"damage":7.0,"enemies":"Exordium Wildlife","floor":7.0,"turns":4.0},{"damage":30.0,"enemies":"3 Sentries","floor":8.0,"turns":6.0},{"damage":13.0,"enemies":"Lagavulin","floor":10.0,"turns":5.0},{"damage":17.0,"enemies":"The Mushroom Lair","floor":14.0,"turns":5.0},{"damage":12.0,"enemies":"Hexaghost","floor":16.0,"turns":9.0},{"damage":34.0,"enemies":"2 Thieves","floor":18.0,"turns":5.0},{"damage":11.0,"enemies":"Chosen","floor":20.0,"turns":6.0},{"damage":9.0,"enemies":"Sentry and Sphere","floor":21.0,"turns":8.0},{"damage":18.0,"enemies":"Book of Stabbing","floor":23.0,"turns":7.0},{"damage":6.0,"enemies":"Snake Plant","floor":28.0,"turns":6.0},{"damage":37.0,"enemies":"Slavers","floor":29.0,"turns":7.0},{"damage":17.0,"enemies":"Champ","floor":33.0,"turns":14.0},{"damage":6.0,"enemies":"3 Shapes","floor":35.0,"turns":7.0},{"damage":66.0,"enemies":"3 Darklings","floor":37.0,"turns":8.0},{"damage":26,"enemies":"4 Shapes","floor":39,"turns":12},{"damage":47,"enemies":"Reptomancer","floor":40,"turns":2}],"seed_played":"4833950062700984334","potions_obtained":[{"floor":3.0,"key":"Poison Potion"},{"floor":5.0,"key":"Poison Potion"},{"floor":20.0,"key":"PowerPotion"},{"floor":28.0,"key":"Fire Potion"},{"floor":33.0,"key":"Energy Potion"},{"floor":39,"key":"PowerPotion"}],"is_trial":false,"path_per_floor":["M","?","M","?","M","R","M","E","T","E","R","T","R","?","R","B",null,"M","$","M","M","$","E","R","?","T","?","M","E","R","?","R","B",null,"M","T","M","$","M","E"],"character_chosen":"DEFECT","items_purchased":["Fire Potion","Self Repair","Anchor","AttackPotion"],"campfire_rested":0,"item_purchase_floors":[19,22,38,38],"current_hp_per_floor":[59,59,59,64,71,71,71,48,48,42,42,49,49,39,39,34,71,44,44,40,38,38,41,41,41,41,41,49,19,19,19,19,16,66,74,74,36,36,38,0],"gold":29,"neow_bonus":"THREE_CARDS","is_prod":false,"is_daily":false,"chose_seed":false,"campfire_upgraded":7,"win_rate":0,"timestamp":1554380354,"path_taken":["M","?","M","?","M","R","M","E","T","E","R","?","R","?","R","BOSS","M","$","M","M","$","E","R","?","T","?","M","E","R","?","R","BOSS","M","?","M","$","M","E"],"build_version":"2019-01-23","purchased_purges":2,"victory":false,"max_hp_per_floor":[71,71,71,76,76,76,76,76,76,76,76,83,83,83,83,83,83,83,83,83,83,83,83,83,83,83,83,83,83,83,83,83,83,83,83,83,83,83,83,83],"card_choices":[{"not_picked":["Steam","Steam Power"],"picked":"Self Repair","floor":0.0},{"not_picked":["Hologram","Compile Driver"],"picked":"Consume","floor":1.0},{"not_picked":["Recycle","Meteor Strike"],"picked":"Conserve Battery","floor":3.0},{"not_picked":["Rebound","Barrage"],"picked":"FTL","floor":5.0},{"not_picked":["White Noise","Heatsinks"],"picked":"Ball Lightning","floor":7.0},{"not_picked":["Streamline","Reboot"],"picked":"Machine Learning","floor":8.0},{"not_picked":["Turbo","Scrape"],"picked":"Reinforced Body","floor":10.0},{"not_picked":["Fission","All For One","Thunder Strike"],"picked":"Creative AI","floor":16.0},{"not_picked":["Stack","Sunder","Redo+1"],"picked":"Glacier","floor":18.0},{"not_picked":["Scrape+1","Storm","Streamline"],"picked":"Genetic Algorithm","floor":20.0},{"not_picked":["Tempest","Steam Power","Recycle"],"picked":"Cold Snap","floor":21.0},{"not_picked":["Conserve Battery","Scrape","Self Repair","Rebound"],"picked":"SKIP","floor":23.0},{"not_picked":["Beam Cell","Rebound+1","Electrodynamics"],"picked":"Blizzard","floor":28.0},{"not_picked":["Static Discharge","Barrage","Sweeping Beam"],"picked":"Creative AI","floor":29.0},{"not_picked":["Reboot","Biased Cognition","Seek"],"picked":"Buffer","floor":33.0},{"not_picked":["Streamline","Turbo","Fusion+1"],"picked":"Steam Power","floor":35.0},{"not_picked":["Auto Shields+1","Steam+1","FTL","Aggregate+1"],"picked":"SKIP","floor":37.0},{"not_picked":["Genetic Algorithm","Self Repair","Tempest"],"picked":"Defragment+1","floor":39}],"player_experience":1545471,"relics_obtained":[{"floor":8.0,"key":"Tiny Chest"},{"floor":9.0,"key":"Art of War"},{"floor":10.0,"key":"Question Card"},{"floor":12.0,"key":"Strawberry"},{"floor":14.0,"key":"Odd Mushroom"},{"floor":23.0,"key":"Smiling Mask"},{"floor":26.0,"key":"Sundial"},{"floor":29.0,"key":"Dream Catcher"}],"event_choices":[{"damage_healed":0.0,"max_hp_gain":0.0,"max_hp_loss":0.0,"gold_gain":0.0,"event_name":"Living Wall","player_choice":"Grow","floor":2.0,"gold_loss":0.0,"damage_taken":0.0,"cards_upgraded":["Zap"]},{"damage_healed":0.0,"max_hp_gain":5.0,"max_hp_loss":0.0,"gold_gain":0.0,"event_name":"Big Fish","player_choice":"Donut","floor":4.0,"gold_loss":0.0,"damage_taken":0.0},{"damage_healed":0.0,"max_hp_gain":0.0,"max_hp_loss":0.0,"gold_gain":0.0,"event_name":"Mushrooms","player_choice":"Fought Mushrooms","floor":14.0,"gold_loss":0.0,"damage_taken":0.0},{"damage_healed":0.0,"max_hp_gain":0.0,"max_hp_loss":0.0,"gold_gain":0.0,"event_name":"Vampires","player_choice":"Ignored","floor":25.0,"gold_loss":0.0,"damage_taken":0.0},{"cards_removed":["Strike_B"],"damage_healed":0.0,"max_hp_gain":0.0,"max_hp_loss":0.0,"gold_gain":0.0,"event_name":"Beggar","player_choice":"Gave Gold","floor":27.0,"gold_loss":75.0,"damage_taken":0.0},{"damage_healed":0.0,"max_hp_gain":0.0,"max_hp_loss":0.0,"gold_gain":0.0,"event_name":"FaceTrader","player_choice":"Leave","floor":31.0,"gold_loss":0.0,"damage_taken":0.0}],"is_beta":false,"boss_relics":[{"not_picked":["Ectoplasm","Velvet Choker"],"picked":"Coffee Dripper"},{"not_picked":["Tiny House","Pandora\u0027s Box"],"picked":"Runic Dome"}],"items_purged_floors":[19,22],"is_endless":false,"potions_floor_spawned":[3,5,8,20,28,33,39],"killed_by":"Reptomancer","ascension_level":20}