{"gold_per_floor":[119,194,213,45,45,45,76,21,90,90,120,135,95,111,111,111],"floor_reached":16,"playtime":788,"items_purged":[],"score":216,"play_id":"2e61eb37-72ce-4463-9e20-d1eff7a305d4","local_time":"20190703104105","is_ascension_mode":true,"campfire_choices":[{"floor":6.0,"key":"REST"},{"floor":10.0,"key":"REST"},{"floor":15,"key":"REST"}],"neow_cost":"NONE","seed_source_timestamp":5946087071437,"circlet_count":0,"master_deck":["AscendersBane","Strike_G","Strike_G","Strike_G","Strike_G","Strike_G","Defend_G","Defend_G","Defend_G","Defend_G","Defend_G","Survivor","Neutralize","Poisoned Stab","Masterful Stab","Infinite Blades","Skewer","Well Laid Plans"],"special_seed":0,"relics":["Ring of the Snake","Snake Skull","Vajra","Matryoshka","Boot","Potion Belt","Gremlin Horn","Omamori"],"potions_floor_usage":[11,14,14,14,16,16,16,16,16],"damage_taken":[{"damage":4.0,"enemies":"Jaw Worm","floor":1.0,"turns":9.0},{"damage":0.0,"enemies":"2 Louse","floor":3.0,"turns":3.0},{"damage":24.0,"enemies":"3 Sentries","floor":7.0,"turns":13.0},{"damage":28,"enemies":"Gremlin Nob","floor":11,"turns":4},{"damage":0,"enemies":"Small Slimes","floor":12,"turns":3},{"damage":0,"enemies":"Gremlin Gang","floor":14,"turns":4},{"damage":23,"enemies":"The Guardian","floor":16,"turns":9}],"seed_played":"-7646415448710151511","potions_obtained":[{"floor":7.0,"key":"Block Potion"},{"floor":11,"key":"Poison Potion"},{"floor":13,"key":"Weak Potion"},{"floor":13,"key":"EntropicBrew"},{"floor":13,"key":"SteroidPotion"},{"floor":14,"key":"Strength Potion"}],"is_trial":false,"path_per_floor":["M","?","M","$","?","R","E","$","T","R","E","M","?","M","R","B"],"character_chosen":"THE_SILENT","items_purchased":["Vajra","PowerPotion"],"campfire_rested":3,"item_purchase_floors":[4,8],"current_hp_per_floor":[55,44,44,44,18,37,13,13,13,32,4,4,4,4,23,0],"gold":111,"neow_bonus":"RANDOM_COMMON_RELIC","is_prod":false,"is_daily":false,"chose_seed":false,"campfire_upgraded":0,"win_rate":0,"timestamp":1562143265,"path_taken":["M","?","M","$","?","R","E","$","T","R","E","M","?","M","R","BOSS"],"build_version":"2019-07-01","purchased_purges":0,"victory":false,"max_hp_per_floor":[66,66,66,66,66,66,66,66,66,66,66,66,66,66,66,66],"card_choices":[{"not_picked":["Slice","Eviscerate"],"picked":"Poisoned Stab","floor":1.0},{"not_picked":["Blade Dance","Acrobatics"],"picked":"Masterful Stab","floor":3.0},{"not_picked":["Flechettes","Sucker Punch","Heel Hook"],"picked":"SKIP","floor":7.0},{"not_picked":["Blade Dance","Endless Agony"],"picked":"Infinite Blades","floor":11},{"not_picked":["Accuracy","Distraction"],"picked":"Skewer","floor":12},{"not_picked":["PiercingWail","Predator"],"picked":"Well Laid Plans","floor":14}],"player_experience":1767512,"relics_obtained":[{"floor":7.0,"key":"Boot"},{"floor":9.0,"key":"Potion Belt"},{"floor":9.0,"key":"Gremlin Horn"},{"floor":11,"key":"Omamori"}],"event_choices":[{"damage_healed":0.0,"max_hp_gain":0.0,"max_hp_loss":0.0,"gold_gain":75.0,"event_name":"World of Goop","player_choice":"Gather Gold","floor":2.0,"gold_loss":0.0,"damage_taken":11.0},{"damage_healed":0.0,"max_hp_gain":0.0,"max_hp_loss":0.0,"gold_gain":0.0,"event_name":"Scrap Ooze","player_choice":"Success","floor":5.0,"gold_loss":0.0,"damage_taken":26.0,"relics_obtained":["Matryoshka"]},{"damage_healed":0,"gold_gain":0,"player_choice":"Bought 3 Potions","damage_taken":0,"max_hp_gain":0,"max_hp_loss":0,"event_name":"The Woman in Blue","floor":13,"gold_loss":0}],"is_beta":false,"boss_relics":[],"items_purged_floors":[],"is_endless":false,"potions_floor_spawned":[7,11,14],"killed_by":"The Guardian","ascension_level":20}