{"gold_per_floor":[116,183,183,193,207,207,242,242,295,101,133,133,153,163,163,265,265,277,288,387,402,421,421,448,448,448,475,487,487,504,59,59,59],"floor_reached":33,"playtime":1466,"items_purged":[],"score":416,"play_id":"6d4fce66-ca93-4d7c-9b5e-daea539f8099","local_time":"20180909123101","is_ascension_mode":true,"campfire_choices":[{"data":"Noxious Fumes","floor":6,"key":"SMITH"},{"data":"Neutralize","floor":8,"key":"SMITH"},{"data":"A Thousand Cuts","floor":12,"key":"SMITH"},{"data":"Sucker Punch","floor":15,"key":"SMITH"},{"floor":23,"key":"REST"},{"floor":25,"key":"REST"},{"data":"A Thousand Cuts","floor":29,"key":"SMITH"},{"floor":32,"key":"REST"}],"neow_cost":"","seed_source_timestamp":3923838725639,"circlet_count":0,"master_deck":["Defend_G","Defend_G+1","Defend_G","Defend_G","Defend_G+1","Strike_G","Strike_G","Strike_G","Strike_G","Strike_G","Survivor","Neutralize+1","Dash+1","Cloak And Dagger","Noxious Fumes+1","Bullet Time","A Thousand Cuts+1","Sucker Punch+1","Choke","A Thousand Cuts+1","Footwork","Heel Hook+1","Blade Dance","Prepared","Cloak And Dagger+1","Heel Hook+1","Footwork","Bandage Up","Deadly Poison"],"relics":["Ring of the Snake","Regal Pillow","War Paint","HandDrill","Mango","Busted Crown","Ancient Tea Set","Bottled Lightning","Blood Vial","The Specimen"],"potions_floor_usage":[7,11,13,22,24,27,28,33],"damage_taken":[{"damage":3,"enemies":"Jaw Worm","floor":1,"turns":5},{"damage":0,"enemies":"2 Louse","floor":4,"turns":2},{"damage":0,"enemies":"Small Slimes","floor":5,"turns":3},{"damage":5,"enemies":"3 Sentries","floor":7,"turns":6},{"damage":24,"enemies":"Gremlin Nob","floor":11,"turns":5},{"damage":5,"enemies":"Gremlin Gang","floor":13,"turns":3},{"damage":0,"enemies":"3 Louse","floor":14,"turns":4},{"damage":13,"enemies":"Slime Boss","floor":16,"turns":8},{"damage":0,"enemies":"Chosen","floor":18,"turns":4},{"damage":7,"enemies":"Spheric Guardian","floor":19,"turns":4},{"damage":24,"enemies":"Shelled Parasite and Fungi","floor":21,"turns":5},{"damage":23,"enemies":"Cultist and Chosen","floor":22,"turns":6},{"damage":45,"enemies":"Gremlin Leader","floor":24,"turns":6},{"damage":28,"enemies":"Book of Stabbing","floor":27,"turns":6},{"damage":9,"enemies":"Snecko","floor":28,"turns":5},{"damage":13,"enemies":"Sentry and Sphere","floor":30,"turns":5},{"damage":67,"enemies":"Collector","floor":33,"turns":6}],"seed_played":"2314914595979578680","potions_obtained":[{"floor":1,"key":"AttackPotion"},{"floor":5,"key":"Weak Potion"},{"floor":11,"key":"Block Potion"},{"floor":18,"key":"Regen Potion"},{"floor":19,"key":"LiquidBronze"},{"floor":24,"key":"LiquidBronze"},{"floor":27,"key":"Dexterity Potion"},{"floor":28,"key":"Dexterity Potion"}],"is_trial":false,"path_per_floor":["M","?","?","M","M","R","E","R","T","$","E","R","M","M","R","B",null,"M","M","?","M","M","R","E","R","T","E","M","R","M","$","R"],"character_chosen":"THE_SILENT","items_purchased":["HandDrill","The Specimen","Bandage Up","Deadly Poison"],"campfire_rested":3,"item_purchase_floors":[10,31,31,31],"current_hp_per_floor":[60,60,60,60,60,60,55,55,55,55,45,45,40,40,40,27,70,70,63,63,39,30,70,25,65,65,37,30,30,19,19,59,0],"gold":59,"neow_bonus":"","is_prod":false,"is_daily":false,"chose_seed":false,"campfire_upgraded":5,"win_rate":0,"timestamp":1536489061,"path_taken":["M","?","?","M","M","R","E","R","T","$","E","R","M","M","R","BOSS","M","?","?","M","?","R","E","R","T","E","M","R","M","?","R","BOSS"],"build_version":"2018-09-06","purchased_purges":0,"victory":false,"max_hp_per_floor":[70,70,70,70,70,70,70,70,70,70,84,84,84,84,84,84,84,84,84,84,84,84,84,84,84,84,84,84,84,84,84,84,84],"card_choices":[{"not_picked":["Slice","Outmaneuver"],"picked":"Dash","floor":1},{"not_picked":["PiercingWail","Prepared"],"picked":"Cloak And Dagger","floor":4},{"not_picked":["Sucker Punch","Cloak And Dagger"],"picked":"Noxious Fumes","floor":5},{"not_picked":["Acrobatics","Dagger Spray"],"picked":"Bullet Time","floor":7},{"not_picked":["Flechettes","Poisoned Stab"],"picked":"A Thousand Cuts","floor":11},{"not_picked":["Bane","PiercingWail"],"picked":"Sucker Punch","floor":13},{"not_picked":["Deflect","Calculated Gamble"],"picked":"Choke","floor":14},{"not_picked":["Bullet Time","Grand Finale"],"picked":"A Thousand Cuts","floor":16},{"not_picked":["Eviscerate+1"],"picked":"SKIP","floor":18},{"not_picked":[],"picked":"Footwork","floor":19},{"not_picked":[],"picked":"Heel Hook+1","floor":21},{"not_picked":[],"picked":"Blade Dance","floor":22},{"not_picked":[],"picked":"Prepared","floor":24},{"not_picked":[],"picked":"Cloak And Dagger+1","floor":27},{"not_picked":[],"picked":"Heel Hook+1","floor":28},{"not_picked":[],"picked":"Footwork","floor":30}],"player_experience":393021,"relics_obtained":[{"floor":7,"key":"Regal Pillow"},{"floor":9,"key":"War Paint"},{"floor":11,"key":"Mango"},{"floor":24,"key":"Ancient Tea Set"},{"floor":26,"key":"Bottled Lightning"},{"floor":27,"key":"Blood Vial"}],"event_choices":[{"event_name":"Golden Wing","player_choice":"Gained Gold","floor":2,"damage_taken":0},{"event_name":"Living Wall","player_choice":"Grow","floor":3,"damage_taken":0},{"event_name":"Nest","player_choice":"Stole From Cult","floor":20,"damage_taken":0}],"is_beta":true,"boss_relics":[{"not_picked":["Lizard Tail","HoveringKite"],"picked":"Busted Crown"}],"items_purged_floors":[],"is_endless":false,"potions_floor_spawned":[1,5,11,18,19,24,27,28],"killed_by":"Collector","ascension_level":8}