{"gold_per_floor":[363,278,288,132,145,145,157,183,206,206,240,256,315,340,340,418,418,435,449,109,109,125,125,158,158,207,207,219,245,259,284,284,360,360,378,184,203,103,103,137,137,172,172,172,203,203,203,250,250,250,250,250,250,20,45,45],"floor_reached":57,"playtime":2595,"items_purged":["Strike_G","Strike_G"],"score":3028,"play_id":"073a13cb-8d86-4309-8cc5-98aedbeab1f7","local_time":"20190830013852","is_ascension_mode":true,"campfire_choices":[{"data":"Crippling Poison","floor":6,"key":"SMITH"},{"floor":10,"key":"REST"},{"data":"Dagger Spray","floor":15,"key":"SMITH"},{"data":"A Thousand Cuts","floor":23,"key":"SMITH"},{"data":"Noxious Fumes","floor":25,"key":"SMITH"},{"data":"Corpse Explosion","floor":27,"key":"SMITH"},{"data":"Ghostly","floor":32,"key":"SMITH"},{"floor":41,"key":"RECALL"},{"data":"Well Laid Plans","floor":44,"key":"SMITH"},{"floor":47,"key":"REST"},{"data":"Malaise","floor":49,"key":"SMITH"},{"floor":53,"key":"REST"}],"neow_cost":"PERCENT_DAMAGE","seed_source_timestamp":51862074372334,"circlet_count":0,"master_deck":["AscendersBane","Strike_G","Strike_G","Strike_G","Defend_G","Defend_G","Defend_G","Defend_G","Survivor","Neutralize","Poisoned Stab","Leg Sweep","Cloak And Dagger","Crippling Poison+1","Well Laid Plans+1","Corpse Explosion+1","Blur","Deadly Poison","Dash+1","Dagger Spray+1","Poisoned Stab+1","A Thousand Cuts+1","Backflip","Ghostly+1","Ghostly","Ghostly","Noxious Fumes+1","Backflip","Cloak And Dagger+1","Die Die Die","Malaise+1","Apotheosis","Blade Dance+1","Pain","Dash+1","Writhe"],"relics":["Ring of the Snake","Anchor","Bronze Scales","Potion Belt","Snake Skull","Whetstone","Snecko Eye","Mummified Hand","Calipers","Ancient Tea Set","Darkstone Periapt","Tough Bandages","Cursed Key","Ginger","The Courier","Blood Vial","Nunchaku","Bottled Lightning","Letter Opener"],"potions_floor_usage":[13,16,29,31,45,56,56,56],"damage_taken":[{"damage":0,"enemies":"Cultist","floor":1,"turns":4},{"damage":1,"enemies":"Small Slimes","floor":3,"turns":3},{"damage":2,"enemies":"Jaw Worm","floor":5,"turns":4},{"damage":9,"enemies":"Large Slime","floor":7,"turns":6},{"damage":13,"enemies":"3 Sentries","floor":8,"turns":4},{"damage":3,"enemies":"Lagavulin","floor":11,"turns":7},{"damage":0,"enemies":"Looter","floor":12,"turns":3},{"damage":14,"enemies":"Lagavulin Event","floor":13,"turns":6},{"damage":0,"enemies":"Gremlin Nob","floor":14,"turns":3},{"damage":11,"enemies":"Slime Boss","floor":16,"turns":10},{"damage":0,"enemies":"2 Thieves","floor":18,"turns":3},{"damage":6,"enemies":"Shell Parasite","floor":19,"turns":4},{"damage":0,"enemies":"Cultist and Chosen","floor":22,"turns":5},{"damage":3,"enemies":"Book of Stabbing","floor":24,"turns":5},{"damage":0,"enemies":"Centurion and Healer","floor":28,"turns":3},{"damage":1,"enemies":"Gremlin Leader","floor":29,"turns":5},{"damage":8,"enemies":"Shelled Parasite and Fungi","floor":30,"turns":4},{"damage":0,"enemies":"Book of Stabbing","floor":31,"turns":4},{"damage":16,"enemies":"Collector","floor":33,"turns":9},{"damage":0,"enemies":"3 Shapes","floor":35,"turns":3},{"damage":1,"enemies":"Orb Walker","floor":37,"turns":3},{"damage":4,"enemies":"Giant Head","floor":40,"turns":9},{"damage":0,"enemies":"Nemesis","floor":42,"turns":7},{"damage":16,"enemies":"Reptomancer","floor":45,"turns":7},{"damage":4,"enemies":"2 Orb Walkers","floor":48,"turns":4},{"damage":22,"enemies":"Time Eater","floor":50,"turns":13},{"damage":16,"enemies":"Donu and Deca","floor":51,"turns":6},{"damage":5,"enemies":"Shield and Spear","floor":55,"turns":6},{"damage":40,"enemies":"The Heart","floor":56,"turns":9}],"seed_played":"-6973951697123677620","potions_obtained":[{"floor":5,"key":"FairyPotion"},{"floor":7,"key":"PowerPotion"},{"floor":13,"key":"Swift Potion"},{"floor":14,"key":"SpeedPotion"},{"floor":16,"key":"Energy Potion"},{"floor":24,"key":"EssenceOfSteel"},{"floor":28,"key":"Dexterity Potion"},{"floor":30,"key":"Energy Potion"},{"floor":31,"key":"Fruit Juice"},{"floor":35,"key":"Swift Potion"},{"floor":45,"key":"SmokeBomb"},{"floor":48,"key":"Swift Potion"},{"floor":55,"key":"LiquidBronze"}],"is_trial":false,"path_per_floor":["M","$","M","$","M","R","M","E","T","R","E","M","?","E","R","B",null,"M","M","$","?","M","R","E","R","T","R","M","E","M","E","R","B",null,"M","$","M","$","?","E","R","E","T","R","E","?","R","?","R","B","B",null,"R","$","E","B",null],"character_chosen":"THE_SILENT","items_purchased":["Leg Sweep","Crippling Poison","Well Laid Plans","Mummified Hand","Apotheosis","Bottled Lightning"],"campfire_rested":3,"item_purchase_floors":[2,4,4,20,36,54],"current_hp_per_floor":[44,44,43,43,41,41,32,19,19,38,35,35,21,21,21,10,52,52,46,46,33,33,33,30,30,30,30,30,29,21,26,26,10,31,31,31,30,30,30,26,26,26,32,32,16,31,46,44,44,24,10,40,50,50,45,7],"gold":45,"neow_bonus":"TWO_FIFTY_GOLD","is_prod":false,"is_daily":false,"chose_seed":false,"campfire_upgraded":8,"win_rate":0,"timestamp":1567121932,"path_taken":["M","$","?","$","M","R","M","E","T","R","E","M","?","E","R","BOSS","M","M","$","?","M","R","E","R","T","R","M","E","M","E","R","BOSS","M","$","M","$","?","E","R","E","T","R","E","?","R","?","R","BOSS","BOSS","R","$","E","BOSS"],"build_version":"2019-07-17","purchased_purges":2,"victory":true,"max_hp_per_floor":[66,66,66,66,66,66,66,66,66,66,66,66,66,66,66,66,66,66,66,66,33,33,33,33,33,33,33,33,33,33,38,38,38,38,38,38,38,38,38,38,38,38,44,44,44,50,50,50,50,50,50,50,50,50,50,50],"card_choices":[{"not_picked":["Deadly Poison","Cloak And Dagger"],"picked":"Poisoned Stab","floor":1},{"not_picked":["Escape Plan","Blade Dance"],"picked":"Cloak And Dagger","floor":3},{"not_picked":["Choke","Deflect"],"picked":"Corpse Explosion","floor":5},{"not_picked":["All Out Attack","Blade Dance"],"picked":"Blur","floor":7},{"not_picked":["Doppelganger","Underhanded Strike"],"picked":"Deadly Poison","floor":8},{"not_picked":["Outmaneuver","Underhanded Strike"],"picked":"Dash","floor":11},{"not_picked":["Choke","Setup"],"picked":"Dagger Spray","floor":12},{"not_picked":["Predator","PiercingWail"],"picked":"Poisoned Stab","floor":13},{"not_picked":["Dash","Cloak And Dagger","Flying Knee"],"picked":"SKIP","floor":14},{"not_picked":["Bullet Time","Doppelganger"],"picked":"A Thousand Cuts","floor":16},{"not_picked":["Backstab","Acrobatics"],"picked":"Backflip","floor":18},{"not_picked":["Skewer","Deflect+1","Flying Knee"],"picked":"SKIP","floor":19},{"not_picked":["Reflex","Concentrate","Deflect"],"picked":"SKIP","floor":22},{"not_picked":["Crippling Poison","Catalyst"],"picked":"Noxious Fumes","floor":24},{"not_picked":["Well Laid Plans","Dagger Spray","Escape Plan"],"picked":"SKIP","floor":28},{"not_picked":["Backstab","Setup+1"],"picked":"Backflip","floor":29},{"not_picked":["Riddle With Holes","Flying Knee"],"picked":"Cloak And Dagger+1","floor":30},{"not_picked":["Outmaneuver","Backflip"],"picked":"Die Die Die","floor":31},{"not_picked":["Glass Knife","Unload"],"picked":"Malaise","floor":33},{"not_picked":["Poisoned Stab+1","Underhanded Strike","Blade Dance"],"picked":"SKIP","floor":35},{"not_picked":["Eviscerate","Setup","Flying Knee+1"],"picked":"SKIP","floor":37},{"not_picked":["Eviscerate","Dagger Throw","Distraction+1"],"picked":"SKIP","floor":40},{"not_picked":["Sucker Punch","Outmaneuver"],"picked":"Blade Dance+1","floor":42},{"not_picked":["Bane","Flying Knee"],"picked":"Dash+1","floor":45},{"not_picked":["Dagger Spray","Dodge and Roll","Dagger Throw+1"],"picked":"SKIP","floor":55}],"player_experience":1989802,"relics_obtained":[{"floor":8,"key":"Anchor"},{"floor":9,"key":"Bronze Scales"},{"floor":11,"key":"Potion Belt"},{"floor":13,"key":"Snake Skull"},{"floor":14,"key":"Whetstone"},{"floor":24,"key":"Calipers"},{"floor":26,"key":"Ancient Tea Set"},{"floor":29,"key":"Darkstone Periapt"},{"floor":31,"key":"Tough Bandages"},{"floor":40,"key":"Ginger"},{"floor":42,"key":"The Courier"},{"floor":45,"key":"Blood Vial"},{"floor":48,"key":"Nunchaku"},{"floor":55,"key":"Letter Opener"}],"event_choices":[{"damage_healed":0,"gold_gain":0,"player_choice":"Searched \u00271\u0027 times","damage_taken":0,"max_hp_gain":0,"max_hp_loss":0,"event_name":"Dead Adventurer","floor":13,"gold_loss":0},{"damage_healed":0,"gold_gain":0,"player_choice":"Became a Ghost","damage_taken":0,"max_hp_gain":0,"max_hp_loss":33,"event_name":"Ghosts","floor":21,"gold_loss":0,"cards_obtained":["Ghostly","Ghostly","Ghostly"]},{"cards_removed":["Defend_G"],"damage_healed":0,"gold_gain":0,"player_choice":"Removed Skill","damage_taken":0,"max_hp_gain":0,"max_hp_loss":0,"event_name":"Falling","floor":39,"gold_loss":0},{"damage_healed":9,"gold_gain":0,"player_choice":"Writhe","damage_taken":0,"max_hp_gain":0,"max_hp_loss":0,"event_name":"Winding Halls","floor":46,"gold_loss":0,"cards_obtained":["Writhe"]},{"damage_healed":0,"gold_gain":0,"player_choice":"Fight","damage_taken":0,"max_hp_gain":0,"max_hp_loss":0,"event_name":"Mysterious Sphere","floor":48,"gold_loss":0}],"is_beta":false,"boss_relics":[{"not_picked":["Lizard Tail","Astrolabe"],"picked":"Snecko Eye"},{"not_picked":["Runic Dome","Orrery"],"picked":"Cursed Key"}],"items_purged_floors":[20,38],"is_endless":false,"potions_floor_spawned":[5,7,13,14,16,24,28,30,31,35,40,45,48,55],"ascension_level":20}