{"gold_per_floor":[366,39,114,79,79,79,91,91,91,121,138,138,166,184,184,258,258,272,26,26,41,53,53,85,85,85,85,85,85,97,127,127,198,198,209,227,247,264,15,15],"floor_reached":40,"playtime":1762,"items_purged":["Strike_G"],"score":1018,"play_id":"fe5fc063-e418-49f7-8d9e-bf30888ec3e6","local_time":"20190813231221","is_ascension_mode":true,"campfire_choices":[{"data":"Noxious Fumes","floor":6.0,"key":"SMITH"},{"data":"Catalyst","floor":8.0,"key":"SMITH"},{"floor":12.0,"key":"REST"},{"floor":15.0,"key":"REST"},{"floor":23.0,"key":"REST"},{"floor":25.0,"key":"REST"},{"data":"Malaise","floor":29.0,"key":"SMITH"},{"data":"Well Laid Plans","floor":32.0,"key":"SMITH"}],"neow_cost":"PERCENT_DAMAGE","seed_source_timestamp":0,"circlet_count":0,"master_deck":["AscendersBane","Strike_G","Strike_G","Strike_G","Strike_G","Defend_G","Defend_G","Defend_G","Defend_G","Defend_G","Survivor","Neutralize","Catalyst+1","Noxious Fumes+1","Blade Dance","Bane","Malaise+1","Backflip","Bullet Time","Escape Plan+1","Die Die Die+1","RitualDagger+1","Dodge and Roll","Cloak And Dagger","Well Laid Plans+1","Backstab+1","Glass Knife+1","Bouncing Flask","Crippling Poison","Blur+1","Catalyst"],"special_seed":0,"relics":["Ring of the Snake","Membership Card","Anchor","The Courier","Omamori","Sozu","ClockworkSouvenir","Molten Egg 2","Sundial","Nunchaku","MutagenicStrength","Snake Skull","Snecko Eye","Chemical X","Strawberry","Lantern"],"potions_floor_usage":[],"damage_taken":[{"damage":0.0,"enemies":"Jaw Worm","floor":1.0,"turns":6.0},{"damage":6.0,"enemies":"Small Slimes","floor":7.0,"turns":4.0},{"damage":24.0,"enemies":"3 Sentries","floor":10.0,"turns":8.0},{"damage":8.0,"enemies":"Cultist","floor":11.0,"turns":5.0},{"damage":17.0,"enemies":"Lagavulin","floor":13.0,"turns":7.0},{"damage":4.0,"enemies":"Large Slime","floor":14.0,"turns":5.0},{"damage":0.0,"enemies":"Slime Boss","floor":16.0,"turns":7.0},{"damage":27.0,"enemies":"Shell Parasite","floor":18.0,"turns":8.0},{"damage":6.0,"enemies":"3 Byrds","floor":21.0,"turns":7.0},{"damage":8.0,"enemies":"Shelled Parasite and Fungi","floor":22.0,"turns":6.0},{"damage":27.0,"enemies":"Book of Stabbing","floor":24.0,"turns":7.0},{"damage":1.0,"enemies":"3 Cultists","floor":30.0,"turns":4.0},{"damage":27.0,"enemies":"Gremlin Leader","floor":31.0,"turns":6.0},{"damage":36.0,"enemies":"Collector","floor":33.0,"turns":10.0},{"damage":0.0,"enemies":"3 Shapes","floor":35.0,"turns":4.0},{"damage":14.0,"enemies":"3 Darklings","floor":36.0,"turns":4.0},{"damage":0.0,"enemies":"4 Shapes","floor":37.0,"turns":6.0},{"damage":33,"enemies":"Spire Growth","floor":38,"turns":4},{"damage":10,"enemies":"Giant Head","floor":40,"turns":4}],"seed_played":"-5507100879474985068","potions_obtained":[{"floor":1.0,"key":"GhostInAJar"},{"floor":16.0,"key":"Block Potion"}],"is_trial":false,"path_per_floor":["M","$","?","?","?","R","M","R","T","E","M","R","E","M","R","B",null,"M","$","?","M","M","R","E","R","T","?","?","R","M","E","R","B",null,"M","M","M","M","$","E"],"character_chosen":"THE_SILENT","items_purchased":["Membership Card","Noxious Fumes","Fire Potion","ClockworkSouvenir","Molten Egg 2","Die Die Die+1","Chemical X","Strawberry","Lantern","Catalyst"],"campfire_rested":4,"item_purchase_floors":[2,2,2,19,19,19,39,39,39,39],"current_hp_per_floor":[44,44,33,49,49,49,43,43,43,19,11,30,13,9,28,28,57,30,30,24,18,10,29,2,21,21,21,66,66,65,38,38,2,50,50,36,36,3,10,0],"gold":15,"neow_bonus":"TWO_FIFTY_GOLD","is_prod":false,"is_daily":false,"chose_seed":false,"campfire_upgraded":4,"win_rate":0,"timestamp":1565730741,"path_taken":["M","$","?","?","?","R","M","R","T","E","M","R","E","M","R","BOSS","M","$","?","M","M","R","E","R","T","?","?","R","?","E","R","BOSS","M","?","M","M","$","E"],"build_version":"2019-07-17","purchased_purges":1,"victory":false,"max_hp_per_floor":[66,66,66,66,66,66,66,66,66,66,66,66,66,66,66,66,66,66,66,66,66,66,66,66,66,66,66,66,66,66,66,66,66,66,66,66,66,66,73,73],"card_choices":[{"not_picked":["Acrobatics","Sucker Punch"],"picked":"Catalyst","floor":1.0},{"not_picked":["Accuracy","Endless Agony"],"picked":"Blade Dance","floor":7.0},{"not_picked":["Backflip","Acrobatics"],"picked":"Skewer","floor":10.0},{"not_picked":["All Out Attack","Prepared"],"picked":"Bane","floor":11.0},{"not_picked":["Setup","Distraction"],"picked":"Malaise","floor":13.0},{"not_picked":["Quick Slash","Underhanded Strike"],"picked":"Backflip","floor":14.0},{"not_picked":["Venomology","Phantasmal Killer"],"picked":"Bullet Time","floor":16.0},{"not_picked":["Prepared","Distraction"],"picked":"Escape Plan+1","floor":18.0},{"not_picked":["Setup","Acrobatics"],"picked":"Dodge and Roll","floor":21.0},{"not_picked":["Underhanded Strike+1","Deflect"],"picked":"Cloak And Dagger","floor":22.0},{"not_picked":["Flying Knee+1","Outmaneuver","Choke+1"],"picked":"SKIP","floor":24.0},{"not_picked":["Bullet Time","Backflip"],"picked":"Well Laid Plans","floor":30.0},{"not_picked":["Reflex","Leg Sweep"],"picked":"Backstab+1","floor":31.0},{"not_picked":["Die Die Die+1","After Image"],"picked":"Glass Knife+1","floor":33.0},{"not_picked":["Prepared","Bane+1","Quick Slash+1"],"picked":"SKIP","floor":35.0},{"not_picked":["Caltrops","Blade Dance"],"picked":"Bouncing Flask","floor":36.0},{"not_picked":["Infinite Blades","Accuracy+1"],"picked":"Crippling Poison","floor":37.0},{"not_picked":["Blade Dance","Heel Hook+1"],"picked":"Blur+1","floor":38}],"player_experience":1916441,"relics_obtained":[{"floor":9.0,"key":"Anchor"},{"floor":10.0,"key":"The Courier"},{"floor":13.0,"key":"Omamori"},{"floor":24.0,"key":"Sundial"},{"floor":26.0,"key":"Nunchaku"},{"floor":31.0,"key":"Snake Skull"}],"event_choices":[{"damage_healed":0.0,"max_hp_gain":0.0,"max_hp_loss":0.0,"gold_gain":75.0,"event_name":"World of Goop","player_choice":"Gather Gold","floor":3.0,"gold_loss":0.0,"damage_taken":11.0},{"damage_healed":16.0,"max_hp_gain":0.0,"max_hp_loss":0.0,"gold_gain":0.0,"event_name":"The Cleric","player_choice":"Healed","floor":4.0,"gold_loss":35.0,"damage_taken":0.0},{"damage_healed":0.0,"max_hp_gain":0.0,"max_hp_loss":0.0,"gold_gain":0.0,"event_name":"Match and Keep!","player_choice":"0 cards matched","floor":5.0,"gold_loss":0.0,"damage_taken":0.0,"cards_obtained":[]},{"damage_healed":0.0,"max_hp_gain":0.0,"max_hp_loss":0.0,"gold_gain":0.0,"event_name":"Nest","player_choice":"Joined the Cult","floor":20.0,"gold_loss":0.0,"damage_taken":6.0,"cards_obtained":["RitualDagger"]},{"damage_healed":0.0,"max_hp_gain":0.0,"max_hp_loss":0.0,"gold_gain":0.0,"event_name":"Drug Dealer","player_choice":"Inject Mutagens","floor":27.0,"gold_loss":0.0,"damage_taken":0.0,"relics_obtained":["MutagenicStrength"]},{"cards_removed":["Skewer"],"damage_healed":45.0,"max_hp_gain":0.0,"max_hp_loss":0.0,"gold_gain":0.0,"event_name":"Bonfire Elementals","player_choice":"Offered Uncommon","floor":28.0,"gold_loss":0.0,"damage_taken":0.0}],"is_beta":false,"boss_relics":[{"not_picked":["Orrery","Empty Cage"],"picked":"Sozu"},{"not_picked":["Ring of the Serpent","Velvet Choker"],"picked":"Snecko Eye"}],"items_purged_floors":[2],"is_endless":false,"potions_floor_spawned":[1,13,16,21,24,35,37,38],"killed_by":"Giant Head","ascension_level":20}