{"gold_per_floor":[118,131,145,145,145,145,157,157,157,157,192,192,221,232,232,336,336,306,306,256,256,256,256,256,256,256,256,256,256,171,171],"floor_reached":31,"playtime":1162,"items_purged":[],"score":395,"play_id":"0843dc74-7973-47c0-aeea-45e56c404a17","local_time":"20180908153908","is_ascension_mode":true,"campfire_choices":[{"data":"Neutralize","floor":6.0,"key":"SMITH"},{"data":"Deadly Poison","floor":8.0,"key":"SMITH"},{"data":"Bouncing Flask","floor":10.0,"key":"SMITH"},{"floor":12,"key":"REST"},{"data":"Footwork","floor":15,"key":"SMITH"},{"data":"Caltrops","floor":23,"key":"SMITH"},{"data":"Blade Dance","floor":25,"key":"SMITH"},{"floor":27,"key":"REST"}],"neow_cost":"NONE","seed_source_timestamp":0,"circlet_count":0,"master_deck":["Defend_G","Defend_G","Defend_G","Defend_G","Defend_G","Strike_G","Strike_G","Strike_G","Strike_G","Strike_G","Survivor","Neutralize+1","Deadly Poison+1","Backstab","Bouncing Flask+1","Blade Dance+1","Footwork+1","Caltrops+1","Distraction+1","Corpse Explosion+1","Backflip+1","Calculated Gamble+1","Catalyst+1","Terror+1","Cloak And Dagger+1","Malaise+1","Expertise+1"],"special_seed":0,"relics":["White Beast Statue","Toxic Egg 2","Thread and Needle","Odd Mushroom","Ectoplasm","Mercury Hourglass","Tiny Chest","Meat on the Bone"],"potions_floor_usage":[11,11,16,16,21,21,24,24,24,29,29,31],"damage_taken":[{"damage":14.0,"enemies":"Jaw Worm","floor":1.0,"turns":7.0},{"damage":6.0,"enemies":"2 Louse","floor":2.0,"turns":2.0},{"damage":1.0,"enemies":"Cultist","floor":3.0,"turns":3.0},{"damage":16.0,"enemies":"Large Slime","floor":7.0,"turns":8.0},{"damage":18,"enemies":"Gremlin Nob","floor":11,"turns":3},{"damage":7,"enemies":"The Mushroom Lair","floor":13,"turns":5},{"damage":0,"enemies":"Blue Slaver","floor":14,"turns":3},{"damage":5,"enemies":"Hexaghost","floor":16,"turns":9},{"damage":18,"enemies":"2 Thieves","floor":18,"turns":2},{"damage":0,"enemies":"Spheric Guardian","floor":19,"turns":2},{"damage":5,"enemies":"Centurion and Healer","floor":21,"turns":5},{"damage":0,"enemies":"Snake Plant","floor":22,"turns":2},{"damage":10,"enemies":"Cultist and Chosen","floor":24,"turns":5},{"damage":22,"enemies":"3 Cultists","floor":28,"turns":5},{"damage":29,"enemies":"Gremlin Leader","floor":29,"turns":5},{"damage":8,"enemies":"Book of Stabbing","floor":31,"turns":3}],"seed_played":"5180334689048499954","potions_obtained":[{"floor":1.0,"key":"LiquidBronze"},{"floor":2.0,"key":"FearPotion"},{"floor":3.0,"key":"AttackPotion"},{"floor":7.0,"key":"SpeedPotion"},{"floor":11,"key":"LiquidBronze"},{"floor":13,"key":"FearPotion"},{"floor":14,"key":"AttackPotion"},{"floor":16,"key":"SpeedPotion"},{"floor":18,"key":"Poison Potion"},{"floor":21,"key":"Poison Potion"},{"floor":22,"key":"Dexterity Potion"},{"floor":24,"key":"Fruit Juice"},{"floor":28,"key":"PowerPotion"},{"floor":29,"key":"AttackPotion"}],"is_trial":false,"path_per_floor":["M","M","M","?","?","R","M","R","T","R","E","R","?","M","R","B",null,"M","M","?","M","M","R","M","R","T","R","M","E","?"],"character_chosen":"THE_SILENT","items_purchased":[],"campfire_rested":2,"item_purchase_floors":[],"current_hp_per_floor":[49,43,42,47,47,47,31,31,31,31,13,35,28,28,28,23,62,44,44,44,39,39,39,34,34,34,58,36,7,7,0],"gold":171,"neow_bonus":"BOSS_RELIC","is_prod":false,"is_daily":false,"chose_seed":false,"campfire_upgraded":6,"win_rate":0,"timestamp":1536413948,"path_taken":["M","M","M","?","?","R","M","R","T","R","E","R","?","?","R","BOSS","M","M","?","M","M","R","M","R","T","R","M","E","?","E"],"build_version":"2018-09-06","purchased_purges":0,"victory":false,"max_hp_per_floor":[70,70,70,75,75,75,75,75,75,75,75,75,75,75,75,75,75,75,75,75,75,75,75,80,80,80,80,80,80,80,80],"card_choices":[{"not_picked":["Finisher","Escape Plan"],"picked":"Deadly Poison","floor":1.0},{"not_picked":["Dagger Spray","Dagger Throw"],"picked":"Backstab","floor":2.0},{"not_picked":["Dagger Throw","Heel Hook"],"picked":"Bouncing Flask","floor":3.0},{"not_picked":["Choke","Deflect"],"picked":"Blade Dance","floor":7.0},{"not_picked":["Concentrate+1","Dagger Throw"],"picked":"Footwork","floor":11},{"not_picked":["Expertise+1","Endless Agony"],"picked":"Caltrops","floor":13},{"not_picked":["Blade Dance+1","Bane"],"picked":"Distraction+1","floor":14},{"not_picked":["Burst+1","A Thousand Cuts"],"picked":"Corpse Explosion+1","floor":16},{"not_picked":["Slice","Concentrate+1"],"picked":"Backflip+1","floor":18},{"not_picked":["Endless Agony","Poisoned Stab+1"],"picked":"Calculated Gamble+1","floor":19},{"not_picked":["Backflip+1","Dagger Throw"],"picked":"Catalyst+1","floor":21},{"not_picked":["Endless Agony","Prepared+1"],"picked":"Terror+1","floor":22},{"not_picked":["Dodge and Roll+1","Quick Slash"],"picked":"Cloak And Dagger+1","floor":24},{"not_picked":["Deflect+1","Quick Slash"],"picked":"Malaise+1","floor":28},{"not_picked":["Deflect+1","Well Laid Plans+1"],"picked":"Expertise+1","floor":29}],"player_experience":391535,"relics_obtained":[{"floor":9.0,"key":"Toxic Egg 2"},{"floor":11,"key":"Thread and Needle"},{"floor":13,"key":"Odd Mushroom"},{"floor":26,"key":"Mercury Hourglass"},{"floor":29,"key":"Tiny Chest"}],"event_choices":[{"event_name":"Big Fish","player_choice":"Donut","floor":4.0,"damage_taken":0.0},{"event_name":"Liars Game","player_choice":"disagreed","floor":5.0,"damage_taken":0.0},{"event_name":"Mushrooms","player_choice":"Fought Mushrooms","floor":13,"damage_taken":0},{"event_name":"The Joust","player_choice":"Bet on Owner","floor":20,"damage_taken":0},{"event_name":"Addict","player_choice":"Obtained Relic","floor":30,"damage_taken":0}],"is_beta":true,"boss_relics":[{"not_picked":["Snecko Eye","Black Star"],"picked":"Ectoplasm"}],"items_purged_floors":[],"is_endless":false,"potions_floor_spawned":[1,2,3,7,11,13,14,16,18,19,21,22,24,28,29],"killed_by":"Book of Stabbing","ascension_level":8}