{"gold_per_floor":[116,130,29,43,55,81,81,116,116,177,31,50,77,94,94,190,190,202,202,167,183,201,201,231,231,280,380,413,413,447,467,467,571,571,582,327,47,58,68,68,99,99,99,129,141,141,141,141,141,141],"floor_reached":51,"playtime":3825,"items_purged":["Strike_B","Defend_B"],"score":1289,"play_id":"c84dabfc-9577-4427-9f1b-951c5c21b413","local_time":"20190424095720","is_ascension_mode":true,"campfire_choices":[{"data":"Zap","floor":7,"key":"SMITH"},{"floor":15,"key":"REST"},{"data":"Heatsinks","floor":23,"key":"SMITH"},{"data":"Storm","floor":25,"key":"SMITH"},{"data":"Beam Cell","floor":32,"key":"SMITH"},{"data":"Apotheosis","floor":40,"key":"SMITH"},{"data":"Go for the Eyes","floor":42,"key":"SMITH"},{"data":"Creative AI","floor":46,"key":"SMITH"},{"data":"Enlightenment","floor":49,"key":"SMITH"}],"neow_cost":"NONE","seed_source_timestamp":896577539281399,"circlet_count":0,"master_deck":["AscendersBane","Defend_B","Defend_B","Zap+1","Dualcast","Self Repair","Glacier","Self Repair","Cold Snap","Beam Cell+1","Genetic Algorithm","Ball Lightning","Sweeping Beam","Storm+1","Go for the Eyes+1","Coolheaded","Biased Cognition+1","Heatsinks+1","Bite","Bite","Bite","Bite","Bite","Self Repair","Glacier","Self Repair","Compile Driver","Redo+1","Creative AI+1","Consume+1","Defragment","Apotheosis+1","Storm","Leap+1","Blizzard+1","Machine Learning","Enlightenment+1"],"relics":["Cracked Core","Potion Belt","Bronze Scales","Mummified Hand","Ice Cream","Symbiotic Virus","Sozu","Kunai","Happy Flower","Dead Branch","Bottled Flame","Bottled Tornado","Ancient Tea Set","Lizard Tail","Anchor","Incense Burner","Nunchaku","Mango"],"potions_floor_usage":[5,10,16,18],"damage_taken":[{"damage":0,"enemies":"Cultist","floor":1,"turns":3},{"damage":12,"enemies":"2 Louse","floor":2,"turns":3},{"damage":7,"enemies":"Jaw Worm","floor":4,"turns":5},{"damage":0,"enemies":"Gremlin Gang","floor":5,"turns":5},{"damage":43,"enemies":"Gremlin Nob","floor":6,"turns":6},{"damage":15,"enemies":"Lagavulin","floor":8,"turns":7},{"damage":11,"enemies":"3 Sentries","floor":10,"turns":6},{"damage":1,"enemies":"Looter","floor":12,"turns":3},{"damage":19,"enemies":"Gremlin Nob","floor":13,"turns":5},{"damage":0,"enemies":"2 Fungi Beasts","floor":14,"turns":3},{"damage":51,"enemies":"Slime Boss","floor":16,"turns":11},{"damage":0,"enemies":"3 Byrds","floor":18,"turns":3},{"damage":2,"enemies":"Shell Parasite","floor":21,"turns":3},{"damage":0,"enemies":"Cultist and Chosen","floor":22,"turns":6},{"damage":25,"enemies":"Slavers","floor":24,"turns":5},{"damage":22,"enemies":"Colosseum Slavers","floor":27,"turns":3},{"damage":0,"enemies":"Colosseum Nobs","floor":27,"turns":5},{"damage":21,"enemies":"Book of Stabbing","floor":28,"turns":5},{"damage":25,"enemies":"Slavers","floor":30,"turns":5},{"damage":0,"enemies":"3 Cultists","floor":31,"turns":3},{"damage":35,"enemies":"Automaton","floor":33,"turns":14},{"damage":16,"enemies":"3 Darklings","floor":35,"turns":5},{"damage":0,"enemies":"Orb Walker","floor":38,"turns":3},{"damage":0,"enemies":"3 Darklings","floor":39,"turns":3},{"damage":0,"enemies":"Giant Head","floor":41,"turns":5},{"damage":0,"enemies":"Nemesis","floor":44,"turns":5},{"damage":0,"enemies":"Jaw Worm Horde","floor":45,"turns":2},{"damage":59,"enemies":"Awakened One","floor":50,"turns":11}],"seed_played":"3698930428966484162","potions_obtained":[{"floor":1,"key":"FocusPotion"},{"floor":8,"key":"Energy Potion"},{"floor":10,"key":"SkillPotion"},{"floor":13,"key":"Energy Potion"},{"floor":16,"key":"Swift Potion"}],"is_trial":false,"path_per_floor":["M","M","$","M","M","E","R","E","T","?","$","M","E","M","R","B",null,"M","?","$","M","M","R","E","R","T","?","E","?","E","M","R","B",null,"M","$","$","M","M","R","E","R","T","E","M","R","?","?","R","B",null],"character_chosen":"DEFECT","items_purchased":["Self Repair","Cold Snap","Storm","Self Repair","Defragment","Apotheosis","Storm","Anchor"],"campfire_rested":1,"item_purchase_floors":[3,3,11,20,36,36,37,37],"current_hp_per_floor":[75,70,70,77,82,46,46,38,38,34,34,40,35,35,59,22,67,74,57,57,57,57,57,57,57,57,57,57,57,57,57,57,57,57,57,57,57,57,57,57,57,57,57,71,71,71,71,71,71,53],"gold":141,"neow_bonus":"TEN_PERCENT_HP_BONUS","is_prod":false,"is_daily":false,"chose_seed":false,"campfire_upgraded":8,"win_rate":0,"timestamp":1556125040,"path_taken":["M","M","?","M","M","E","R","E","T","?","?","?","E","M","R","BOSS","M","?","$","M","M","R","E","R","T","?","E","?","E","M","R","BOSS","M","?","$","M","M","R","E","R","T","E","M","R","?","?","R","BOSS"],"build_version":"2019-01-23","purchased_purges":2,"victory":true,"max_hp_per_floor":[82,82,82,82,82,82,82,82,82,82,82,82,82,82,82,82,82,82,57,57,57,57,57,57,57,57,57,57,57,57,57,57,57,57,57,57,57,57,57,57,57,57,57,71,71,71,71,71,71,71],"card_choices":[{"not_picked":["Fusion","Barrage"],"picked":"Self Repair","floor":1},{"not_picked":["Redo","Sweeping Beam"],"picked":"Glacier","floor":2},{"not_picked":["Hologram","Stack"],"picked":"Beam Cell","floor":4},{"not_picked":["Streamline","Darkness"],"picked":"Genetic Algorithm","floor":5},{"not_picked":["Scrape","Multi-Cast"],"picked":"Ball Lightning","floor":6},{"not_picked":["Streamline","Genetic Algorithm"],"picked":"Sweeping Beam","floor":8},{"not_picked":["Conserve Battery","Cold Snap"],"picked":"Go for the Eyes","floor":12},{"not_picked":["Recycle","Steam"],"picked":"Coolheaded","floor":13},{"not_picked":["Force Field","Barrage","Hologram"],"picked":"SKIP","floor":14},{"not_picked":["All For One","Hyperbeam"],"picked":"Biased Cognition","floor":16},{"not_picked":["Skim","Turbo"],"picked":"Heatsinks","floor":18},{"not_picked":["Streamline","Steam"],"picked":"Glacier","floor":21},{"not_picked":["Barrage+1","Recycle","Lockon"],"picked":"SKIP","floor":22},{"not_picked":["Redo","Force Field"],"picked":"Self Repair","floor":24},{"not_picked":["Doom and Gloom","Lockon"],"picked":"Compile Driver","floor":28},{"not_picked":["Sweeping Beam","Rebound","Gash"],"picked":"SKIP","floor":30},{"not_picked":["Conserve Battery","Beam Cell"],"picked":"Redo+1","floor":31},{"not_picked":["Amplify","Seek"],"picked":"Creative AI","floor":33},{"not_picked":["Sweeping Beam+1","Cold Snap+1"],"picked":"Consume+1","floor":35},{"not_picked":["Sweeping Beam","Turbo+1","Hello World"],"picked":"SKIP","floor":38},{"not_picked":["Sweeping Beam","Self Repair"],"picked":"Leap+1","floor":39},{"not_picked":["Leap","Aggregate+1"],"picked":"Blizzard+1","floor":41},{"not_picked":["Hologram","Stack+1"],"picked":"Machine Learning","floor":44},{"not_picked":["Steam","Sweeping Beam+1","Go for the Eyes+1"],"picked":"SKIP","floor":45},{"not_picked":["HandOfGreed","Discovery"],"picked":"Enlightenment","floor":47}],"player_experience":607960,"relics_obtained":[{"floor":6,"key":"Potion Belt"},{"floor":8,"key":"Bronze Scales"},{"floor":9,"key":"Mummified Hand"},{"floor":10,"key":"Ice Cream"},{"floor":13,"key":"Symbiotic Virus"},{"floor":24,"key":"Kunai"},{"floor":26,"key":"Happy Flower"},{"floor":27,"key":"Dead Branch"},{"floor":27,"key":"Bottled Flame"},{"floor":28,"key":"Bottled Tornado"},{"floor":30,"key":"Ancient Tea Set"},{"floor":41,"key":"Incense Burner"},{"floor":43,"key":"Nunchaku"},{"floor":44,"key":"Mango"}],"event_choices":[{"damage_healed":0,"gold_gain":0,"player_choice":"Searched \u00271\u0027 times","damage_taken":0,"max_hp_gain":0,"max_hp_loss":0,"event_name":"Dead Adventurer","floor":10,"gold_loss":0},{"damage_healed":0,"gold_gain":0,"player_choice":"Became a vampire","damage_taken":0,"max_hp_gain":0,"max_hp_loss":25,"event_name":"Vampires","floor":19,"gold_loss":0,"cards_obtained":["Bite","Bite","Bite","Bite","Bite"]},{"damage_healed":0,"gold_gain":0,"player_choice":"Fight","damage_taken":0,"max_hp_gain":0,"max_hp_loss":0,"event_name":"Colosseum","floor":27,"gold_loss":0},{"damage_healed":0,"gold_gain":0,"player_choice":"Fought Nobs","damage_taken":0,"max_hp_gain":0,"max_hp_loss":0,"event_name":"Colosseum","floor":27,"gold_loss":0},{"damage_healed":0,"gold_gain":0,"player_choice":"Forge","damage_taken":0,"max_hp_gain":0,"max_hp_loss":0,"event_name":"Accursed Blacksmith","floor":29,"gold_loss":0,"cards_upgraded":["Biased Cognition"]},{"damage_healed":0,"gold_gain":0,"player_choice":"Memory 1","damage_taken":0,"max_hp_gain":0,"max_hp_loss":0,"event_name":"SensoryStone","floor":47,"gold_loss":0},{"cards_removed":["Defend_B"],"damage_healed":0,"gold_gain":0,"player_choice":"Removed Skill","damage_taken":0,"max_hp_gain":0,"max_hp_loss":0,"event_name":"Falling","floor":48,"gold_loss":0}],"is_beta":false,"boss_relics":[{"not_picked":["Calling Bell","Orrery"],"picked":"Sozu"},{"not_picked":["Astrolabe","Philosopher\u0027s Stone"],"picked":"Lizard Tail"}],"items_purged_floors":[11,37],"is_endless":false,"potions_floor_spawned":[1,8,10,13,16,24,27,28,30,35,38],"ascension_level":11}