{"gold_per_floor":[112,126,142,142,42,42,76,76,101,101,101,121,140,33,33,109,109,126,126,76,59,59],"floor_reached":22,"playtime":1191,"items_purged":[],"score":331,"play_id":"305fdfc5-4476-426d-a673-6bb4a26d99e1","local_time":"20181021114150","is_ascension_mode":true,"campfire_choices":[{"data":"Discovery","floor":6.0,"key":"SMITH"},{"data":"White Noise","floor":8.0,"key":"SMITH"},{"data":"Loop","floor":10.0,"key":"SMITH"},{"floor":15.0,"key":"REST"}],"neow_cost":"NONE","seed_source_timestamp":0,"circlet_count":0,"master_deck":["Strike_B+1","Strike_B+1","Strike_B+1","Strike_B+1","Defend_B+1","Defend_B+1","Defend_B+1","Defend_B+1","Zap+1","Dualcast","AscendersBane","White Noise+1","Coolheaded","Loop+1","Discovery+1","Streamline","FTL","Capacitor","Flash of Steel","Biased Cognition","Writhe","Regret","Regret","Hologram+1","Go for the Eyes+1"],"special_seed":0,"relics":["Cracked Core","Pen Nib","PreservedInsect","Calling Bell","Strawberry","Toxic Egg 2","FossilizedHelix"],"potions_floor_usage":[],"damage_taken":[{"damage":2.0,"enemies":"Jaw Worm","floor":1.0,"turns":3.0},{"damage":0.0,"enemies":"Small Slimes","floor":2.0,"turns":3.0},{"damage":0.0,"enemies":"Cultist","floor":3.0,"turns":3.0},{"damage":22.0,"enemies":"Lagavulin","floor":7.0,"turns":7.0},{"damage":4.0,"enemies":"Red Slaver","floor":12.0,"turns":3.0},{"damage":5.0,"enemies":"Exordium Thugs","floor":13.0,"turns":3.0},{"damage":38.0,"enemies":"The Guardian","floor":16.0,"turns":11.0},{"damage":49,"enemies":"3 Byrds","floor":18,"turns":5},{"damage":9,"enemies":"2 Thieves","floor":21,"turns":4},{"damage":21,"enemies":"Snecko","floor":22,"turns":4}],"seed_played":"6274181968605150598","potions_obtained":[{"floor":2.0,"key":"EssenceOfSteel"},{"floor":3.0,"key":"AttackPotion"}],"is_trial":false,"path_per_floor":["M","M","M","?","$","R","E","R","T","R","?","M","M","$","R","B",null,"M","?","?","M"],"character_chosen":"DEFECT","items_purchased":["Discovery","Flash of Steel"],"campfire_rested":1,"item_purchase_floors":[5,14],"current_hp_per_floor":[62,62,62,62,62,62,40,40,40,40,45,41,36,36,58,20,69,20,20,20,11,0],"gold":59,"neow_bonus":"UPGRADE_CARD","is_prod":false,"is_daily":false,"chose_seed":false,"campfire_upgraded":3,"win_rate":0,"timestamp":1540114910,"path_taken":["M","M","M","?","?","R","E","R","T","R","?","M","?","$","R","BOSS","M","?","?","M","?"],"build_version":"2018-10-19","purchased_purges":0,"victory":false,"max_hp_per_floor":[71,71,71,71,71,71,71,71,71,71,76,76,76,76,76,76,83,83,83,83,83,83],"card_choices":[{"not_picked":["Redo","Conserve Battery"],"picked":"White Noise","floor":1.0},{"not_picked":["Rip and Tear","Reprogram"],"picked":"Coolheaded","floor":2.0},{"not_picked":["Rip and Tear","Melter"],"picked":"Loop","floor":3.0},{"not_picked":["Defragment","Doom and Gloom"],"picked":"Streamline","floor":7.0},{"not_picked":["Rebound","Leap"],"picked":"FTL","floor":12.0},{"not_picked":["Barrage","Darkness"],"picked":"Capacitor","floor":13.0},{"not_picked":["Thunder Strike","Hyperbeam"],"picked":"Biased Cognition","floor":16.0},{"not_picked":["Beam Cell+1","Streamline+1"],"picked":"Hologram+1","floor":18},{"not_picked":["Barrage","Meteor Strike"],"picked":"Go for the Eyes+1","floor":21}],"player_experience":661638,"relics_obtained":[{"floor":7.0,"key":"Pen Nib"},{"floor":9.0,"key":"PreservedInsect"},{"floor":17.0,"key":"Strawberry"},{"floor":17.0,"key":"Toxic Egg 2"},{"floor":17.0,"key":"FossilizedHelix"}],"event_choices":[{"damage_healed":0.0,"max_hp_gain":0.0,"max_hp_loss":0.0,"gold_gain":0.0,"event_name":"Golden Wing","player_choice":"Ignored","floor":4.0,"gold_loss":0.0,"damage_taken":0.0},{"damage_healed":0.0,"max_hp_gain":5.0,"max_hp_loss":0.0,"gold_gain":0.0,"event_name":"Big Fish","player_choice":"Donut","floor":11.0,"gold_loss":0.0,"damage_taken":0.0},{"damage_healed":0,"gold_gain":0,"player_choice":"Simplicity","damage_taken":0,"max_hp_gain":0,"max_hp_loss":0,"event_name":"Back to Basics","floor":19,"gold_loss":0,"cards_upgraded":["Strike_B","Strike_B","Strike_B","Strike_B","Defend_B","Defend_B","Defend_B","Defend_B"]},{"damage_healed":0,"gold_gain":0,"player_choice":"Bet on Murderer","damage_taken":0,"max_hp_gain":0,"max_hp_loss":0,"event_name":"The Joust","floor":20,"gold_loss":50}],"is_beta":true,"boss_relics":[{"not_picked":["Tiny House","Coffee Dripper"],"picked":"Calling Bell"}],"items_purged_floors":[],"is_endless":false,"potions_floor_spawned":[2,3,7],"killed_by":"Snecko","ascension_level":16}