{"gold_per_floor":[112,112,112,131,144,173,191,191,215,215,290,301,336,32,32,130,130,140,140,155,155,172,200,200,200,200,219,219,233,267,279,279,381,381,394,394,410,335,345,345,377,377,401,401,421,450,350,450,450,450],"floor_reached":51,"playtime":4749,"items_purged":["Defend_G","Strike_G"],"score":942,"play_id":"75b5ba2f-964d-4e01-8df6-72564a056d81","local_time":"20181121201502","is_ascension_mode":true,"campfire_choices":[{"floor":8,"key":"REST"},{"data":"Dash","floor":10,"key":"SMITH"},{"floor":15,"key":"REST"},{"floor":25,"key":"REST"},{"floor":28,"key":"REST"},{"data":"Predator","floor":32,"key":"SMITH"},{"data":"Dash","floor":40,"key":"SMITH"},{"floor":42,"key":"REST"},{"data":"Phantasmal Killer","floor":44,"key":"SMITH"},{"floor":49,"key":"REST"}],"neow_cost":"NONE","seed_source_timestamp":72714372736173,"circlet_count":0,"master_deck":["Defend_G","Defend_G","Defend_G","Defend_G","Strike_G","Strike_G","Survivor","Neutralize+1","Flying Knee","Crippling Poison","Dash+1","Predator+1","PiercingWail","Dash+1","Leg Sweep","Phantasmal Killer+1","Necronomicurse","Predator+1"],"relics":["Runic Dome","Dream Catcher","Potion Belt","Art of War","Torii","Velvet Choker","Necronomicon","Du-Vu Doll","Mummified Hand","Calipers","Omamori","Empty Cage","Regal Pillow","Strawberry","Mango","Ice Cream"],"potions_floor_usage":[13,18,50,50,50,50],"damage_taken":[{"damage":4,"enemies":"Cultist","floor":1,"turns":5},{"damage":1,"enemies":"Jaw Worm","floor":4,"turns":4},{"damage":1,"enemies":"2 Louse","floor":5,"turns":2},{"damage":31,"enemies":"3 Sentries","floor":6,"turns":12},{"damage":1,"enemies":"Blue Slaver","floor":7,"turns":4},{"damage":6,"enemies":"3 Louse","floor":12,"turns":2},{"damage":28,"enemies":"Gremlin Nob","floor":13,"turns":4},{"damage":18,"enemies":"The Guardian","floor":16,"turns":13},{"damage":1,"enemies":"2 Thieves","floor":18,"turns":4},{"damage":7,"enemies":"Chosen","floor":20,"turns":3},{"damage":7,"enemies":"3 Cultists","floor":22,"turns":7},{"damage":9,"enemies":"Book of Stabbing","floor":23,"turns":4},{"damage":15,"enemies":"Cultist and Chosen","floor":27,"turns":7},{"damage":1,"enemies":"Sentry and Sphere","floor":29,"turns":4},{"damage":1,"enemies":"Slavers","floor":30,"turns":5},{"damage":0,"enemies":"3 Cultists","floor":31,"turns":4},{"damage":33,"enemies":"Champ","floor":33,"turns":9},{"damage":0,"enemies":"Orb Walker","floor":35,"turns":3},{"damage":1,"enemies":"3 Darklings","floor":37,"turns":4},{"damage":2,"enemies":"4 Shapes","floor":39,"turns":3},{"damage":27,"enemies":"Giant Head","floor":41,"turns":7},{"damage":0,"enemies":"Maw","floor":45,"turns":5},{"damage":43,"enemies":"Reptomancer","floor":46,"turns":5},{"damage":0,"enemies":"Mind Bloom Boss Battle","floor":48,"turns":4},{"damage":11,"enemies":"Donu and Deca","floor":50,"turns":7}],"seed_played":"6415633790033755154","potions_obtained":[{"floor":5,"key":"Poison Potion"},{"floor":6,"key":"Fire Potion"},{"floor":7,"key":"FairyPotion"},{"floor":16,"key":"Fire Potion"},{"floor":20,"key":"Strength Potion"},{"floor":27,"key":"Dexterity Potion"},{"floor":29,"key":"Strength Potion"},{"floor":30,"key":"PowerPotion"}],"is_trial":false,"path_per_floor":["M","?","?","M","M","E","M","R","T","R","?","M","E","$","R","B",null,"M","?","M","?","M","E","T","R","T","M","R","M","E","M","R","B",null,"M","?","M","$","M","R","E","R","T","R","M","E","$","?","R","B",null],"character_chosen":"THE_SILENT","items_purchased":["Torii"],"campfire_rested":6,"item_purchase_floors":[14],"current_hp_per_floor":[59,59,59,58,57,26,25,46,46,46,35,29,1,1,22,4,54,53,37,30,30,23,14,14,35,35,20,41,40,39,39,39,6,54,54,54,53,53,51,51,24,60,67,67,67,38,38,38,80,69],"gold":450,"neow_bonus":"BOSS_RELIC","is_prod":false,"is_daily":false,"chose_seed":false,"campfire_upgraded":4,"win_rate":0,"timestamp":1542802502,"path_taken":["M","?","?","M","M","E","M","R","T","R","?","M","E","$","R","BOSS","M","?","M","?","M","E","?","R","T","?","R","M","E","M","R","BOSS","M","?","?","$","?","R","E","R","T","R","M","E","?","?","R","BOSS"],"build_version":"2018-11-15","purchased_purges":2,"victory":true,"max_hp_per_floor":[70,70,70,70,70,70,70,70,70,70,70,70,70,70,70,70,70,70,70,70,70,70,70,70,70,70,70,70,70,70,70,70,70,70,70,70,70,70,70,70,70,70,77,77,77,91,91,91,91,91],"card_choices":[{"not_picked":["Underhanded Strike","Flechettes"],"picked":"Flying Knee","floor":1},{"not_picked":["Bane","Outmaneuver"],"picked":"Crippling Poison","floor":4},{"not_picked":["Acrobatics","Dagger Throw","Sucker Punch"],"picked":"SKIP","floor":5},{"not_picked":["Well Laid Plans","Venomology"],"picked":"Dash","floor":6},{"not_picked":["Tactician","Underhanded Strike"],"picked":"Predator","floor":7},{"not_picked":["Bane","Sucker Punch"],"picked":"PiercingWail","floor":8},{"not_picked":["Dagger Throw","Flying Knee","Choke"],"picked":"SKIP","floor":12},{"not_picked":["Poisoned Stab","Bouncing Flask"],"picked":"Dash","floor":13},{"not_picked":["Quick Slash","Masterful Stab"],"picked":"Leg Sweep","floor":15},{"not_picked":["A Thousand Cuts","Grand Finale"],"picked":"Phantasmal Killer","floor":16},{"not_picked":["Calculated Gamble","Underhanded Strike","Sucker Punch"],"picked":"SKIP","floor":18},{"not_picked":["Accuracy","Blade Dance","Bane"],"picked":"SKIP","floor":20},{"not_picked":["Dagger Throw+1","Tactician","Flying Knee+1"],"picked":"SKIP","floor":22},{"not_picked":["Dagger Throw","Endless Agony+1","Footwork"],"picked":"SKIP","floor":23},{"not_picked":["Expertise","Distraction","Slice"],"picked":"SKIP","floor":27},{"not_picked":["Sucker Punch","Tactician"],"picked":"Predator+1","floor":28},{"not_picked":["Poisoned Stab+1","Endless Agony+1","Quick Slash"],"picked":"SKIP","floor":29},{"not_picked":["Unload","Slice","Dagger Spray"],"picked":"SKIP","floor":30},{"not_picked":["Finisher","Cloak And Dagger","Endless Agony"],"picked":"SKIP","floor":31},{"not_picked":["Backflip+1","Poisoned Stab+1","Cloak And Dagger+1"],"picked":"SKIP","floor":35},{"not_picked":["Underhanded Strike+1","Poisoned Stab+1","Blade Dance+1"],"picked":"SKIP","floor":37},{"not_picked":["Underhanded Strike+1","Poisoned Stab+1","Blade Dance+1"],"picked":"SKIP","floor":37},{"not_picked":["Dagger Throw+1","Dodge and Roll+1","After Image"],"picked":"SKIP","floor":39},{"not_picked":["Blade Dance+1","Deadly Poison","Crippling Poison+1"],"picked":"SKIP","floor":41},{"not_picked":["Quick Slash","Dagger Throw+1","Deadly Poison"],"picked":"SKIP","floor":45},{"not_picked":["Blade Dance+1","Poisoned Stab","Quick Slash"],"picked":"SKIP","floor":46}],"player_experience":261704,"relics_obtained":[{"floor":6,"key":"Dream Catcher"},{"floor":9,"key":"Potion Belt"},{"floor":13,"key":"Art of War"},{"floor":19,"key":"Necronomicon"},{"floor":23,"key":"Du-Vu Doll"},{"floor":24,"key":"Mummified Hand"},{"floor":26,"key":"Calipers"},{"floor":30,"key":"Omamori"},{"floor":41,"key":"Regal Pillow"},{"floor":43,"key":"Strawberry"},{"floor":46,"key":"Mango"},{"floor":48,"key":"Ice Cream"}],"event_choices":[{"damage_healed":0,"gold_gain":0,"player_choice":"Ignored","damage_taken":0,"max_hp_gain":0,"max_hp_loss":0,"event_name":"Liars Game","floor":2,"gold_loss":0},{"damage_healed":0,"gold_gain":0,"player_choice":"Grow","damage_taken":0,"max_hp_gain":0,"max_hp_loss":0,"event_name":"Living Wall","floor":3,"gold_loss":0,"cards_upgraded":["Neutralize"]},{"damage_healed":0,"gold_gain":75,"player_choice":"Gather Gold","damage_taken":11,"max_hp_gain":0,"max_hp_loss":0,"event_name":"World of Goop","floor":11,"gold_loss":0},{"damage_healed":0,"gold_gain":0,"player_choice":"Obtained Book","damage_taken":16,"max_hp_gain":0,"max_hp_loss":0,"event_name":"Cursed Tome","floor":19,"gold_loss":0},{"damage_healed":0,"gold_gain":0,"player_choice":"Ignored","damage_taken":0,"max_hp_gain":0,"max_hp_loss":0,"event_name":"The Mausoleum","floor":21,"gold_loss":0},{"damage_healed":0,"gold_gain":0,"player_choice":"Ignored","damage_taken":0,"max_hp_gain":0,"max_hp_loss":0,"event_name":"Transmorgrifier","floor":36,"gold_loss":0},{"damage_healed":0,"gold_gain":0,"player_choice":"Fight","damage_taken":0,"max_hp_gain":0,"max_hp_loss":0,"event_name":"MindBloom","floor":48,"gold_loss":0}],"is_beta":false,"boss_relics":[{"not_picked":["White Beast Statue","Philosopher\u0027s Stone"],"picked":"Velvet Choker"},{"not_picked":["Lizard Tail","Sozu"],"picked":"Empty Cage"}],"items_purged_floors":[38,47],"is_endless":false,"potions_floor_spawned":[5,6,7,16,20,27,29,30,39,45],"ascension_level":6}