{"gold_per_floor":[117,117,93,93,111,146,166,178,178,178,189,189,212,51,51,123,123,136,136,136,148,164,164,174,207,207,207,207],"floor_reached":28,"playtime":1278,"items_purged":[],"score":576,"play_id":"3836f2a2-835b-47fd-8075-ce89049cc347","local_time":"20190115134013","is_ascension_mode":true,"campfire_choices":[{"data":"Deadly Poison","floor":10,"key":"SMITH"},{"data":"Wraith Form v2","floor":12,"key":"SMITH"},{"data":"Dagger Spray","floor":15,"key":"SMITH"},{"data":"Deadly Poison","floor":23,"key":"SMITH"},{"data":"Catalyst","floor":27,"key":"SMITH"}],"neow_cost":"NONE","seed_source_timestamp":8307607973523,"circlet_count":0,"master_deck":["AscendersBane","Defend_G","Defend_G","Defend_G","Defend_G","Defend_G","Strike_G","Survivor","Neutralize","Footwork+1","Deflect","Wraith Form v2+1","PiercingWail","Deadly Poison+1","Dagger Spray+1","PiercingWail","Corpse Explosion","Finisher+1","After Image+1","All Out Attack+1","Backflip","Backflip","Deadly Poison+1","Catalyst+1"],"relics":["Ring of the Snake","NeowsBlessing","hubris:Spice","hubris:BottledRain","Odd Mushroom","hubris:OldNail","Astrolabe","hubris:BottledHeart"],"potions_floor_usage":[25],"damage_taken":[{"damage":0,"enemies":"Jaw Worm","floor":1,"turns":1},{"damage":0,"enemies":"Cultist","floor":5,"turns":1},{"damage":0,"enemies":"3 Sentries","floor":6,"turns":1},{"damage":7,"enemies":"Small Slimes","floor":7,"turns":4},{"damage":0,"enemies":"Exordium Thugs","floor":8,"turns":6},{"damage":1,"enemies":"2 Fungi Beasts","floor":11,"turns":4},{"damage":2,"enemies":"The Mushroom Lair","floor":13,"turns":7},{"damage":21,"enemies":"Hexaghost","floor":16,"turns":12},{"damage":1,"enemies":"Chosen","floor":18,"turns":11},{"damage":0,"enemies":"3 Byrds","floor":21,"turns":3},{"damage":0,"enemies":"Snecko","floor":22,"turns":7},{"damage":0,"enemies":"Snake Plant","floor":24,"turns":6},{"damage":0,"enemies":"Book of Stabbing","floor":25,"turns":9}],"seed_played":"-5817956432530603610","potions_obtained":[{"floor":7,"key":"Regen Potion"},{"floor":16,"key":"GhostInAJar"},{"floor":22,"key":"SkillPotion"},{"floor":25,"key":"Poison Potion"}],"is_trial":false,"path_per_floor":["M","?","$","?","M","E","M","M","T","R","M","R","?","$","R","B",null,"M","?","$","M","M","R","M","E","T","R","?"],"character_chosen":"THE_SILENT","items_purchased":["Deflect","hubris:OldNail"],"campfire_rested":0,"item_purchase_floors":[3,14],"current_hp_per_floor":[59,59,59,59,59,67,60,60,60,60,59,59,57,57,57,36,65,64,1,1,1,1,1,1,1,1,1,0],"gold":207,"neow_bonus":"THREE_ENEMY_KILL","is_prod":false,"is_daily":false,"chose_seed":false,"campfire_upgraded":5,"win_rate":0,"timestamp":1547556013,"path_taken":["M","?","$","?","M","E","M","?","T","R","M","R","?","$","R","BOSS","M","?","?","?","M","R","M","E","T","R","?"],"build_version":"2019-01-10","purchased_purges":0,"victory":false,"max_hp_per_floor":[66,66,66,66,66,74,74,74,74,74,74,74,74,74,74,74,74,74,1,1,1,1,1,1,1,1,1,1],"card_choices":[{"not_picked":["Cloak And Dagger","Sucker Punch"],"picked":"Footwork","floor":1},{"not_picked":["Underhanded Strike","Blade Dance"],"picked":"PiercingWail","floor":5},{"not_picked":["Backstab","Flying Knee"],"picked":"Deadly Poison","floor":6},{"not_picked":["Bane","Masterful Stab","Predator"],"picked":"SKIP","floor":7},{"not_picked":["Masterful Stab","Choke"],"picked":"Dagger Spray","floor":8},{"not_picked":["Calculated Gamble","Riddle With Holes","Reflex"],"picked":"SKIP","floor":11},{"not_picked":["Underhanded Strike","Grand Finale"],"picked":"PiercingWail","floor":13},{"not_picked":["Die Die Die","Storm of Steel"],"picked":"Corpse Explosion","floor":16},{"not_picked":["Underhanded Strike+1","Accuracy"],"picked":"Backflip","floor":18},{"not_picked":["hubris:Sniper","Flying Knee"],"picked":"Backflip","floor":21},{"not_picked":["PiercingWail","Acrobatics"],"picked":"Deadly Poison","floor":22},{"not_picked":["Unload","Accuracy"],"picked":"Catalyst","floor":24},{"not_picked":["Slice","PiercingWail","Dagger Throw+1"],"picked":"SKIP","floor":25}],"player_experience":1120126,"relics_obtained":[{"floor":6,"key":"hubris:Spice"},{"floor":9,"key":"hubris:BottledRain"},{"floor":13,"key":"Odd Mushroom"},{"floor":25,"key":"hubris:Spice"},{"floor":26,"key":"hubris:Spice"}],"event_choices":[{"damage_healed":0,"gold_gain":0,"player_choice":"Grow","damage_taken":0,"max_hp_gain":0,"max_hp_loss":0,"event_name":"Living Wall","floor":2,"gold_loss":0,"cards_upgraded":["Footwork"]},{"damage_healed":0,"gold_gain":0,"cards_transformed":["Strike_G"],"player_choice":"Transformed","damage_taken":0,"max_hp_gain":0,"max_hp_loss":0,"event_name":"Transmorgrifier","floor":4,"gold_loss":0,"cards_obtained":["Wraith Form v2"]},{"damage_healed":0,"gold_gain":0,"player_choice":"Fought Mushrooms","damage_taken":0,"max_hp_gain":0,"max_hp_loss":0,"event_name":"Mushrooms","floor":13,"gold_loss":0}],"is_beta":false,"boss_relics":[{"not_picked":["Eternal Feather","hubris:Stopwatch"],"picked":"Astrolabe"}],"items_purged_floors":[],"is_endless":false,"potions_floor_spawned":[7,16,18,22,25],"ascension_level":20}