{"gold_per_floor":[116,130,147,164,174,206,206,206,206,232,232,382,401,414,414,490,490,505,206,206,221,240,240,256,291,347,366,366,384,418,429,429,506,506,524,569,587,587,605,605],"floor_reached":40,"playtime":2301,"items_purged":[],"score":888,"play_id":"b9771c50-4421-488a-9232-282a85685ec0","local_time":"20190402111257","is_ascension_mode":true,"campfire_choices":[{"floor":7,"key":"REST"},{"data":"Zap","floor":11,"key":"SMITH"},{"data":"Doubt","floor":15,"key":"PURGE"},{"data":"Defragment","floor":23,"key":"SMITH"},{"floor":28,"key":"REST"},{"floor":32,"key":"REST"}],"neow_cost":"TEN_PERCENT_HP_LOSS","seed_source_timestamp":4036949592971,"circlet_count":0,"master_deck":["AscendersBane","Zap+1","Dualcast","Echo Form","Lockon","Coolheaded","Streamline","Conserve Battery","Sunder","Genetic Algorithm","Coolheaded","Biased Cognition","Thunder Strike","Biased Cognition","Glacier","Core Surge","Reprogram","Rainbow","Streamline","Ball Lightning","Genetic Algorithm+1","Defragment+1","Turbo+1","Rainbow","Electrodynamics","Echo Form","Fission+1"],"relics":["Peace Pipe","Orichalcum","DataDisk","Pandora\u0027s Box","Happy Flower","Nloth\u0027s Gift","Bottled Lightning","Tiny Chest","War Paint","Snecko Eye","FossilizedHelix"],"potions_floor_usage":[6,6,10,16,27,31,35,40],"damage_taken":[{"damage":2,"enemies":"Cultist","floor":1,"turns":4},{"damage":12,"enemies":"Jaw Worm","floor":2,"turns":4},{"damage":8,"enemies":"2 Louse","floor":3,"turns":3},{"damage":3,"enemies":"Large Slime","floor":4,"turns":6},{"damage":9,"enemies":"Red Slaver","floor":5,"turns":3},{"damage":8,"enemies":"Gremlin Nob","floor":6,"turns":3},{"damage":1,"enemies":"Lagavulin","floor":10,"turns":5},{"damage":18,"enemies":"Exordium Wildlife","floor":13,"turns":6},{"damage":4,"enemies":"Blue Slaver","floor":14,"turns":3},{"damage":19,"enemies":"Hexaghost","floor":16,"turns":12},{"damage":9,"enemies":"2 Thieves","floor":18,"turns":3},{"damage":10,"enemies":"3 Byrds","floor":21,"turns":5},{"damage":0,"enemies":"Centurion and Healer","floor":22,"turns":8},{"damage":0,"enemies":"Snecko","floor":24,"turns":5},{"damage":8,"enemies":"Book of Stabbing","floor":25,"turns":7},{"damage":11,"enemies":"Shelled Parasite and Fungi","floor":27,"turns":6},{"damage":13,"enemies":"Centurion and Healer","floor":29,"turns":8},{"damage":18,"enemies":"Slavers","floor":30,"turns":5},{"damage":0,"enemies":"Snake Plant","floor":31,"turns":4},{"damage":18,"enemies":"Automaton","floor":33,"turns":8},{"damage":18,"enemies":"Orb Walker","floor":35,"turns":4},{"damage":26,"enemies":"2 Orb Walkers","floor":36,"turns":4},{"damage":0,"enemies":"3 Darklings","floor":37,"turns":4},{"damage":0,"enemies":"4 Shapes","floor":39,"turns":6},{"damage":19,"enemies":"Nemesis","floor":40,"turns":7}],"seed_played":"8328413303583362088","potions_obtained":[{"floor":2,"key":"FearPotion"},{"floor":5,"key":"Poison Potion"},{"floor":6,"key":"Explosive Potion"},{"floor":10,"key":"Dexterity Potion"},{"floor":13,"key":"Explosive Potion"},{"floor":22,"key":"Block Potion"},{"floor":30,"key":"GamblersBrew"},{"floor":31,"key":"Block Potion"},{"floor":36,"key":"AttackPotion"}],"is_trial":false,"path_per_floor":["M","M","M","M","M","E","R","?","T","E","R","?","M","M","R","B",null,"M","$","?","M","M","R","M","E","T","M","R","M","E","M","R","B",null,"M","?","M","?","M","E"],"character_chosen":"DEFECT","items_purchased":["Defragment","Happy Flower","Turbo"],"campfire_rested":3,"item_purchase_floors":[19,19,19],"current_hp_per_floor":[62,50,42,39,30,22,41,46,46,45,45,45,27,23,23,4,53,44,44,44,34,34,34,34,26,26,15,35,22,4,4,24,6,53,35,9,9,9,9,0],"gold":605,"neow_bonus":"THREE_RARE_CARDS","is_prod":false,"is_daily":false,"chose_seed":false,"campfire_upgraded":2,"win_rate":0,"timestamp":1554196377,"path_taken":["M","M","?","?","M","E","R","?","T","E","R","?","M","M","R","BOSS","M","$","?","M","M","R","M","E","T","M","R","M","E","?","R","BOSS","M","?","M","?","?","E"],"build_version":"2019-01-23","purchased_purges":0,"victory":false,"max_hp_per_floor":[64,64,64,64,64,64,64,69,69,69,69,69,69,69,69,69,69,69,69,69,69,69,69,69,69,69,69,69,69,69,69,69,69,69,69,69,69,69,69,69],"card_choices":[{"not_picked":["Biased Cognition","Reboot"],"picked":"Echo Form","floor":0},{"not_picked":["Barrage","Beam Cell","Redo"],"picked":"SKIP","floor":1},{"not_picked":["Aggregate","Leap"],"picked":"Lockon","floor":2},{"not_picked":["Turbo","Compile Driver"],"picked":"Coolheaded","floor":3},{"not_picked":["Barrage","Fusion","Leap"],"picked":"SKIP","floor":4},{"not_picked":["Sweeping Beam","Hologram"],"picked":"Streamline","floor":5},{"not_picked":["Stack","Sweeping Beam"],"picked":"Conserve Battery","floor":6},{"not_picked":["Lockon","Conserve Battery"],"picked":"Sunder","floor":10},{"not_picked":["Steam","BootSequence"],"picked":"Genetic Algorithm","floor":13},{"not_picked":["Chaos","Beam Cell"],"picked":"Coolheaded","floor":14},{"not_picked":["Machine Learning","Creative AI"],"picked":"Biased Cognition","floor":16},{"not_picked":["Stack","Rebound+1"],"picked":"Genetic Algorithm","floor":18},{"not_picked":["Ball Lightning","Streamline","Conserve Battery"],"picked":"SKIP","floor":21},{"not_picked":["Melter","Stack"],"picked":"Rainbow","floor":22},{"not_picked":["Redo","Beam Cell+1"],"picked":"Electrodynamics","floor":24},{"not_picked":["Rebound","Conserve Battery","Meteor Strike"],"picked":"SKIP","floor":25},{"not_picked":["Steam","FTL","Stack"],"picked":"SKIP","floor":27},{"not_picked":["Biased Cognition","Go for the Eyes"],"picked":"Echo Form","floor":29},{"not_picked":["Sweeping Beam","Conserve Battery","Stack+1"],"picked":"SKIP","floor":30},{"not_picked":["Turbo","Compile Driver","Sunder"],"picked":"SKIP","floor":31},{"not_picked":["Thunder Strike","Machine Learning"],"picked":"Fission","floor":33},{"not_picked":["Ball Lightning","Compile Driver+1","Blizzard"],"picked":"SKIP","floor":35},{"not_picked":["Streamline","Rebound","Hologram+1"],"picked":"SKIP","floor":37},{"not_picked":["Barrage","Reprogram","Streamline+1"],"picked":"SKIP","floor":39}],"player_experience":1521029,"relics_obtained":[{"floor":6,"key":"Peace Pipe"},{"floor":9,"key":"Orichalcum"},{"floor":10,"key":"DataDisk"},{"floor":25,"key":"Bottled Lightning"},{"floor":26,"key":"Tiny Chest"},{"floor":30,"key":"War Paint"},{"floor":36,"key":"FossilizedHelix"}],"event_choices":[{"damage_healed":0,"gold_gain":0,"player_choice":"Donut","damage_taken":0,"max_hp_gain":5,"max_hp_loss":0,"event_name":"Big Fish","floor":8,"gold_loss":0},{"damage_healed":0,"gold_gain":150,"player_choice":"AGREE","damage_taken":0,"max_hp_gain":0,"max_hp_loss":0,"event_name":"Liars Game","floor":12,"gold_loss":0,"cards_obtained":["Doubt"]},{"damage_healed":0,"gold_gain":0,"player_choice":"Traded Relic","damage_taken":0,"relics_obtained":["Nloth\u0027s Gift"],"max_hp_gain":0,"max_hp_loss":0,"event_name":"N\u0027loth","floor":20,"relics_lost":["Cracked Core"],"gold_loss":0},{"damage_healed":0,"gold_gain":0,"player_choice":"Fight","damage_taken":0,"max_hp_gain":0,"max_hp_loss":0,"event_name":"Mysterious Sphere","floor":36,"gold_loss":0},{"damage_healed":0,"gold_gain":0,"player_choice":"Upgraded","damage_taken":0,"max_hp_gain":0,"max_hp_loss":0,"event_name":"Upgrade Shrine","floor":38,"gold_loss":0,"cards_upgraded":["Fission"]}],"is_beta":false,"boss_relics":[{"not_picked":["Calling Bell","Runic Dome"],"picked":"Pandora\u0027s Box"},{"not_picked":["Orrery","Fusion Hammer"],"picked":"Snecko Eye"}],"items_purged_floors":[],"is_endless":false,"potions_floor_spawned":[2,5,6,10,13,22,25,30,31,33,36,37],"killed_by":"Nemesis","ascension_level":20}