{"gold_per_floor":[18,18,29,45,55,55,82,92,116,128,140,28,53,64,64,164,164,176,190,43,43,43,43,71,83,138,164,164,189,201,201,201,296,346,362,407,431,431,431,431,459,741,741,641,677,677,29,29,29,29,29,29,29,54,54],"floor_reached":56,"playtime":2620,"items_purged":["Pain","Regret","Strike_P+1"],"score":1636,"play_id":"a3f1965a-285e-4b46-8b3d-351793e6b0f7","local_time":"20190920165713","is_ascension_mode":true,"campfire_choices":[{"data":"Eruption","floor":6.0,"key":"SMITH"},{"data":"Wallop","floor":15.0,"key":"SMITH"},{"data":"Establishment","floor":23.0,"key":"SMITH"},{"data":"SandsOfTime","floor":28.0,"key":"SMITH"},{"data":"TalkToTheHand","floor":32.0,"key":"SMITH"},{"floor":40.0,"key":"RECALL"},{"floor":46.0,"key":"REST"},{"data":"Fasting","floor":49.0,"key":"SMITH"},{"data":"Worship","floor":52.0,"key":"SMITH"}],"neow_cost":"NO_GOLD","seed_source_timestamp":0,"circlet_count":0,"master_deck":["Strike_P+1","Defend_P","Defend_P","Defend_P+1","Defend_P+1","Eruption+1","Vigilance+1","Vault","Crescendo+1","TalkToTheHand+1","EmptyFist","CrushJoints+1","Wallop+1","SandsOfTime+1","LessonLearned+1","Worship+1","Establishment+1","Collect+1","Worship+1","SpiritShield+1","Vault","Protect+1","Judgement","DevaForm","Worship+1","SandsOfTime+1","Ragnarok","Fasting+1"],"special_seed":0,"relics":["PureWater","WarpedTongs","Yang","MawBank","PreservedInsect","InkBottle","Snecko Eye","Potion Belt","Akabeko","Tiny Chest","Bag of Preparation","Juzu Bracelet","Tiny House","Lizard Tail","White Beast Statue","CeramicFish","Mercury Hourglass","Pen Nib","Strawberry","Bronze Scales","Vajra"],"potions_floor_usage":[55,55,55],"damage_taken":[{"damage":0.0,"enemies":"Small Slimes","floor":1.0,"turns":4.0},{"damage":6.0,"enemies":"Cultist","floor":3.0,"turns":5.0},{"damage":2.0,"enemies":"2 Louse","floor":4.0,"turns":2.0},{"damage":2.0,"enemies":"2 Fungi Beasts","floor":5.0,"turns":3.0},{"damage":3.0,"enemies":"Gremlin Nob","floor":7.0,"turns":2.0},{"damage":3.0,"enemies":"Looter","floor":8.0,"turns":3.0},{"damage":0.0,"enemies":"3 Sentries","floor":13.0,"turns":3.0},{"damage":0.0,"enemies":"Gremlin Gang","floor":14.0,"turns":2.0},{"damage":14.0,"enemies":"Hexaghost","floor":16.0,"turns":8.0},{"damage":0.0,"enemies":"Chosen","floor":18.0,"turns":2.0},{"damage":6.0,"enemies":"2 Thieves","floor":19.0,"turns":2.0},{"damage":1.0,"enemies":"Book of Stabbing","floor":24.0,"turns":4.0},{"damage":0.0,"enemies":"Sentry and Sphere","floor":25.0,"turns":3.0},{"damage":0.0,"enemies":"Gremlin Leader","floor":27.0,"turns":4.0},{"damage":0.0,"enemies":"Book of Stabbing","floor":29.0,"turns":2.0},{"damage":0.0,"enemies":"Snake Plant","floor":30.0,"turns":2.0},{"damage":0.0,"enemies":"Automaton","floor":33.0,"turns":10.0},{"damage":8.0,"enemies":"3 Shapes","floor":35.0,"turns":4.0},{"damage":20.0,"enemies":"2 Orb Walkers","floor":36.0,"turns":6.0},{"damage":22.0,"enemies":"Nemesis","floor":41.0,"turns":7.0},{"damage":0.0,"enemies":"Reptomancer","floor":45.0,"turns":3.0},{"damage":0.0,"enemies":"Time Eater","floor":50.0,"turns":8.0},{"damage":2.0,"enemies":"Shield and Spear","floor":54.0,"turns":4.0},{"damage":13,"enemies":"The Heart","floor":55,"turns":6}],"seed_played":"-6039351281598978271","potions_obtained":[{"floor":3.0,"key":"SneckoOil"},{"floor":5.0,"key":"Weak Potion"},{"floor":8.0,"key":"BottledMiracle"},{"floor":19.0,"key":"PowerPotion"},{"floor":24.0,"key":"DuplicationPotion"},{"floor":29.0,"key":"SteroidPotion"}],"is_trial":false,"path_per_floor":["M","?","M","M","M","R","E","M","T","$","?","$","E","M","R","B",null,"M","M","$","?","?","R","E","M","T","E","R","E","M","?","R","B",null,"M","?","T","?","T","R","E","?","T","$","E","R","$","?","R","B",null,"R","$","E","B",null],"character_chosen":"WATCHER","items_purchased":["EmptyFist","Potion Belt","Ragnarok","Fasting","Strawberry","Bronze Scales"],"campfire_rested":1,"item_purchase_floors":[12,20,47,47,47,47],"current_hp_per_floor":[65,65,59,57,55,55,52,49,49,49,49,49,49,49,49,35,65,65,59,59,59,59,59,58,58,58,58,58,58,58,58,58,58,70,62,42,42,42,42,42,20,20,20,20,20,39,46,46,46,46,73,73,73,71,58],"gold":54,"neow_bonus":"THREE_RARE_CARDS","is_prod":false,"is_daily":false,"chose_seed":false,"campfire_upgraded":7,"win_rate":0,"timestamp":1568991433,"path_taken":["M","?","M","M","M","R","E","M","T","?","?","$","E","M","R","BOSS","M","M","$","?","?","R","E","M","T","E","R","E","M","?","R","BOSS","M","?","?","?","?","R","E","?","T","$","E","R","$","?","R","BOSS","R","$","E","BOSS"],"build_version":"2019-09-19","purchased_purges":3,"victory":true,"max_hp_per_floor":[65,65,65,65,65,65,65,65,65,65,65,65,65,65,65,65,65,65,65,65,65,65,65,65,65,65,65,65,65,65,65,65,65,70,70,70,70,66,66,66,66,66,66,66,66,66,73,73,73,73,73,73,73,73,73],"card_choices":[{"not_picked":["DevaForm","Pray"],"picked":"Vault","floor":0.0},{"not_picked":["SashWhip","Consecrate"],"picked":"Crescendo","floor":1.0},{"not_picked":["FlurryOfBlows","Devotion"],"picked":"TalkToTheHand","floor":3.0},{"not_picked":["CutThroughFate","Weave"],"picked":"FlurryOfBlows","floor":4.0},{"not_picked":["CleanseEvil","Vengeance"],"picked":"EmptyFist","floor":5.0},{"not_picked":["Wireheading","Crescendo","Prostrate"],"picked":"SKIP","floor":7.0},{"not_picked":["ClearTheMind","Worship"],"picked":"CrushJoints","floor":8.0},{"not_picked":["DeceiveReality","FlowState"],"picked":"Wallop","floor":13.0},{"not_picked":["Metaphysics","FlyingSleeves"],"picked":"SandsOfTime","floor":14.0},{"not_picked":["Judgement","Alpha"],"picked":"LessonLearned","floor":16.0},{"not_picked":["ClearTheMind","Tantrum"],"picked":"Worship","floor":18.0},{"not_picked":["ThirdEye","Consecrate+1","EmptyFist"],"picked":"SKIP","floor":19.0},{"not_picked":["DeceiveReality","EmptyMind"],"picked":"Collect","floor":24.0},{"not_picked":["PathToVictory+1","ClearTheMind"],"picked":"Worship","floor":25.0},{"not_picked":["CutThroughFate+1","Scrawl","ClearTheMind"],"picked":"SKIP","floor":27.0},{"not_picked":["Conclude","FollowUp"],"picked":"SpiritShield+1","floor":29.0},{"not_picked":["Wireheading","SashWhip+1"],"picked":"Vault","floor":30.0},{"not_picked":["Vault","LessonLearned"],"picked":"DevaForm","floor":33.0},{"not_picked":["FollowUp","ClearTheMind"],"picked":"Worship","floor":34.0},{"not_picked":["BowlingBash","Prostrate","FollowUp+1"],"picked":"SKIP","floor":35.0},{"not_picked":["EmptyFist","Crescendo+1","Wireheading+1"],"picked":"SKIP","floor":41.0},{"not_picked":["ClearTheMind+1","Worship"],"picked":"SandsOfTime+1","floor":45.0},{"not_picked":["ThirdEye+1","BattleHymn","FlowState+1"],"picked":"SKIP","floor":54.0}],"player_experience":2081273,"relics_obtained":[{"floor":7.0,"key":"Yang"},{"floor":9.0,"key":"MawBank"},{"floor":13.0,"key":"InkBottle"},{"floor":24.0,"key":"Akabeko"},{"floor":26.0,"key":"Tiny Chest"},{"floor":27.0,"key":"Bag of Preparation"},{"floor":29.0,"key":"Juzu Bracelet"},{"floor":36.0,"key":"Lizard Tail"},{"floor":39.0,"key":"White Beast Statue"},{"floor":41.0,"key":"CeramicFish"},{"floor":43.0,"key":"Mercury Hourglass"},{"floor":45.0,"key":"Pen Nib"},{"floor":54.0,"key":"Vajra"}],"event_choices":[{"damage_healed":0.0,"max_hp_gain":0.0,"max_hp_loss":0.0,"gold_gain":0.0,"event_name":"Accursed Blacksmith","player_choice":"Rummage","floor":2.0,"gold_loss":0.0,"damage_taken":0.0,"relics_obtained":["WarpedTongs"],"cards_obtained":["Pain"]},{"damage_healed":0.0,"max_hp_gain":0.0,"max_hp_loss":0.0,"gold_gain":0.0,"event_name":"Dead Adventurer","player_choice":"Searched \u00271\u0027 times","floor":11.0,"gold_loss":0.0,"damage_taken":0.0,"relics_obtained":["PreservedInsect"]},{"damage_healed":0.0,"max_hp_gain":0.0,"max_hp_loss":0.0,"gold_gain":0.0,"cards_transformed":["Strike_P"],"event_name":"Transmorgrifier","player_choice":"Transformed","floor":22.0,"gold_loss":0.0,"damage_taken":0.0,"cards_obtained":["Establishment"]},{"damage_healed":0.0,"max_hp_gain":0.0,"max_hp_loss":0.0,"gold_gain":0.0,"cards_transformed":["FlurryOfBlows","Strike_P"],"event_name":"Drug Dealer","player_choice":"Became Test Subject","floor":31.0,"gold_loss":0.0,"damage_taken":0.0,"cards_obtained":["Protect","Judgement"]},{"damage_healed":0.0,"max_hp_gain":0.0,"max_hp_loss":0.0,"gold_gain":0.0,"event_name":"Mysterious Sphere","player_choice":"Fight","floor":36.0,"gold_loss":0.0,"damage_taken":0.0},{"damage_healed":0.0,"max_hp_gain":0.0,"max_hp_loss":4.0,"gold_gain":0.0,"event_name":"Winding Halls","player_choice":"Max HP","floor":38.0,"gold_loss":0.0,"damage_taken":0.0},{"damage_healed":0.0,"max_hp_gain":0.0,"max_hp_loss":0.0,"gold_gain":275.0,"event_name":"Golden Shrine","player_choice":"Desecrate","floor":42.0,"gold_loss":0.0,"damage_taken":0.0,"cards_obtained":["Regret"]},{"cards_removed":["EmptyFist"],"damage_healed":0.0,"max_hp_gain":0.0,"max_hp_loss":0.0,"gold_gain":0.0,"event_name":"Falling","player_choice":"Removed Attack","floor":48.0,"gold_loss":0.0,"damage_taken":0.0}],"is_beta":true,"boss_relics":[{"not_picked":["Runic Dome","Runic Pyramid"],"picked":"Snecko Eye"},{"not_picked":["Pandora\u0027s Box","Velvet Choker"],"picked":"Tiny House"}],"items_purged_floors":[12,44,47],"is_endless":false,"potions_floor_spawned":[3,5,8,16,19,24,29,30,41,45,54],"ascension_level":2}