{"gold_per_floor":[115,125,125,143,158,158,172,172,172,172,184,184,29,60,60,60],"floor_reached":16,"playtime":494,"items_purged":[],"score":173,"play_id":"9a2d615d-23cc-44a1-b653-cf61944e6cfb","local_time":"20181003164106","is_ascension_mode":true,"campfire_choices":[{"data":"Rampage","floor":6,"key":"SMITH"},{"data":"Rage","floor":8,"key":"SMITH"},{"data":"Flex","floor":10,"key":"SMITH"},{"data":"Battle Trance","floor":12,"key":"SMITH"},{"data":"Armaments","floor":15,"key":"SMITH"}],"neow_cost":"CURSE","seed_source_timestamp":30672061801475,"circlet_count":0,"master_deck":["Strike_R","Strike_R","Strike_R","Strike_R","Defend_R","Defend_R","Defend_R","Bash","AscendersBane","Pain","Cleave","Rampage+1","Clash","Iron Wave","Battle Trance+1","Rage+1","Flex+1","Clash","Limit Break","Searing Blow","Armaments+1"],"relics":["Burning Blood","Kunai","Bird Faced Urn"],"potions_floor_usage":[7,16],"damage_taken":[{"damage":14,"enemies":"2 Louse","floor":1,"turns":2},{"damage":11,"enemies":"Jaw Worm","floor":2,"turns":4},{"damage":2,"enemies":"Small Slimes","floor":4,"turns":3},{"damage":10,"enemies":"2 Fungi Beasts","floor":5,"turns":4},{"damage":11,"enemies":"Exordium Thugs","floor":7,"turns":2},{"damage":17,"enemies":"Red Slaver","floor":11,"turns":3},{"damage":31,"enemies":"Lagavulin","floor":14,"turns":7},{"damage":38,"enemies":"The Guardian","floor":16,"turns":2}],"seed_played":"-6889687589769916849","potions_obtained":[{"floor":4,"key":"Explosive Potion"},{"floor":11,"key":"LiquidBronze"}],"is_trial":false,"path_per_floor":["M","M","?","M","M","R","M","R","T","R","M","R","$","E","R"],"character_chosen":"IRONCLAD","items_purchased":["Limit Break","Searing Blow"],"campfire_rested":0,"item_purchase_floors":[13,13],"current_hp_per_floor":[60,55,60,64,60,60,55,55,55,55,44,44,44,19,19,0],"gold":60,"neow_bonus":"TRANSFORM_TWO_CARDS","is_prod":false,"is_daily":false,"chose_seed":false,"campfire_upgraded":5,"win_rate":0,"timestamp":1538577666,"path_taken":["M","M","?","M","M","R","M","R","T","R","M","R","$","E","R","BOSS"],"build_version":"2018-10-02","purchased_purges":0,"victory":false,"max_hp_per_floor":[75,75,80,80,80,80,80,80,80,80,80,80,80,80,80,80],"card_choices":[{"not_picked":["Heavy Blade","Body Slam"],"picked":"Clash","floor":1},{"not_picked":["Thunderclap","True Grit"],"picked":"Iron Wave","floor":2},{"not_picked":["Body Slam","Clash"],"picked":"Battle Trance","floor":4},{"not_picked":["Clash","Brutality"],"picked":"Rage","floor":5},{"not_picked":["Second Wind","Wild Strike"],"picked":"Flex","floor":7},{"not_picked":["Pommel Strike","Havoc"],"picked":"Clash","floor":11},{"not_picked":["Headbutt","Exhume"],"picked":"Armaments","floor":14}],"player_experience":584102,"relics_obtained":[{"floor":9,"key":"Kunai"},{"floor":14,"key":"Bird Faced Urn"}],"event_choices":[{"event_name":"Big Fish","player_choice":"Donut","floor":3,"damage_taken":0}],"is_beta":true,"boss_relics":[],"items_purged_floors":[],"is_endless":false,"potions_floor_spawned":[4,11],"killed_by":"The Guardian","ascension_level":14}