{"gold_per_floor":[109,128,128,128,145,145,161,161,161,192,210,243,143,153,153,229,229,229,149,18,18,18,18,18],"floor_reached":24,"playtime":937,"items_purged":["Strike_G","Strike_G"],"score":416,"play_id":"599512e8-117c-4304-8853-260e3dd8b4c1","local_time":"20190427112257","is_ascension_mode":true,"campfire_choices":[{"data":"Neutralize","floor":6.0,"key":"SMITH"},{"data":"Finisher","floor":8.0,"key":"SMITH"},{"floor":15.0,"key":"REST"},{"floor":23,"key":"REST"}],"neow_cost":"NONE","seed_source_timestamp":0,"circlet_count":0,"master_deck":["AscendersBane","Defend_G","Defend_G","Defend_G","Defend_G","Defend_G","Survivor","Neutralize+1","Endless Agony","Finisher+1","Quick Slash","Backflip","Masterful Stab","Bouncing Flask","PiercingWail","Footwork","Unload","Catalyst","Catalyst","Deadly Poison","Catalyst","Wraith Form v2"],"special_seed":0,"relics":["Ring of the Snake","Smiling Mask","Paper Crane","Torii","Strawberry","Ectoplasm"],"potions_floor_usage":[],"damage_taken":[{"damage":0.0,"enemies":"Small Slimes","floor":1.0,"turns":3.0},{"damage":2.0,"enemies":"Jaw Worm","floor":2.0,"turns":4.0},{"damage":0.0,"enemies":"Cultist","floor":5.0,"turns":4.0},{"damage":4.0,"enemies":"Blue Slaver","floor":7.0,"turns":4.0},{"damage":28.0,"enemies":"Gremlin Nob","floor":10.0,"turns":4.0},{"damage":9.0,"enemies":"3 Louse","floor":11.0,"turns":4.0},{"damage":14.0,"enemies":"3 Sentries","floor":12.0,"turns":13.0},{"damage":1.0,"enemies":"Looter","floor":14.0,"turns":4.0},{"damage":18.0,"enemies":"The Guardian","floor":16.0,"turns":13.0},{"damage":8.0,"enemies":"Shell Parasite","floor":18.0,"turns":9.0},{"damage":30.0,"enemies":"2 Thieves","floor":19.0,"turns":4.0},{"damage":15,"enemies":"3 Cultists","floor":21,"turns":7},{"damage":67,"enemies":"Gremlin Leader","floor":24,"turns":7}],"seed_played":"-1366616631540783607","potions_obtained":[{"floor":1.0,"key":"Energy Potion"},{"floor":5.0,"key":"GhostInAJar"},{"floor":12.0,"key":"Ancient Potion"},{"floor":14.0,"key":"SteroidPotion"}],"is_trial":false,"path_per_floor":["M","M","?","?","M","R","M","R","T","E","M","E","$","M","R","B",null,"M","M","$","M","?","R","E"],"character_chosen":"THE_SILENT","items_purchased":["PiercingWail","Catalyst"],"campfire_rested":2,"item_purchase_floors":[13,20],"current_hp_per_floor":[59,57,62,62,62,62,58,58,58,30,21,14,14,13,36,18,63,55,25,25,10,10,33,0],"gold":18,"neow_bonus":"RANDOM_COMMON_RELIC","is_prod":false,"is_daily":false,"chose_seed":false,"campfire_upgraded":2,"win_rate":0,"timestamp":1556356977,"path_taken":["M","M","?","?","?","R","M","R","T","E","M","E","$","M","R","BOSS","M","M","$","M","?","R","E"],"build_version":"2019-01-23","purchased_purges":2,"victory":false,"max_hp_per_floor":[66,66,71,71,71,71,71,71,71,71,71,78,78,78,78,78,78,78,78,78,78,78,78,78],"card_choices":[{"not_picked":["Underhanded Strike","Tactician"],"picked":"Endless Agony","floor":1.0},{"not_picked":["Slice","Dodge and Roll"],"picked":"Finisher","floor":2.0},{"not_picked":["Deflect","Wraith Form v2"],"picked":"Quick Slash","floor":5.0},{"not_picked":["Dagger Throw","Distraction","Slice"],"picked":"SKIP","floor":7.0},{"not_picked":["Reflex","Calculated Gamble"],"picked":"Backflip","floor":10.0},{"not_picked":["Dagger Spray","Bane"],"picked":"Masterful Stab","floor":11.0},{"not_picked":["Doppelganger","Sucker Punch"],"picked":"Bouncing Flask","floor":12.0},{"not_picked":["Dodge and Roll","Riddle With Holes"],"picked":"Footwork","floor":14.0},{"not_picked":["Grand Finale","Night Terror"],"picked":"Unload","floor":16.0},{"not_picked":["Slice","Bane"],"picked":"Catalyst","floor":18.0},{"not_picked":["Dodge and Roll","Dagger Spray","Infinite Blades"],"picked":"SKIP","floor":19.0},{"not_picked":["Outmaneuver","Bane"],"picked":"Deadly Poison","floor":21}],"player_experience":1627611,"relics_obtained":[{"floor":9.0,"key":"Paper Crane"},{"floor":10.0,"key":"Torii"},{"floor":12.0,"key":"Strawberry"}],"event_choices":[{"damage_healed":0.0,"max_hp_gain":5.0,"max_hp_loss":0.0,"gold_gain":0.0,"event_name":"Big Fish","player_choice":"Donut","floor":3.0,"gold_loss":0.0,"damage_taken":0.0},{"cards_removed":["Strike_G"],"damage_healed":0.0,"max_hp_gain":0.0,"max_hp_loss":0.0,"gold_gain":0.0,"event_name":"Purifier","player_choice":"Purged","floor":4.0,"gold_loss":0.0,"damage_taken":0.0},{"damage_healed":0,"gold_gain":0,"cards_transformed":["Strike_G","Strike_G"],"player_choice":"Became Test Subject","damage_taken":0,"max_hp_gain":0,"max_hp_loss":0,"event_name":"Drug Dealer","floor":22,"gold_loss":0,"cards_obtained":["Catalyst","Wraith Form v2"]}],"is_beta":false,"boss_relics":[{"not_picked":["Orrery","Eternal Feather"],"picked":"Ectoplasm"}],"items_purged_floors":[13,20],"is_endless":false,"potions_floor_spawned":[1,5,12,14,18,21],"killed_by":"Gremlin Leader","ascension_level":20}