{"path_per_floor":["M","$","M","M","M","R","M","R","T","E","R","M","R","M","R","B",null,"M","?","M","?","M","R","E"],"character_chosen":"DEFECT","items_purchased":[],"gold_per_floor":[117,42,59,79,94,94,114,114,114,144,144,156,156,176,176,271,271,284,199,210,135,153,153,153,153],"floor_reached":25,"campfire_rested":5,"playtime":1572,"item_purchase_floors":[],"current_hp_per_floor":[62,62,61,39,31,31,17,39,49,17,42,17,42,26,51,15,85,72,72,59,59,6,31,31,0],"items_purged":["Strike_B"],"gold":153,"score":275,"play_id":"4d78c11c-b1a7-41fc-b7f3-7f01dbfd64c7","local_time":"20180613104408","is_prod":false,"is_daily":false,"chose_seed":false,"is_ascension_mode":true,"campfire_upgraded":1,"win_rate":0,"timestamp":1528857848,"campfire_choices":[{"data":"Static Discharge","floor":6.0,"key":"SMITH"},{"floor":8.0,"key":"REST"},{"floor":11.0,"key":"REST"},{"floor":13.0,"key":"REST"},{"floor":15.0,"key":"REST"},{"floor":23,"key":"REST"}],"path_taken":["M","$","M","M","M","R","M","R","T","E","R","M","R","M","R","BOSS","M","?","M","?","M","R","E","M"],"build_version":"2018-06-07v3","seed_source_timestamp":0,"purchased_purges":1,"victory":false,"master_deck":["Strike_B","Strike_B","Defend_B","Defend_B","Defend_B","Defend_B","Zap","Dualcast","Static Discharge+1","Consume","Double Energy","Rebound","Skim","Capacitor","Amplify","Glacier","Defragment","Blizzard","Redo+1"],"max_hp_per_floor":[75,75,75,75,75,75,75,75,85,85,85,85,85,85,85,85,85,85,85,85,85,85,85,85,85],"relics":["Cracked Core","Pear","Vajra","Orrery","Bird Faced Urn"],"card_choices":[{"not_picked":["Undo","Fusion"],"picked":"Static Discharge","floor":0.0},{"not_picked":["Steam","Double Energy"],"picked":"Consume","floor":1.0},{"not_picked":["Steam","Loop"],"picked":"Double Energy","floor":3.0},{"not_picked":["Streamline","Sweeping Beam"],"picked":"Rebound","floor":4.0},{"not_picked":["Compile Driver","Beam Cell","Steam"],"picked":"SKIP","floor":5.0},{"not_picked":["Conserve Battery","Stack","Beam Cell"],"picked":"SKIP","floor":7.0},{"not_picked":["BootSequence","Compile Driver"],"picked":"Skim","floor":10.0},{"not_picked":["Fusion","Stack"],"picked":"Capacitor","floor":12.0},{"not_picked":["Redo","Blizzard","Gash"],"picked":"SKIP","floor":14.0},{"not_picked":["Multi-Cast","All For One"],"picked":"Amplify","floor":16.0},{"not_picked":["Leap","BootSequence"],"picked":"Glacier","floor":17},{"not_picked":["Sweeping Beam","Leap"],"picked":"Defragment","floor":17},{"not_picked":["Streamline","Stack","Coolheaded"],"picked":"SKIP","floor":18},{"not_picked":["Hologram+1","Force Field+1"],"picked":"Blizzard","floor":20},{"not_picked":["Gash","Rebound+1"],"picked":"Redo+1","floor":22}],"player_experience":234369,"potions_floor_usage":[24],"damage_taken":[{"damage":13.0,"enemies":"2 Louse","floor":1.0,"turns":2.0},{"damage":1.0,"enemies":"Cultist","floor":3.0,"turns":3.0},{"damage":22.0,"enemies":"Small Slimes","floor":4.0,"turns":3.0},{"damage":8.0,"enemies":"2 Fungi Beasts","floor":5.0,"turns":3.0},{"damage":14.0,"enemies":"Exordium Wildlife","floor":7.0,"turns":4.0},{"damage":32.0,"enemies":"Gremlin Nob","floor":10.0,"turns":3.0},{"damage":25.0,"enemies":"Large Slime","floor":12.0,"turns":3.0},{"damage":16.0,"enemies":"Exordium Thugs","floor":14.0,"turns":3.0},{"damage":36.0,"enemies":"The Guardian","floor":16.0,"turns":6.0},{"damage":13,"enemies":"Spheric Guardian","floor":18,"turns":7},{"damage":23,"enemies":"Chosen","floor":20,"turns":7},{"damage":61,"enemies":"3 Cultists","floor":22,"turns":4},{"damage":0,"enemies":"Slavers","floor":24,"turns":1},{"damage":37,"enemies":"Snake Plant","floor":25,"turns":3}],"relics_obtained":[{"floor":9.0,"key":"Pear"},{"floor":10.0,"key":"Vajra"}],"event_choices":[{"event_name":"Addict","player_choice":"Obtained Relic","floor":19,"damage_taken":0},{"event_name":"Beggar","player_choice":"Gave Gold","floor":21,"damage_taken":0}],"boss_relics":[{"not_picked":["Black Star","Ectoplasm"],"picked":"Orrery"}],"items_purged_floors":[],"potions_floor_spawned":[3,5,7,10,14,20,22,24],"seed_played":"-5836929902126927446","killed_by":"Snake Plant","ascension_level":2,"potions_obtained":[{"floor":3.0,"key":"Strength Potion"},{"floor":5.0,"key":"Fire Potion"},{"floor":7.0,"key":"Fire Potion"},{"floor":10.0,"key":"SmokeBomb"},{"floor":20,"key":"Fire Potion"}],"is_trial":false}