{"gold_per_floor":[118,133,133,194,210,249,39,39,39,39,63,63,87,125,125,218,218,239,239,0,18,31,69,82,116,140,140,211,261,281,206,206,206],"floor_reached":33,"playtime":828,"items_purged":["Pain"],"score":676,"play_id":"d1f18a0f-1045-4e10-9187-7e9a96cc0cf8","local_time":"20190403003157","is_ascension_mode":true,"campfire_choices":[{"data":"Bash","floor":8,"key":"SMITH"},{"data":"Carnage","floor":10,"key":"SMITH"},{"data":"Clothesline","floor":12,"key":"SMITH"},{"data":"Perfected Strike","floor":15,"key":"SMITH"},{"data":"Flame Barrier","floor":27,"key":"SMITH"},{"data":"Feel No Pain","floor":32,"key":"SMITH"}],"neow_cost":"NONE","seed_source_timestamp":53449267695856,"circlet_count":0,"master_deck":["AscendersBane","Strike_R","Strike_R","Strike_R","Strike_R+1","Strike_R","Defend_R","Defend_R","Defend_R","Bash+1","Perfected Strike+1","Carnage+1","Twin Strike","Clothesline+1","Shrug It Off","Twin Strike+1","Immolate","Flame Barrier+1","Twin Strike+1","Feel No Pain+1","Perfected Strike+1"],"relics":["Burning Blood","Golden Idol","Self Forming Clay","Bag of Preparation","Pantograph","Ancient Tea Set","Sundial","Velvet Choker","WarpedTongs","Bronze Scales","Dream Catcher","Strawberry","Whetstone","Tiny Chest"],"potions_floor_usage":[16,16,23,28,33],"damage_taken":[{"damage":4,"enemies":"2 Louse","floor":1,"turns":2},{"damage":7,"enemies":"Jaw Worm","floor":2,"turns":4},{"damage":0,"enemies":"Cultist","floor":5,"turns":2},{"damage":30,"enemies":"Gremlin Nob","floor":6,"turns":4},{"damage":2,"enemies":"2 Fungi Beasts","floor":11,"turns":3},{"damage":27,"enemies":"Lagavulin","floor":14,"turns":4},{"damage":36,"enemies":"Hexaghost","floor":16,"turns":8},{"damage":9,"enemies":"Shell Parasite","floor":18,"turns":4},{"damage":0,"enemies":"Chosen","floor":21,"turns":3},{"damage":12,"enemies":"3 Cultists","floor":22,"turns":4},{"damage":7,"enemies":"Gremlin Leader","floor":23,"turns":6},{"damage":13,"enemies":"Cultist and Chosen","floor":24,"turns":5},{"damage":22,"enemies":"Slavers","floor":25,"turns":4},{"damage":0,"enemies":"Book of Stabbing","floor":28,"turns":3},{"damage":0,"enemies":"Snecko","floor":30,"turns":3},{"damage":87,"enemies":"Champ","floor":33,"turns":10}],"seed_played":"-6430714223913522829","potions_obtained":[{"floor":2,"key":"Swift Potion"},{"floor":11,"key":"PowerPotion"},{"floor":16,"key":"Strength Potion"},{"floor":18,"key":"Swift Potion"},{"floor":22,"key":"Fire Potion"},{"floor":25,"key":"FearPotion"},{"floor":28,"key":"Dexterity Potion"}],"is_trial":false,"path_per_floor":["M","M","?","?","M","E","$","R","T","R","M","R","T","E","R","B",null,"M","?","$","M","M","E","M","E","T","R","E","?","M","?","R","B"],"character_chosen":"IRONCLAD","items_purchased":["Bag of Preparation","AttackPotion","Bronze Scales"],"campfire_rested":0,"item_purchase_floors":[7,7,20],"current_hp_per_floor":[70,69,68,68,68,44,44,44,44,44,48,48,48,27,27,22,57,54,54,54,60,54,53,46,37,37,37,43,43,49,49,49,0],"gold":206,"neow_bonus":"THREE_CARDS","is_prod":false,"is_daily":false,"chose_seed":false,"campfire_upgraded":6,"win_rate":0,"timestamp":1554244317,"path_taken":["M","M","?","?","M","E","$","R","T","R","M","R","?","E","R","BOSS","M","?","$","M","?","E","M","E","T","R","E","?","M","?","R","BOSS"],"build_version":"2019-01-23","purchased_purges":1,"victory":false,"max_hp_per_floor":[75,75,68,68,68,68,68,68,68,68,68,68,68,68,68,68,68,68,68,68,68,68,68,68,75,75,75,75,75,75,75,75,75],"card_choices":[{"not_picked":["Flex","Power Through"],"picked":"Perfected Strike","floor":0},{"not_picked":["Sword Boomerang","Power Through"],"picked":"Carnage","floor":1},{"not_picked":["Entrench","Body Slam"],"picked":"Twin Strike","floor":2},{"not_picked":["Wild Strike","Corruption"],"picked":"Clothesline","floor":5},{"not_picked":["Metallicize","Flame Barrier"],"picked":"Shrug It Off","floor":6},{"not_picked":["Body Slam","Infernal Blade"],"picked":"Twin Strike","floor":11},{"not_picked":["Power Through","Hemokinesis","Ghostly Armor"],"picked":"SKIP","floor":14},{"not_picked":["Dark Embrace","Impervious"],"picked":"Immolate","floor":16},{"not_picked":["Warcry","Shrug It Off"],"picked":"Flame Barrier","floor":18},{"not_picked":["Entrench","Hemokinesis","Armaments"],"picked":"SKIP","floor":21},{"not_picked":["Pommel Strike","Warcry"],"picked":"Twin Strike+1","floor":22},{"not_picked":["Heavy Blade","Evolve"],"picked":"Feel No Pain","floor":23},{"not_picked":["Sword Boomerang","Iron Wave"],"picked":"Perfected Strike+1","floor":24},{"not_picked":["Sentinel","Flex","Havoc"],"picked":"SKIP","floor":25},{"not_picked":["Flex","Thunderclap+1","Body Slam"],"picked":"SKIP","floor":28},{"not_picked":["Wild Strike","Armaments","Dropkick"],"picked":"SKIP","floor":30}],"player_experience":1529234,"relics_obtained":[{"floor":6,"key":"Self Forming Clay"},{"floor":9,"key":"Pantograph"},{"floor":13,"key":"Ancient Tea Set"},{"floor":14,"key":"Sundial"},{"floor":23,"key":"Dream Catcher"},{"floor":25,"key":"Strawberry"},{"floor":26,"key":"Whetstone"},{"floor":28,"key":"Tiny Chest"}],"event_choices":[{"damage_healed":0,"gold_gain":0,"player_choice":"Lose Max HP","damage_taken":0,"relics_obtained":["Golden Idol"],"max_hp_gain":0,"max_hp_loss":7,"event_name":"Golden Idol","floor":3,"gold_loss":0},{"damage_healed":0,"gold_gain":61,"player_choice":"Gained Gold","damage_taken":0,"max_hp_gain":0,"max_hp_loss":0,"event_name":"Golden Wing","floor":4,"gold_loss":0},{"damage_healed":0,"gold_gain":0,"player_choice":"Rummage","damage_taken":0,"relics_obtained":["WarpedTongs"],"max_hp_gain":0,"max_hp_loss":0,"event_name":"Accursed Blacksmith","floor":19,"gold_loss":0,"cards_obtained":["Pain"]},{"damage_healed":0,"gold_gain":50,"player_choice":"Stole From Cult","damage_taken":0,"max_hp_gain":0,"max_hp_loss":0,"event_name":"Nest","floor":29,"gold_loss":0},{"cards_removed":["Defend_R"],"damage_healed":0,"gold_gain":0,"player_choice":"Gave Gold","damage_taken":0,"max_hp_gain":0,"max_hp_loss":0,"event_name":"Beggar","floor":31,"gold_loss":75}],"is_beta":false,"boss_relics":[{"not_picked":["Empty Cage","Lizard Tail"],"picked":"Velvet Choker"}],"items_purged_floors":[20],"is_endless":false,"potions_floor_spawned":[2,11,14,16,18,22,25,28,30],"killed_by":"Champ","ascension_level":20}