{"gold_per_floor":[363,380,398,72,72,97,97,124,124,142,142,40,40,56,56,145,145,166,166,185,204,26,26,46,96,96,137,137,37,50,89,89,182,182,198,216,236,236,236,275,16,56,56,94,152,152,168,188,188,188,188,188,188,16,54,54],"floor_reached":57,"playtime":3422,"items_purged":["Strike_G","Strike_G","Strike_G"],"score":3430,"play_id":"fa0a1bc6-03e0-42e8-9ac9-4cf5aea9c7c5","local_time":"20190925000715","is_ascension_mode":true,"campfire_choices":[{"floor":7,"key":"REST"},{"data":"Footwork","floor":13,"key":"SMITH"},{"data":"Noxious Fumes","floor":15,"key":"SMITH"},{"data":"Wraith Form v2","floor":23,"key":"SMITH"},{"data":"Crippling Poison","floor":28,"key":"SMITH"},{"data":"Footwork","floor":32,"key":"SMITH"},{"floor":46,"key":"RECALL"},{"data":"Catalyst","floor":49,"key":"SMITH"},{"data":"Night Terror","floor":53,"key":"SMITH"}],"neow_cost":"PERCENT_DAMAGE","seed_source_timestamp":88563270851315,"circlet_count":0,"master_deck":["AscendersBane","Strike_G","Strike_G","Defend_G","Defend_G","Defend_G","Defend_G","Defend_G+1","Survivor","Neutralize","Skewer+1","Dagger Spray","Dodge and Roll","Noxious Fumes+1","Backstab","Cloak And Dagger","Footwork+1","Deadly Poison","Noxious Fumes","PiercingWail","Adrenaline","Crippling Poison+1","Caltrops","Deflect+1","Wraith Form v2+1","Footwork+1","Night Terror+1","Footwork","Blur","PiercingWail","Catalyst+1","Backflip","Leg Sweep","Leg Sweep+1"],"relics":["Ring of the Snake","TwistedFunnel","Mummified Hand","Pen Nib","Question Card","Golden Idol","Runic Pyramid","Gambling Chip","Regal Pillow","Art of War","Coffee Dripper","Pocketwatch","Membership Card","Ninja Scroll","Bag of Preparation","Prayer Wheel","Ice Cream","Happy Flower"],"potions_floor_usage":[6,35,37,56],"damage_taken":[{"damage":0,"enemies":"Small Slimes","floor":1,"turns":4},{"damage":0,"enemies":"Jaw Worm","floor":2,"turns":4},{"damage":1,"enemies":"2 Louse","floor":3,"turns":3},{"damage":16,"enemies":"Gremlin Nob","floor":6,"turns":4},{"damage":17,"enemies":"Lagavulin","floor":8,"turns":6},{"damage":0,"enemies":"Looter","floor":10,"turns":2},{"damage":0,"enemies":"Exordium Wildlife","floor":14,"turns":2},{"damage":1,"enemies":"Hexaghost","floor":16,"turns":9},{"damage":4,"enemies":"Spheric Guardian","floor":18,"turns":5},{"damage":11,"enemies":"2 Thieves","floor":20,"turns":4},{"damage":0,"enemies":"Snecko","floor":21,"turns":4},{"damage":0,"enemies":"Shelled Parasite and Fungi","floor":24,"turns":5},{"damage":0,"enemies":"Gremlin Leader","floor":27,"turns":7},{"damage":0,"enemies":"Chosen and Byrds","floor":30,"turns":5},{"damage":0,"enemies":"Slavers","floor":31,"turns":4},{"damage":0,"enemies":"Collector","floor":33,"turns":9},{"damage":12,"enemies":"3 Darklings","floor":35,"turns":5},{"damage":0,"enemies":"Orb Walker","floor":36,"turns":5},{"damage":6,"enemies":"Transient","floor":37,"turns":6},{"damage":0,"enemies":"Giant Head","floor":40,"turns":10},{"damage":10,"enemies":"Reptomancer","floor":42,"turns":6},{"damage":0,"enemies":"Giant Head","floor":44,"turns":12},{"damage":0,"enemies":"2 Orb Walkers","floor":45,"turns":5},{"damage":0,"enemies":"Maw","floor":47,"turns":8},{"damage":0,"enemies":"Jaw Worm Horde","floor":48,"turns":5},{"damage":0,"enemies":"Donu and Deca","floor":50,"turns":10},{"damage":0,"enemies":"Time Eater","floor":51,"turns":11},{"damage":0,"enemies":"Shield and Spear","floor":55,"turns":6},{"damage":36,"enemies":"The Heart","floor":56,"turns":9}],"seed_played":"3728440138413735838","potions_obtained":[{"floor":1,"key":"LiquidBronze"},{"floor":2,"key":"Block Potion"},{"floor":16,"key":"Poison Potion"},{"floor":31,"key":"Dexterity Potion"},{"floor":36,"key":"Fire Potion"},{"floor":42,"key":"FairyPotion"},{"floor":48,"key":"PowerPotion"}],"is_trial":false,"path_per_floor":["M","M","M","$","?","E","R","E","T","M","?","$","R","M","R","B",null,"M","?","M","M","$","R","M","?","T","E","R","$","M","E","R","B",null,"M","M","M","?","?","E","$","E","T","E","?","R","M","M","R","B","B",null,"R","$","E","B",null],"character_chosen":"THE_SILENT","items_purchased":["TwistedFunnel","Noxious Fumes","Deadly Poison","Noxious Fumes","Wraith Form v2","Membership Card","SkillPotion","Ice Cream"],"campfire_rested":1,"item_purchase_floors":[4,4,12,12,22,41,41,54],"current_hp_per_floor":[44,44,43,43,23,7,26,9,9,9,9,9,9,9,9,8,47,43,43,32,32,32,32,32,32,32,32,32,32,32,32,32,32,53,41,41,35,25,25,25,25,15,15,15,15,15,15,15,15,15,15,47,47,47,47,11],"gold":54,"neow_bonus":"TWO_FIFTY_GOLD","is_prod":false,"is_daily":false,"chose_seed":false,"campfire_upgraded":7,"win_rate":0,"timestamp":1569362835,"path_taken":["M","M","M","$","?","E","R","E","T","M","?","$","R","M","R","BOSS","M","?","M","M","$","R","M","?","T","E","R","$","?","E","R","BOSS","M","M","M","?","?","E","?","E","T","E","?","R","?","M","R","BOSS","BOSS","R","$","E","BOSS"],"build_version":"2019-09-24","purchased_purges":3,"victory":true,"max_hp_per_floor":[66,66,66,66,66,66,66,66,66,66,60,60,60,60,60,60,60,60,60,60,60,60,60,60,60,60,60,60,60,60,60,60,60,60,60,60,60,60,57,57,57,57,57,57,57,57,57,57,57,57,57,57,57,57,57,57],"card_choices":[{"not_picked":["Blur","Backflip"],"picked":"Skewer","floor":1},{"not_picked":["Blade Dance","Accuracy"],"picked":"Dagger Spray","floor":2},{"not_picked":["Deflect","Acrobatics"],"picked":"Dodge and Roll","floor":3},{"not_picked":["Deflect","Backflip"],"picked":"Backstab","floor":6},{"not_picked":["Storm of Steel","Infinite Blades"],"picked":"Cloak And Dagger","floor":8},{"not_picked":["Prepared","Poisoned Stab","Accuracy"],"picked":"Footwork","floor":10},{"not_picked":["Tactician","Dagger Throw","Riddle With Holes"],"picked":"PiercingWail","floor":14},{"not_picked":["Night Terror","Wraith Form v2","Bullet Time"],"picked":"Adrenaline","floor":16},{"not_picked":["Infinite Blades+1","Distraction","Dagger Spray","Slice"],"picked":"SKIP","floor":18},{"not_picked":["Deflect","Deadly Poison","Dagger Throw+1"],"picked":"Caltrops","floor":20},{"not_picked":["Riddle With Holes","Prepared","Dagger Spray"],"picked":"Deflect+1","floor":21},{"not_picked":["Bane","Choke+1","Dagger Throw"],"picked":"Footwork","floor":24},{"not_picked":["Quick Slash","Setup+1","Tactician+1","Flechettes"],"picked":"SKIP","floor":27},{"not_picked":["Terror","Riddle With Holes","Heel Hook","Well Laid Plans"],"picked":"SKIP","floor":30},{"not_picked":["Bouncing Flask","Dagger Throw","Distraction","Slice+1"],"picked":"SKIP","floor":31},{"not_picked":["Malaise","Envenom","Doppelganger"],"picked":"Night Terror","floor":33},{"not_picked":["Expertise","Escape Plan","Deadly Poison+1"],"picked":"Footwork","floor":35},{"not_picked":["Noxious Fumes","Cloak And Dagger+1","Deflect","Slice+1"],"picked":"SKIP","floor":36},{"not_picked":["Cloak And Dagger","Blade Dance","PiercingWail"],"picked":"Blur","floor":37},{"not_picked":["Accuracy","Quick Slash","Outmaneuver"],"picked":"PiercingWail","floor":40},{"not_picked":["Acrobatics+1","Cloak And Dagger","Accuracy"],"picked":"Catalyst","floor":42},{"not_picked":["Dash","Outmaneuver","Bouncing Flask","Poisoned Stab+1"],"picked":"SKIP","floor":44},{"not_picked":["Underhanded Strike","Skewer","Deflect"],"picked":"Backflip","floor":47},{"not_picked":["Expertise+1","Poisoned Stab","Envenom","Dodge and Roll"],"picked":"SKIP","floor":47},{"not_picked":["Outmaneuver","Blade Dance","Dodge and Roll"],"picked":"Leg Sweep","floor":48},{"not_picked":["Underhanded Strike","Infinite Blades+1","Skewer","Unload"],"picked":"SKIP","floor":48},{"not_picked":["Setup+1","Infinite Blades","Tactician"],"picked":"Leg Sweep+1","floor":55}],"player_experience":2102964,"relics_obtained":[{"floor":6,"key":"Mummified Hand"},{"floor":8,"key":"Pen Nib"},{"floor":9,"key":"Question Card"},{"floor":26,"key":"Gambling Chip"},{"floor":27,"key":"Regal Pillow"},{"floor":31,"key":"Art of War"},{"floor":40,"key":"Pocketwatch"},{"floor":42,"key":"Ninja Scroll"},{"floor":44,"key":"Bag of Preparation"},{"floor":45,"key":"Prayer Wheel"},{"floor":55,"key":"Happy Flower"}],"event_choices":[{"damage_healed":0,"gold_gain":0,"player_choice":"Entered Light","damage_taken":20,"max_hp_gain":0,"max_hp_loss":0,"event_name":"Shining Light","floor":5,"gold_loss":0,"cards_upgraded":["Defend_G","Skewer"]},{"damage_healed":0,"gold_gain":0,"player_choice":"Lose Max HP","damage_taken":0,"relics_obtained":["Golden Idol"],"max_hp_gain":0,"max_hp_loss":6,"event_name":"Golden Idol","floor":11,"gold_loss":0},{"damage_healed":0,"gold_gain":0,"player_choice":"Read","damage_taken":0,"max_hp_gain":0,"max_hp_loss":0,"event_name":"The Library","floor":19,"gold_loss":0,"cards_obtained":["Crippling Poison"]},{"damage_healed":0,"gold_gain":50,"player_choice":"Stole From Cult","damage_taken":0,"max_hp_gain":0,"max_hp_loss":0,"event_name":"Nest","floor":25,"gold_loss":0},{"damage_healed":0,"gold_gain":0,"player_choice":"Memory 3","damage_taken":10,"max_hp_gain":0,"max_hp_loss":0,"event_name":"SensoryStone","floor":38,"gold_loss":0},{"damage_healed":0,"gold_gain":0,"player_choice":"Max HP","damage_taken":0,"max_hp_gain":0,"max_hp_loss":3,"event_name":"Winding Halls","floor":39,"gold_loss":0},{"damage_healed":0,"gold_gain":0,"player_choice":"Fight","damage_taken":0,"max_hp_gain":0,"max_hp_loss":0,"event_name":"Mysterious Sphere","floor":45,"gold_loss":0}],"is_beta":true,"boss_relics":[{"not_picked":["Runic Dome","Black Star"],"picked":"Runic Pyramid"},{"not_picked":["Sozu","Ring of the Serpent"],"picked":"Coffee Dripper"}],"items_purged_floors":[4,29,41],"is_endless":false,"potions_floor_spawned":[1,2,16,20,24,27,31,36,42,47,48],"ascension_level":20}