{"path_per_floor":["M","$","?","$","M","R","?","R","T","M","?","E","$","M","R","B",null,"M","?","?","M","M","R","E","$","T","M","$","M","M","M","R","B",null,"M","?","?","M","$","R","E","?","T","$","?","M","R","M","R","B"],"character_chosen":"IRONCLAD","items_purchased":["Vajra","Bandage Up","Bludgeon","Mind Blast","Shuriken","Flex"],"gold_per_floor":[211,211,211,55,79,79,39,39,64,87,161,199,97,121,121,241,241,256,256,256,275,296,296,332,179,179,203,110,134,148,168,168,298,298,323,323,323,339,77,77,115,183,208,157,157,177,177,193,193,193],"floor_reached":51,"campfire_rested":1,"playtime":3666,"current_hp_per_floor":[80,80,60,60,66,66,66,66,66,73,62,65,65,66,66,16,80,62,62,46,58,53,53,35,35,35,51,51,58,58,66,66,19,80,72,72,72,66,66,66,54,34,34,34,34,42,42,39,63,28],"items_purged":[],"gold":193,"score":720,"play_id":"988b6ecb-de1b-4d08-b4b8-db33ed145bf1","local_time":"20180513201228","is_prod":false,"is_daily":false,"chose_seed":false,"is_ascension_mode":false,"campfire_upgraded":7,"timestamp":1526235148,"path_taken":["M","$","?","$","?","R","?","R","T","M","?","E","$","M","R","BOSS","M","?","?","?","?","R","E","$","T","M","?","M","M","?","R","BOSS","M","?","?","?","$","R","E","?","T","$","?","M","R","M","R","BOSS"],"build_version":"2018-05-10","seed_source_timestamp":31962120165642,"purchased_purges":0,"victory":true,"master_deck":["Strike_R","Strike_R","Strike_R","Defend_R","Defend_R","Defend_R","Bash","Seeing Red+1","Anger+1","Inflame","Headbutt","Exhume+1","Bandage Up","Immolate+1","Pommel Strike","Limit Break","Heavy Blade+1","Havoc+1","Bludgeon+1","Heavy Blade","Mind Blast+1","Anger+1","Cleave","True Grit","Demon Form+1","Clash+1","Immolate+1","Battle Trance+1","Disarm+1","Cleave","Armaments+1","Iron Wave","Reckless Charge+1","Flex","Whirlwind+1"],"max_hp_per_floor":[80,80,80,80,80,80,80,80,80,80,80,80,80,80,80,80,80,80,80,80,80,80,80,80,80,80,80,80,80,80,80,80,80,80,80,80,80,80,80,80,80,80,80,80,80,80,80,80,80,80],"relics":["Burning Blood","Golden Idol","Vajra","Blood Vial","Bronze Scales","Pen Nib","Lizard Tail","Nilry\u0027s Codex","Orichalcum","Charon\u0027s Ashes","Astrolabe","Shuriken","Bottled Tornado","Gambling Chip","Oddly Smooth Stone"],"card_choices":[{"not_picked":["Iron Wave","Carnage"],"picked":"Seeing Red","floor":1},{"not_picked":["Body Slam","Warcry"],"picked":"Anger","floor":5},{"not_picked":["True Grit","Havoc"],"picked":"Inflame","floor":10},{"not_picked":["Perfected Strike","Armaments"],"picked":"Headbutt","floor":11},{"not_picked":["Clothesline","Pommel Strike"],"picked":"Exhume","floor":12},{"not_picked":["Entrench","Body Slam"],"picked":"Sword Boomerang","floor":14},{"not_picked":["Reaper","Demon Form"],"picked":"Immolate","floor":16},{"not_picked":["Clash","Cleave"],"picked":"Blood for Blood","floor":18},{"not_picked":["Burning Pact","Pommel Strike"],"picked":"Limit Break","floor":21},{"not_picked":["Sword Boomerang","Sever Soul"],"picked":"Heavy Blade","floor":22},{"not_picked":["Twin Strike","Iron Wave"],"picked":"Havoc","floor":24},{"not_picked":["Thunderclap","Brutality"],"picked":"Heavy Blade","floor":27},{"not_picked":["Corruption","Warcry"],"picked":"Anger","floor":29},{"not_picked":["True Grit","Perfected Strike"],"picked":"Cleave","floor":30},{"not_picked":["Rupture","Inflame"],"picked":"True Grit","floor":31},{"not_picked":["Offering","Immolate"],"picked":"Demon Form","floor":33},{"not_picked":["Clothesline","Iron Wave"],"picked":"Disarm","floor":35},{"not_picked":["True Grit","Wild Strike"],"picked":"Armaments","floor":38},{"not_picked":["Sword Boomerang","Dark Embrace"],"picked":"Iron Wave","floor":41},{"not_picked":["Perfected Strike","Twin Strike"],"picked":"Reckless Charge","floor":42},{"not_picked":["Shockwave","Sword Boomerang"],"picked":"Whirlwind","floor":48}],"player_experience":36998,"potions_floor_usage":[11,12,12,22,24,24,33,33,33,48,50],"damage_taken":[{"damage":2,"enemies":"2 Louse","floor":1,"turns":2},{"damage":0,"enemies":"Small Slimes","floor":5,"turns":3},{"damage":1,"enemies":"Cultist","floor":10,"turns":3},{"damage":19,"enemies":"3 Sentries","floor":11,"turns":6},{"damage":5,"enemies":"Gremlin Nob","floor":12,"turns":3},{"damage":7,"enemies":"Blue Slaver","floor":14,"turns":2},{"damage":66,"enemies":"The Guardian","floor":16,"turns":8},{"damage":24,"enemies":"Shell Parasite","floor":18,"turns":5},{"damage":0,"enemies":"Chosen","floor":21,"turns":3},{"damage":13,"enemies":"Centurion and Healer","floor":22,"turns":5},{"damage":34,"enemies":"Slavers","floor":24,"turns":3},{"damage":0,"enemies":"3 Cultists","floor":27,"turns":2},{"damage":1,"enemies":"Snake Plant","floor":29,"turns":2},{"damage":12,"enemies":"Cultist and Chosen","floor":30,"turns":3},{"damage":0,"enemies":"3 Cultists","floor":31,"turns":2},{"damage":75,"enemies":"Automaton","floor":33,"turns":7},{"damage":18,"enemies":"3 Darklings","floor":35,"turns":5},{"damage":14,"enemies":"Orb Walker","floor":38,"turns":3},{"damage":24,"enemies":"Giant Head","floor":41,"turns":6},{"damage":32,"enemies":"Mysterious Sphere","floor":42,"turns":3},{"damage":0,"enemies":"3 Darklings","floor":46,"turns":2},{"damage":11,"enemies":"Sphere and 2 Shapes","floor":48,"turns":3},{"damage":104,"enemies":"Time Eater","floor":50,"turns":8}],"event_choices":[{"event_name":"Golden Idol","player_choice":"Take Damage","floor":3,"damage_taken":0},{"event_name":"The Woman in Blue","player_choice":"Bought 3 Potions","floor":7,"damage_taken":0},{"event_name":"Dead Adventurer","player_choice":"Searched \u00271\u0027 times","floor":11,"damage_taken":0},{"event_name":"The Library","player_choice":"Read","floor":19,"damage_taken":0},{"event_name":"Cursed Tome","player_choice":"Obtained Book","floor":20,"damage_taken":0},{"event_name":"Transmorgrifier","player_choice":"Transform","floor":36,"damage_taken":0},{"event_name":"Accursed Blacksmith","player_choice":"Forge","floor":37,"damage_taken":0},{"event_name":"Mysterious Sphere","player_choice":"Fight","floor":42,"damage_taken":0}],"boss_relics":[{"not_picked":["Snecko Eye","Sozu"],"picked":"Lizard Tail"},{"not_picked":["White Beast Statue","Runic Dome"],"picked":"Astrolabe"}],"potions_floor_spawned":[11,11,18,21,22,24,31,41,42],"seed_played":"5557173215700108033","ascension_level":0,"is_trial":false}