{"gold_per_floor":[109,124,124,124,16,16,46,66,92,92,125,145,159,159],"floor_reached":14,"playtime":430,"items_purged":[],"score":200,"play_id":"89069122-a87f-45cf-a5c4-7edeeca6f2c5","local_time":"20190916153713","is_ascension_mode":true,"campfire_choices":[{"data":"Poisoned Stab","floor":6,"key":"SMITH"}],"neow_cost":"NONE","seed_source_timestamp":19753539078908,"circlet_count":0,"master_deck":["AscendersBane","Strike_G","Strike_G","Strike_G","Strike_G","Defend_G","Defend_G","Defend_G","Defend_G","Defend_G","Survivor","Neutralize","Deep Breath","Poisoned Stab+1","Poisoned Stab","Bane","Cloak And Dagger","Dodge and Roll","Cloak And Dagger","Die Die Die","Deadly Poison","Noxious Fumes","PiercingWail"],"relics":["Ring of the Snake","Ancient Tea Set","Happy Flower","Strawberry"],"potions_floor_usage":[11,14],"damage_taken":[{"damage":6,"enemies":"Cultist","floor":1,"turns":5},{"damage":0,"enemies":"Jaw Worm","floor":2,"turns":5},{"damage":30,"enemies":"Gremlin Nob","floor":7,"turns":4},{"damage":1,"enemies":"2 Louse","floor":8,"turns":3},{"damage":14,"enemies":"Lagavulin","floor":11,"turns":7},{"damage":0,"enemies":"Lots of Slimes","floor":12,"turns":1},{"damage":0,"enemies":"Looter","floor":13,"turns":3},{"damage":18,"enemies":"Gremlin Nob","floor":14,"turns":3}],"seed_played":"124569914879690375","potions_obtained":[{"floor":8,"key":"Dexterity Potion"},{"floor":12,"key":"Weak Potion"}],"is_trial":false,"path_per_floor":["M","M","?","?","$","R","E","M","T","?","E","M","M","E"],"character_chosen":"THE_SILENT","items_purchased":["Bane","Cloak And Dagger"],"campfire_rested":0,"item_purchase_floors":[5,5],"current_hp_per_floor":[53,53,46,51,51,51,21,20,20,20,13,13,13,0],"gold":159,"neow_bonus":"RANDOM_COLORLESS","is_prod":false,"is_daily":false,"chose_seed":false,"campfire_upgraded":1,"win_rate":0,"timestamp":1568641033,"path_taken":["M","M","?","?","$","R","E","M","T","?","E","M","M","E"],"build_version":"2019-09-12","purchased_purges":0,"victory":false,"max_hp_per_floor":[66,66,66,71,71,71,71,71,71,71,78,78,78,78],"card_choices":[{"not_picked":["Slice","Reflex"],"picked":"Poisoned Stab","floor":1},{"not_picked":["Eviscerate","Infinite Blades"],"picked":"Poisoned Stab","floor":2},{"not_picked":["Underhanded Strike","All Out Attack"],"picked":"Dodge and Roll","floor":7},{"not_picked":["Accuracy","Underhanded Strike"],"picked":"Cloak And Dagger","floor":8},{"not_picked":["Quick Slash","Slice"],"picked":"Deadly Poison","floor":11},{"not_picked":["Catalyst","Night Terror"],"picked":"Noxious Fumes","floor":12},{"not_picked":["Dash","Acrobatics"],"picked":"PiercingWail","floor":13}],"player_experience":2056287,"relics_obtained":[{"floor":7,"key":"Ancient Tea Set"},{"floor":9,"key":"Happy Flower"},{"floor":11,"key":"Strawberry"}],"event_choices":[{"cards_removed":["Strike_G"],"damage_healed":0,"gold_gain":0,"player_choice":"Card Removal","damage_taken":7,"max_hp_gain":0,"max_hp_loss":0,"event_name":"Golden Wing","floor":3,"gold_loss":0},{"damage_healed":0,"gold_gain":0,"player_choice":"Donut","damage_taken":0,"max_hp_gain":5,"max_hp_loss":0,"event_name":"Big Fish","floor":4,"gold_loss":0},{"damage_healed":0,"gold_gain":0,"player_choice":"1 cards matched","damage_taken":0,"max_hp_gain":0,"max_hp_loss":0,"event_name":"Match and Keep!","floor":10,"gold_loss":0,"cards_obtained":["Die Die Die"]}],"is_beta":true,"boss_relics":[],"items_purged_floors":[],"is_endless":false,"potions_floor_spawned":[8,12],"killed_by":"Gremlin Nob","ascension_level":20}