{"gold_per_floor":[212,137,152,171,171,199,299,299,299,310,310,328,338,338],"floor_reached":14,"playtime":5869,"items_purged":[],"score":184,"play_id":"b079c15e-2afe-4104-9c80-253ee65d0288","local_time":"20190730173106","is_ascension_mode":true,"campfire_choices":[{"floor":8.0,"key":"REST"},{"floor":11.0,"key":"REST"}],"neow_cost":"NONE","seed_source_timestamp":0,"circlet_count":0,"master_deck":["AscendersBane","Strike_B","Strike_B","Strike_B","Defend_B","Defend_B","Defend_B","Defend_B","Zap","Dualcast","Darkness","Streamline","Gash","Coolheaded","Undo","Gash","Electrodynamics"],"special_seed":0,"relics":["Cracked Core","Singing Bowl","The Courier"],"potions_floor_usage":[13],"damage_taken":[{"damage":0.0,"enemies":"Jaw Worm","floor":1.0,"turns":3.0},{"damage":13.0,"enemies":"Small Slimes","floor":3.0,"turns":3.0},{"damage":1.0,"enemies":"Cultist","floor":4.0,"turns":3.0},{"damage":39.0,"enemies":"Gremlin Nob","floor":6.0,"turns":4.0},{"damage":21.0,"enemies":"Large Slime","floor":10.0,"turns":3.0},{"damage":0.0,"enemies":"2 Fungi Beasts","floor":12.0,"turns":4.0},{"damage":27,"enemies":"Gremlin Gang","floor":13,"turns":4},{"damage":16,"enemies":"Large Slime","floor":14,"turns":1}],"seed_played":"-2113305697675781307","potions_obtained":[{"floor":1.0,"key":"Poison Potion"},{"floor":4.0,"key":"LiquidBronze"},{"floor":6.0,"key":"Strength Potion"}],"is_trial":false,"path_per_floor":["M","?","M","M","$","E","?","R","T","M","R","M","M","M"],"character_chosen":"DEFECT","items_purchased":[],"campfire_rested":2,"item_purchase_floors":[],"current_hp_per_floor":[64,64,51,50,50,11,11,32,32,11,32,32,5,0],"gold":338,"neow_bonus":"HUNDRED_GOLD","is_prod":false,"is_daily":false,"chose_seed":false,"campfire_upgraded":0,"win_rate":0,"timestamp":1564500666,"path_taken":["M","?","M","M","$","E","?","R","T","M","R","M","?","M"],"build_version":"2019-07-17","purchased_purges":0,"victory":false,"max_hp_per_floor":[71,71,71,71,71,71,71,71,71,71,71,71,71,71],"card_choices":[{"not_picked":["Steam","Recycle"],"picked":"Darkness","floor":1.0},{"not_picked":["Steam","Turbo"],"picked":"Streamline","floor":3.0},{"not_picked":["Hologram","Leap"],"picked":"Gash","floor":4.0},{"not_picked":["Stack","Go for the Eyes"],"picked":"Coolheaded","floor":6.0},{"not_picked":["Lockon","Hologram"],"picked":"Undo","floor":10.0},{"not_picked":["Redo","Heatsinks"],"picked":"Gash","floor":12.0},{"not_picked":["Sweeping Beam","Barrage"],"picked":"Electrodynamics","floor":13}],"player_experience":1859068,"relics_obtained":[{"floor":6.0,"key":"Singing Bowl"},{"floor":9.0,"key":"The Courier"}],"event_choices":[{"cards_removed":["Strike_B"],"damage_healed":0.0,"max_hp_gain":0.0,"max_hp_loss":0.0,"gold_gain":0.0,"event_name":"The Cleric","player_choice":"Card Removal","floor":2.0,"gold_loss":75.0,"damage_taken":0.0},{"damage_healed":0.0,"max_hp_gain":0.0,"max_hp_loss":0.0,"gold_gain":100.0,"event_name":"Wheel of Change","player_choice":"Gold","floor":7.0,"gold_loss":0.0,"damage_taken":0.0}],"is_beta":false,"boss_relics":[],"items_purged_floors":[],"is_endless":false,"potions_floor_spawned":[1,4,6],"killed_by":"Large Slime","ascension_level":20}