{"gold_per_floor":[112,112,123,67,81,116,116,116,116,116,157,157,157],"floor_reached":13,"playtime":311,"items_purged":[],"score":168,"play_id":"96fc8955-a509-4e41-bf9f-e06b065608a6","local_time":"20181119193739","is_ascension_mode":true,"campfire_choices":[{"floor":10.0,"key":"DIG"},{"floor":12.0,"key":"DIG"}],"neow_cost":"NONE","seed_source_timestamp":0,"circlet_count":0,"master_deck":["AscendersBane","Strike_R+1","Strike_R","Strike_R","Strike_R","Defend_R","Defend_R","Defend_R","Defend_R","Bash+1","Wild Strike+1","Pommel Strike","Armaments","Iron Wave","Shrug It Off","Corruption"],"special_seed":0,"relics":["Burning Blood","Whetstone","Molten Egg 2","Golden Idol","Shovel","Pantograph","Ornamental Fan","Dodecahedron"],"potions_floor_usage":[13],"damage_taken":[{"damage":9.0,"enemies":"Small Slimes","floor":1.0,"turns":4.0},{"damage":7.0,"enemies":"Jaw Worm","floor":3.0,"turns":4.0},{"damage":2.0,"enemies":"2 Louse","floor":5.0,"turns":2.0},{"damage":30.0,"enemies":"Lagavulin","floor":6.0,"turns":7.0},{"damage":32.0,"enemies":"Gremlin Nob","floor":11.0,"turns":4.0},{"damage":14,"enemies":"Large Slime","floor":13,"turns":1}],"seed_played":"401673141828552500","potions_obtained":[{"floor":6.0,"key":"Strength Potion"},{"floor":11.0,"key":"FearPotion"}],"is_trial":false,"path_per_floor":["M","?","M","$","M","E","?","?","T","R","E","R","M"],"character_chosen":"IRONCLAD","items_purchased":["Armaments"],"campfire_rested":0,"item_purchase_floors":[4],"current_hp_per_floor":[65,65,64,64,68,44,44,37,37,37,11,11,0],"gold":157,"neow_bonus":"RANDOM_COMMON_RELIC","is_prod":false,"is_daily":false,"chose_seed":false,"campfire_upgraded":0,"win_rate":0,"timestamp":1542652659,"path_taken":["M","?","M","?","M","E","?","?","T","R","E","R","M"],"build_version":"2018-11-15","purchased_purges":0,"victory":false,"max_hp_per_floor":[75,75,75,75,75,75,68,68,68,68,68,68,68],"card_choices":[{"not_picked":["Second Wind","Warcry"],"picked":"Wild Strike","floor":1.0},{"not_picked":["Dual Wield","Heavy Blade"],"picked":"Pommel Strike","floor":3.0},{"not_picked":["Sentinel","Intimidate"],"picked":"Iron Wave","floor":5.0},{"not_picked":["Berserk","Sword Boomerang"],"picked":"Shrug It Off","floor":6.0},{"not_picked":["Carnage+1","Twin Strike+1"],"picked":"Corruption","floor":11.0}],"player_experience":836457,"relics_obtained":[{"floor":6.0,"key":"Molten Egg 2"},{"floor":9.0,"key":"Shovel"},{"floor":10.0,"key":"Pantograph"},{"floor":11.0,"key":"Ornamental Fan"},{"floor":12.0,"key":"Dodecahedron"}],"event_choices":[{"damage_healed":0.0,"max_hp_gain":0.0,"max_hp_loss":0.0,"gold_gain":0.0,"event_name":"Living Wall","player_choice":"Grow","floor":2.0,"gold_loss":0.0,"damage_taken":0.0,"cards_upgraded":["Wild Strike"]},{"damage_healed":0.0,"max_hp_gain":0.0,"max_hp_loss":7.0,"gold_gain":0.0,"event_name":"Golden Idol","player_choice":"Lose Max HP","floor":7.0,"gold_loss":0.0,"damage_taken":0.0,"relics_obtained":["Golden Idol"]},{"cards_removed":["Strike_R"],"damage_healed":0.0,"max_hp_gain":0.0,"max_hp_loss":0.0,"gold_gain":0.0,"event_name":"Golden Wing","player_choice":"Card Removal","floor":8.0,"gold_loss":0.0,"damage_taken":7.0}],"is_beta":true,"boss_relics":[],"items_purged_floors":[],"is_endless":false,"potions_floor_spawned":[6,11],"killed_by":"Large Slime","ascension_level":17}