{"gold_per_floor":[110,110,19,38,55,55,75,107,131,131,150,165,185,185,185,261,261,272,35,65,79,89,89,89],"floor_reached":24,"playtime":1417,"items_purged":[],"score":425,"play_id":"b8dc6e68-6793-4c16-84b9-b89aa4218698","local_time":"20180928164050","is_ascension_mode":true,"campfire_choices":[{"data":"Discovery","floor":6,"key":"SMITH"},{"data":"White Noise","floor":10,"key":"SMITH"},{"data":"Storm","floor":15,"key":"SMITH"},{"floor":23,"key":"REST"}],"neow_cost":"NONE","seed_source_timestamp":28466402577490,"circlet_count":0,"master_deck":["Strike_B","Strike_B","Strike_B","Defend_B","Defend_B","Defend_B","Defend_B","Zap","Dualcast","AscendersBane","Go for the Eyes","Discovery+1","Cold Snap","Lockon","White Noise+1","White Noise","Storm+1","Sunder","Electrodynamics","Multi-Cast","Sunder","Storm","Writhe","Conserve Battery+1","Double Energy"],"relics":["Cracked Core","Vajra","Oddly Smooth Stone","Strawberry","Busted Crown","Membership Card","Tiny Chest"],"potions_floor_usage":[16],"damage_taken":[{"damage":1,"enemies":"Cultist","floor":1,"turns":3},{"damage":0,"enemies":"Jaw Worm","floor":4,"turns":3},{"damage":1,"enemies":"Small Slimes","floor":5,"turns":3},{"damage":0,"enemies":"Exordium Thugs","floor":7,"turns":2},{"damage":31,"enemies":"3 Sentries","floor":8,"turns":5},{"damage":6,"enemies":"Looter","floor":11,"turns":3},{"damage":8,"enemies":"Red Slaver","floor":12,"turns":3},{"damage":6,"enemies":"Large Slime","floor":13,"turns":3},{"damage":0,"enemies":"Slime Boss","floor":16,"turns":4},{"damage":33,"enemies":"2 Thieves","floor":18,"turns":4},{"damage":8,"enemies":"Chosen","floor":21,"turns":3},{"damage":23,"enemies":"3 Cultists","floor":22,"turns":4},{"damage":36,"enemies":"Sentry and Sphere","floor":24,"turns":3}],"seed_played":"6901558232250640742","potions_obtained":[{"floor":4,"key":"Regen Potion"},{"floor":7,"key":"Ancient Potion"},{"floor":18,"key":"GamblersBrew"}],"is_trial":false,"path_per_floor":["M","?","$","M","M","R","M","E","T","R","M","M","M","?","R","B",null,"M","$","?","M","M","R"],"character_chosen":"DEFECT","items_purchased":["Discovery","Membership Card","Storm"],"campfire_rested":1,"item_purchase_floors":[3,19,19],"current_hp_per_floor":[63,68,68,68,67,67,67,36,43,43,37,29,23,23,23,35,71,38,38,38,30,7,31,0],"gold":89,"neow_bonus":"RANDOM_COMMON_RELIC","is_prod":false,"is_daily":false,"chose_seed":false,"campfire_upgraded":3,"win_rate":0,"timestamp":1538145650,"path_taken":["M","?","$","M","M","R","M","E","T","R","?","M","M","?","R","BOSS","M","$","?","M","M","R","M"],"build_version":"2018-09-27","purchased_purges":0,"victory":false,"max_hp_per_floor":[71,76,76,76,76,76,76,76,83,83,83,83,83,83,83,83,83,83,83,83,83,83,83,83],"card_choices":[{"not_picked":["Turbo","Steam"],"picked":"Go for the Eyes","floor":1},{"not_picked":["Stack","Hologram"],"picked":"Cold Snap","floor":4},{"not_picked":["Hologram","Coolheaded"],"picked":"Lockon","floor":5},{"not_picked":["Glacier","Double Energy"],"picked":"White Noise","floor":7},{"not_picked":["Biased Cognition","Reinforced Body"],"picked":"White Noise","floor":8},{"not_picked":["Steam","Streamline"],"picked":"Storm","floor":11},{"not_picked":["Barrage","Cold Snap"],"picked":"Sunder","floor":12},{"not_picked":["Fusion","Doom and Gloom","Stack"],"picked":"SKIP","floor":13},{"not_picked":["All For One","Hyperbeam"],"picked":"Multi-Cast","floor":16},{"not_picked":[],"picked":"Sunder","floor":18},{"not_picked":[],"picked":"Conserve Battery+1","floor":21},{"not_picked":[],"picked":"Double Energy","floor":22}],"player_experience":541680,"relics_obtained":[{"floor":8,"key":"Oddly Smooth Stone"},{"floor":9,"key":"Strawberry"}],"event_choices":[{"event_name":"Big Fish","player_choice":"Donut","floor":2,"damage_taken":0},{"event_name":"Transmorgrifier","player_choice":"Transform","floor":14,"damage_taken":0},{"event_name":"The Mausoleum","player_choice":"Yes","floor":20,"damage_taken":0}],"is_beta":true,"boss_relics":[{"not_picked":["FrozenCore","Runic Dome"],"picked":"Busted Crown"}],"items_purged_floors":[],"is_endless":false,"potions_floor_spawned":[4,7,12,18,21],"killed_by":"Sentry and Sphere","ascension_level":14}