{"gold_per_floor":[219,219,229,40,40,40,68,82,131,131,52,86,86,106,106,181,181,194,30,44,57,57,57],"floor_reached":23,"playtime":781,"items_purged":["Strike_B"],"score":498,"play_id":"7fe4c5e1-8d5f-4904-a340-8755bc94982e","local_time":"20190826015526","is_ascension_mode":true,"campfire_choices":[{"data":"Defragment","floor":6,"key":"SMITH"},{"data":"Zap","floor":10,"key":"SMITH"},{"data":"Self Repair","floor":13,"key":"SMITH"},{"data":"Coolheaded","floor":15,"key":"SMITH"}],"neow_cost":"NONE","seed_source_timestamp":55767651278305,"circlet_count":0,"master_deck":["AscendersBane","Strike_B","Strike_B","Defend_B","Defend_B","Defend_B","Defend_B","Zap+1","Dualcast","Coolheaded+1","Cold Snap","Defragment+1","Ball Lightning","Lockon","Conserve Battery","Doom and Gloom","Self Repair+1","Echo Form","Leap","Rainbow","Capacitor","Coolheaded+1","Coolheaded+1"],"relics":["FrozenCore","Happy Flower","Juzu Bracelet","Unceasing Top"],"potions_floor_usage":[23],"damage_taken":[{"damage":1,"enemies":"Cultist","floor":1,"turns":3},{"damage":9,"enemies":"2 Louse","floor":3,"turns":3},{"damage":17,"enemies":"3 Sentries","floor":7,"turns":11},{"damage":12,"enemies":"Jaw Worm","floor":8,"turns":2},{"damage":13,"enemies":"Gremlin Nob","floor":12,"turns":4},{"damage":15,"enemies":"Lots of Slimes","floor":14,"turns":3},{"damage":0,"enemies":"Hexaghost","floor":16,"turns":9},{"damage":23,"enemies":"2 Thieves","floor":18,"turns":5},{"damage":31,"enemies":"Chosen","floor":20,"turns":6},{"damage":17,"enemies":"Centurion and Healer","floor":21,"turns":7},{"damage":61,"enemies":"Slavers","floor":23,"turns":4}],"seed_played":"1826492525678172272","potions_obtained":[{"floor":1,"key":"SteroidPotion"},{"floor":12,"key":"GamblersBrew"},{"floor":21,"key":"Energy Potion"}],"is_trial":false,"path_per_floor":["M","$","M","$","?","R","E","M","T","R","$","E","R","M","R","B",null,"M","$","M","M","?","E"],"character_chosen":"DEFECT","items_purchased":["Defragment","Ball Lightning","Lockon","Self Repair","Capacitor"],"campfire_rested":0,"item_purchase_floors":[4,4,4,11,19],"current_hp_per_floor":[63,63,54,54,59,59,42,30,30,30,30,24,24,9,9,9,59,56,56,45,48,48,0],"gold":57,"neow_bonus":"HUNDRED_GOLD","is_prod":false,"is_daily":false,"chose_seed":false,"campfire_upgraded":4,"win_rate":0,"timestamp":1566777326,"path_taken":["M","$","M","$","?","R","E","M","T","R","$","E","R","M","R","BOSS","M","$","M","M","?","E"],"build_version":"2019-07-17","purchased_purges":1,"victory":false,"max_hp_per_floor":[71,71,71,71,76,76,76,76,76,76,76,76,76,76,76,76,76,76,76,76,76,76,76],"card_choices":[{"not_picked":["Storm","Turbo"],"picked":"Coolheaded","floor":1},{"not_picked":["Streamline","Melter"],"picked":"Cold Snap","floor":3},{"not_picked":["Heatsinks","Streamline"],"picked":"Conserve Battery","floor":7},{"not_picked":["Storm","Conserve Battery"],"picked":"Doom and Gloom","floor":8},{"not_picked":["Steam","Heatsinks"],"picked":"Echo Form","floor":12},{"not_picked":["Blizzard","Stack"],"picked":"Leap","floor":14},{"not_picked":["Creative AI","Multi-Cast"],"picked":"Rainbow","floor":16},{"not_picked":["Stack","Blizzard","Steam Power"],"picked":"SKIP","floor":18},{"not_picked":["Heatsinks","Turbo+1"],"picked":"Coolheaded+1","floor":20},{"not_picked":["Turbo","Loop"],"picked":"Coolheaded+1","floor":21}],"player_experience":1970368,"relics_obtained":[{"floor":7,"key":"Happy Flower"},{"floor":9,"key":"Juzu Bracelet"},{"floor":12,"key":"Unceasing Top"}],"event_choices":[{"damage_healed":0,"gold_gain":0,"player_choice":"Donut","damage_taken":0,"max_hp_gain":5,"max_hp_loss":0,"event_name":"Big Fish","floor":5,"gold_loss":0},{"cards_removed":["Strike_B"],"damage_healed":0,"gold_gain":0,"player_choice":"Purged","damage_taken":0,"max_hp_gain":0,"max_hp_loss":0,"event_name":"Purifier","floor":22,"gold_loss":0}],"is_beta":false,"boss_relics":[{"not_picked":["Velvet Choker","Tiny House"],"picked":"FrozenCore"}],"items_purged_floors":[19],"is_endless":false,"potions_floor_spawned":[1,12,16,18,21],"killed_by":"Slavers","ascension_level":20}