{"gold_per_floor":[117,128,128,147,147,178,196,226,226,226,237,267,302,11,11,85,85,104,104,118,135,149,149,178,197,243,274,289,300,320,350,350,428,428,446,465,445,461,477,510,354,454,454,470,485,131,159,15,15,15,15,15,15,15,44,44],"floor_reached":57,"playtime":2549,"items_purged":["Strike_G","Strike_G","Strike_G"],"score":3071,"play_id":"3b695f9c-b037-47c0-99af-d962258299e1","local_time":"20190913202304","is_ascension_mode":true,"campfire_choices":[{"data":"Terror","floor":10.0,"key":"SMITH"},{"data":"Apotheosis","floor":15.0,"key":"SMITH"},{"floor":23.0,"key":"REST"},{"data":"Catalyst","floor":32.0,"key":"SMITH"},{"floor":49,"key":"RECALL"},{"floor":53,"key":"REST"}],"neow_cost":"NONE","seed_source_timestamp":0,"circlet_count":0,"master_deck":["AscendersBane","Strike_G","Defend_G","Defend_G","Defend_G","Defend_G","Defend_G","Survivor","Neutralize","Poisoned Stab+1","Unload","Terror+1","Dagger Spray","Deadly Poison","Dagger Spray","Cloak And Dagger","Dash","Apotheosis+1","Footwork","Envenom","Calculated Gamble+1","Escape Plan","Acrobatics+1","Catalyst+1","Bullet Time","Dodge and Roll","Well Laid Plans+1","After Image+1","Deflect+1","Footwork+1","Leg Sweep+1","Parasite","Finisher","After Image+1","Secret Technique","PiercingWail","Noxious Fumes+1"],"special_seed":0,"relics":["Ring of the Snake","Bag of Marbles","Mercury Hourglass","Oddly Smooth Stone","Bronze Scales","Ninja Scroll","Membership Card","Philosopher\u0027s Stone","PreservedInsect","Pen Nib","Dead Branch","Frozen Egg 2","Busted Crown","Kunai","Happy Flower","Turnip","HandDrill","Blood Vial","ClockworkSouvenir","Centennial Puzzle"],"potions_floor_usage":[33,50,56],"damage_taken":[{"damage":1.0,"enemies":"Cultist","floor":1.0,"turns":4.0},{"damage":0.0,"enemies":"Small Slimes","floor":2.0,"turns":2.0},{"damage":0.0,"enemies":"Jaw Worm","floor":4.0,"turns":4.0},{"damage":11.0,"enemies":"Gremlin Nob","floor":6.0,"turns":3.0},{"damage":0.0,"enemies":"2 Fungi Beasts","floor":7.0,"turns":2.0},{"damage":10.0,"enemies":"3 Sentries","floor":8.0,"turns":6.0},{"damage":5.0,"enemies":"Gremlin Gang","floor":11.0,"turns":1.0},{"damage":10.0,"enemies":"Lagavulin","floor":13.0,"turns":4.0},{"damage":7.0,"enemies":"Hexaghost","floor":16.0,"turns":6.0},{"damage":0.0,"enemies":"3 Byrds","floor":18.0,"turns":2.0},{"damage":12.0,"enemies":"2 Thieves","floor":20.0,"turns":2.0},{"damage":0.0,"enemies":"Centurion and Healer","floor":21.0,"turns":4.0},{"damage":17.0,"enemies":"Sentry and Sphere","floor":22.0,"turns":3.0},{"damage":8.0,"enemies":"Slavers","floor":24.0,"turns":3.0},{"damage":0.0,"enemies":"Snake Plant","floor":25.0,"turns":4.0},{"damage":18.0,"enemies":"Book of Stabbing","floor":27.0,"turns":3.0},{"damage":0.0,"enemies":"Snecko","floor":28.0,"turns":2.0},{"damage":0.0,"enemies":"Centurion and Healer","floor":29.0,"turns":1.0},{"damage":0.0,"enemies":"3 Cultists","floor":30.0,"turns":2.0},{"damage":0.0,"enemies":"Gremlin Leader","floor":31.0,"turns":3.0},{"damage":0,"enemies":"Champ","floor":33,"turns":6},{"damage":0,"enemies":"3 Shapes","floor":35,"turns":1},{"damage":1,"enemies":"Orb Walker","floor":36,"turns":3},{"damage":0,"enemies":"3 Darklings","floor":38,"turns":3},{"damage":4,"enemies":"4 Shapes","floor":39,"turns":5},{"damage":16,"enemies":"Nemesis","floor":40,"turns":3},{"damage":0,"enemies":"Mind Bloom Boss Battle","floor":42,"turns":4},{"damage":0,"enemies":"Jaw Worm Horde","floor":44,"turns":4},{"damage":7,"enemies":"Writhing Mass","floor":45,"turns":6},{"damage":0,"enemies":"Giant Head","floor":47,"turns":4},{"damage":17,"enemies":"Awakened One","floor":50,"turns":14},{"damage":7,"enemies":"Time Eater","floor":51,"turns":14},{"damage":4,"enemies":"Shield and Spear","floor":55,"turns":4},{"damage":16,"enemies":"The Heart","floor":56,"turns":9}],"seed_played":"4046461040074566462","potions_obtained":[{"floor":1.0,"key":"DuplicationPotion"},{"floor":7.0,"key":"Swift Potion"},{"floor":8.0,"key":"Explosive Potion"},{"floor":21.0,"key":"SteroidPotion"},{"floor":22.0,"key":"SteroidPotion"},{"floor":24.0,"key":"Strength Potion"},{"floor":33,"key":"Swift Potion"},{"floor":38,"key":"Dexterity Potion"}],"is_trial":false,"path_per_floor":["M","M","?","M","?","E","M","E","T","R","M","?","E","$","R","B",null,"M","?","M","M","M","R","E","M","T","E","M","M","M","E","R","B",null,"M","M","?","M","M","E","$","?","T","M","M","$","E","$","R","B","B",null,"R","$","E","B",null],"character_chosen":"THE_SILENT","items_purchased":["Membership Card","Apotheosis","Footwork","Footwork+1","Happy Flower","After Image+1","PowerPotion","Secret Technique","HandDrill","ClockworkSouvenir"],"campfire_rested":2,"item_purchase_floors":[14,14,14,41,41,46,46,46,46,48],"current_hp_per_floor":[58,58,58,58,58,47,47,37,37,37,32,32,22,22,22,15,53,53,53,41,41,24,43,35,35,35,17,17,17,17,17,17,17,54,54,53,53,53,49,33,33,33,33,33,26,26,26,26,26,11,6,51,66,66,62,48],"gold":44,"neow_bonus":"RANDOM_COMMON_RELIC","is_prod":false,"is_daily":false,"chose_seed":false,"campfire_upgraded":3,"win_rate":0,"timestamp":1568398984,"path_taken":["M","?","?","M","?","E","M","E","T","R","?","?","E","$","R","BOSS","M","?","M","?","M","R","E","M","T","E","M","M","M","E","R","BOSS","M","M","?","?","M","E","$","?","T","M","M","$","E","?","R","BOSS","BOSS","R","$","E","BOSS"],"build_version":"2019-09-12","purchased_purges":3,"victory":true,"max_hp_per_floor":[66,66,66,66,66,66,66,66,66,66,66,66,66,66,66,66,66,66,66,66,66,66,66,66,66,66,66,66,66,66,66,66,66,66,66,66,66,66,66,66,66,66,66,66,66,66,66,66,66,66,66,66,66,66,66,66],"card_choices":[{"not_picked":["Calculated Gamble","Prepared"],"picked":"Poisoned Stab","floor":1.0},{"not_picked":["Underhanded Strike","Blade Dance"],"picked":"Unload","floor":2.0},{"not_picked":["Finisher","Eviscerate"],"picked":"Terror","floor":4.0},{"not_picked":["Heel Hook","Deflect"],"picked":"Dagger Spray","floor":6.0},{"not_picked":["Prepared","Slice"],"picked":"Deadly Poison","floor":7.0},{"not_picked":["Bane","Bullet Time"],"picked":"Dagger Spray","floor":8.0},{"not_picked":["Prepared","Outmaneuver"],"picked":"Cloak And Dagger","floor":11.0},{"not_picked":["Dagger Throw","Skewer"],"picked":"Dash","floor":13.0},{"not_picked":["Phantasmal Killer","Storm of Steel"],"picked":"Envenom","floor":16.0},{"not_picked":["Slice","Dagger Spray","Quick Slash"],"picked":"SKIP","floor":18.0},{"not_picked":["Sucker Punch","Skewer"],"picked":"Calculated Gamble+1","floor":20.0},{"not_picked":["Slice","Deflect","Cloak And Dagger"],"picked":"SKIP","floor":21.0},{"not_picked":["Sucker Punch","Underhanded Strike"],"picked":"Escape Plan","floor":22.0},{"not_picked":["Dash","Escape Plan"],"picked":"Acrobatics+1","floor":24.0},{"not_picked":["Deflect","Deadly Poison"],"picked":"Catalyst","floor":25.0},{"not_picked":["Acrobatics","Poisoned Stab+1"],"picked":"Bullet Time","floor":27.0},{"not_picked":["Eviscerate","Acrobatics"],"picked":"Dodge and Roll","floor":28.0},{"not_picked":["Endless Agony","Slice+1","Cloak And Dagger"],"picked":"SKIP","floor":29.0},{"not_picked":["Dagger Throw","Dodge and Roll","Underhanded Strike"],"picked":"SKIP","floor":30.0},{"not_picked":["Glass Knife","Dodge and Roll"],"picked":"Well Laid Plans","floor":31.0},{"not_picked":["A Thousand Cuts+1","Doppelganger"],"picked":"After Image+1","floor":33},{"not_picked":["Cloak And Dagger"],"picked":"SKIP","floor":35},{"not_picked":["Dash"],"picked":"SKIP","floor":36},{"not_picked":[],"picked":"Deflect+1","floor":38},{"not_picked":["Deflect"],"picked":"SKIP","floor":39},{"not_picked":["Underhanded Strike"],"picked":"SKIP","floor":40},{"not_picked":[],"picked":"Leg Sweep+1","floor":44},{"not_picked":[],"picked":"Finisher","floor":45},{"not_picked":[],"picked":"PiercingWail","floor":47},{"not_picked":[],"picked":"Noxious Fumes+1","floor":55}],"player_experience":2039854,"relics_obtained":[{"floor":6.0,"key":"Mercury Hourglass"},{"floor":8.0,"key":"Oddly Smooth Stone"},{"floor":9.0,"key":"Bronze Scales"},{"floor":13.0,"key":"Ninja Scroll"},{"floor":24.0,"key":"PreservedInsect"},{"floor":26.0,"key":"Pen Nib"},{"floor":27.0,"key":"Dead Branch"},{"floor":31.0,"key":"Frozen Egg 2"},{"floor":40,"key":"Kunai"},{"floor":42,"key":"Turnip"},{"floor":47,"key":"Blood Vial"},{"floor":55,"key":"Centennial Puzzle"}],"event_choices":[{"damage_healed":0.0,"max_hp_gain":0.0,"max_hp_loss":0.0,"gold_gain":0.0,"event_name":"Living Wall","player_choice":"Grow","floor":3.0,"gold_loss":0.0,"damage_taken":0.0,"cards_upgraded":["Poisoned Stab"]},{"cards_removed":["Strike_G"],"damage_healed":0.0,"max_hp_gain":0.0,"max_hp_loss":0.0,"gold_gain":0.0,"event_name":"Purifier","player_choice":"Purged","floor":5.0,"gold_loss":0.0,"damage_taken":0.0},{"damage_healed":0.0,"max_hp_gain":0.0,"max_hp_loss":0.0,"gold_gain":30.0,"event_name":"Dead Adventurer","player_choice":"Searched \u00272\u0027 times","floor":12.0,"gold_loss":0.0,"damage_taken":0.0},{"damage_healed":0.0,"max_hp_gain":0.0,"max_hp_loss":0.0,"gold_gain":30.0,"event_name":"Dead Adventurer","player_choice":"Searched \u00272\u0027 times","floor":12.0,"gold_loss":0.0,"damage_taken":0.0},{"damage_healed":0.0,"max_hp_gain":0.0,"max_hp_loss":0.0,"gold_gain":0.0,"event_name":"N\u0027loth","player_choice":"Ignored","floor":19.0,"gold_loss":0.0,"damage_taken":0.0},{"damage_healed":0,"gold_gain":0,"player_choice":"Bought 1 Potion","damage_taken":0,"max_hp_gain":0,"max_hp_loss":0,"event_name":"The Woman in Blue","floor":37,"gold_loss":0},{"damage_healed":0,"gold_gain":0,"player_choice":"Fight","damage_taken":0,"max_hp_gain":0,"max_hp_loss":0,"event_name":"MindBloom","floor":42,"gold_loss":0}],"is_beta":true,"boss_relics":[{"not_picked":["Coffee Dripper","Velvet Choker"],"picked":"Philosopher\u0027s Stone"},{"not_picked":["Sozu","Snecko Eye"],"picked":"Busted Crown"}],"items_purged_floors":[41,46,48],"is_endless":false,"potions_floor_spawned":[1,7,8,13,21,22,24,27,31,33,38,40,44],"ascension_level":20}