{"gold_per_floor":[112,84,94,94,94,133,59,90,90,90,130,130,205,226,226,324,324,339,91,91,126,8,8,44,60,86,86,124,124,167,104,116,128],"floor_reached":33,"playtime":1077,"items_purged":["Strike_G"],"score":780,"play_id":"181c75bd-67f7-4dad-b065-7c33382e4cc7","local_time":"20190813013010","is_ascension_mode":true,"campfire_choices":[{"floor":10.0,"key":"REST"},{"data":"Bouncing Flask","floor":12.0,"key":"SMITH"},{"data":"Skewer","floor":15.0,"key":"SMITH"},{"data":"After Image","floor":23.0,"key":"SMITH"},{"data":"Crippling Poison","floor":27.0,"key":"SMITH"},{"data":"Catalyst","floor":32,"key":"SMITH"}],"neow_cost":"NONE","seed_source_timestamp":57127535337841,"circlet_count":0,"master_deck":["AscendersBane","Strike_G+1","Strike_G+1","Defend_G","Defend_G","Defend_G","Defend_G","Defend_G","Survivor","Neutralize","Skewer+1","Dagger Spray","Backflip","Dash+1","Well Laid Plans","Deflect","Bouncing Flask+1","Sucker Punch+1","After Image+1","Blur+1","Crippling Poison+1","Backflip","Footwork","Backstab+1","Crippling Poison+1","Catalyst+1","Deadly Poison+1","Catalyst"],"special_seed":0,"relics":["Ring of the Snake","NeowsBlessing","Golden Idol","Molten Egg 2","Mercury Hourglass","Oddly Smooth Stone","Juzu Bracelet","Coffee Dripper","PreservedInsect","Red Mask","Regal Pillow","Whetstone","Bottled Lightning","Sundial","MawBank"],"potions_floor_usage":[33],"damage_taken":[{"damage":0.0,"enemies":"Small Slimes","floor":1.0,"turns":1.0},{"damage":0.0,"enemies":"2 Louse","floor":3.0,"turns":1.0},{"damage":0.0,"enemies":"Lagavulin","floor":6.0,"turns":1.0},{"damage":47.0,"enemies":"Gremlin Nob","floor":8.0,"turns":6.0},{"damage":0.0,"enemies":"3 Sentries","floor":11.0,"turns":6.0},{"damage":1.0,"enemies":"Cultist","floor":14.0,"turns":3.0},{"damage":8.0,"enemies":"Hexaghost","floor":16.0,"turns":9.0},{"damage":3.0,"enemies":"3 Byrds","floor":18.0,"turns":4.0},{"damage":25.0,"enemies":"Masked Bandits","floor":21.0,"turns":4.0},{"damage":0.0,"enemies":"Gremlin Leader","floor":24.0,"turns":6.0},{"damage":0.0,"enemies":"Spheric Guardian","floor":25.0,"turns":3.0},{"damage":10.0,"enemies":"Slavers","floor":28.0,"turns":4.0},{"damage":5,"enemies":"Book of Stabbing","floor":30,"turns":5},{"damage":3,"enemies":"Automaton","floor":33,"turns":6}],"seed_played":"6318128479211512211","potions_obtained":[{"floor":1.0,"key":"Explosive Potion"},{"floor":6.0,"key":"Dexterity Potion"},{"floor":16.0,"key":"Strength Potion"},{"floor":25.0,"key":"AttackPotion"},{"floor":28.0,"key":"FearPotion"},{"floor":30,"key":"AttackPotion"}],"is_trial":false,"path_per_floor":["M","$","M","?","?","E","$","E","T","R","E","R","?","M","R","B",null,"M","$","?","?","$","R","E","M","T","R","E","?","E","?","R","B"],"character_chosen":"THE_SILENT","items_purchased":["Dagger Spray","Well Laid Plans","PreservedInsect","Footwork","Backstab+1"],"campfire_rested":1,"item_purchase_floors":[2,7,19,22,22],"current_hp_per_floor":[59,59,59,59,52,52,52,5,5,23,23,23,12,11,11,3,46,43,43,43,18,18,18,18,18,18,18,8,8,3,3,3,0],"gold":128,"neow_bonus":"THREE_ENEMY_KILL","is_prod":false,"is_daily":false,"chose_seed":false,"campfire_upgraded":5,"win_rate":0,"timestamp":1565652610,"path_taken":["M","$","M","?","?","E","$","E","T","R","E","R","?","M","R","BOSS","M","$","?","?","$","R","E","M","T","R","E","?","E","?","R","BOSS"],"build_version":"2019-07-17","purchased_purges":1,"victory":false,"max_hp_per_floor":[66,66,66,60,60,60,60,60,60,60,60,60,60,60,60,60,60,60,60,60,60,60,60,60,60,60,60,60,60,60,60,60,60],"card_choices":[{"not_picked":["Flying Knee","Bouncing Flask"],"picked":"Skewer","floor":1.0},{"not_picked":["Quick Slash","Acrobatics"],"picked":"Backflip","floor":3.0},{"not_picked":["Poisoned Stab","Distraction"],"picked":"Dash","floor":6.0},{"not_picked":["Envenom","Prepared"],"picked":"Deflect","floor":8.0},{"not_picked":["Backstab+1","Accuracy"],"picked":"Bouncing Flask","floor":11.0},{"not_picked":["Outmaneuver","Setup"],"picked":"Sucker Punch+1","floor":14.0},{"not_picked":["Wraith Form v2","Unload+1"],"picked":"After Image","floor":16.0},{"not_picked":["Eviscerate+1","Dash+1"],"picked":"Blur+1","floor":18.0},{"not_picked":["Distraction","Underhanded Strike+1"],"picked":"Backflip","floor":21.0},{"not_picked":["Deflect","Sucker Punch+1"],"picked":"Crippling Poison+1","floor":24.0},{"not_picked":["Dagger Spray+1","Terror"],"picked":"Catalyst","floor":25.0},{"not_picked":["Burst","Underhanded Strike+1"],"picked":"Deadly Poison+1","floor":28.0},{"not_picked":["Distraction+1","Tactician"],"picked":"Catalyst","floor":30}],"player_experience":1915364,"relics_obtained":[{"floor":6.0,"key":"Molten Egg 2"},{"floor":8.0,"key":"Mercury Hourglass"},{"floor":9.0,"key":"Oddly Smooth Stone"},{"floor":11.0,"key":"Juzu Bracelet"},{"floor":21.0,"key":"Red Mask"},{"floor":24.0,"key":"Regal Pillow"},{"floor":26.0,"key":"Whetstone"},{"floor":28.0,"key":"Bottled Lightning"},{"floor":30,"key":"MawBank"}],"event_choices":[{"damage_healed":0.0,"max_hp_gain":0.0,"max_hp_loss":6.0,"gold_gain":0.0,"event_name":"Golden Idol","player_choice":"Lose Max HP","floor":4.0,"gold_loss":0.0,"damage_taken":0.0,"relics_obtained":["Golden Idol"]},{"cards_removed":["Strike_G"],"damage_healed":0.0,"max_hp_gain":0.0,"max_hp_loss":0.0,"gold_gain":0.0,"event_name":"Golden Wing","player_choice":"Card Removal","floor":5.0,"gold_loss":0.0,"damage_taken":7.0},{"damage_healed":0.0,"max_hp_gain":0.0,"max_hp_loss":0.0,"gold_gain":75.0,"event_name":"World of Goop","player_choice":"Gather Gold","floor":13.0,"gold_loss":0.0,"damage_taken":11.0},{"damage_healed":0.0,"max_hp_gain":0.0,"max_hp_loss":0.0,"gold_gain":0.0,"event_name":"The Library","player_choice":"Read","floor":20.0,"gold_loss":0.0,"damage_taken":0.0,"cards_obtained":["Crippling Poison"]},{"damage_healed":0.0,"max_hp_gain":0.0,"max_hp_loss":0.0,"gold_gain":0.0,"event_name":"Masked Bandits","player_choice":"Fought Bandits","floor":21.0,"gold_loss":0.0,"damage_taken":0.0},{"damage_healed":0.0,"max_hp_gain":0.0,"max_hp_loss":0.0,"gold_gain":0.0,"event_name":"WeMeetAgain","player_choice":"Gave Potion","floor":29.0,"gold_loss":0.0,"damage_taken":0.0,"relics_obtained":["Sundial"]},{"cards_removed":["Strike_G"],"damage_healed":0,"gold_gain":0,"player_choice":"Gave Gold","damage_taken":0,"max_hp_gain":0,"max_hp_loss":0,"event_name":"Beggar","floor":31,"gold_loss":75}],"is_beta":false,"boss_relics":[{"not_picked":["Lizard Tail","Eternal Feather"],"picked":"Coffee Dripper"}],"items_purged_floors":[19],"is_endless":false,"potions_floor_spawned":[1,6,16,18,25,28,30],"killed_by":"Automaton","ascension_level":20}