{"gold_per_floor":[118,138,153,153,153,153,182,182,209,239,255,255,29,60,60,137,137,155,155,155,172,190,190],"floor_reached":23,"playtime":862,"items_purged":["Strike_G"],"score":418,"play_id":"0daaab24-2bb8-4273-a61d-4ff748aa0268","local_time":"20190423162427","is_ascension_mode":true,"campfire_choices":[{"data":"Dagger Throw","floor":6,"key":"SMITH"},{"data":"Predator","floor":8,"key":"SMITH"},{"data":"Noxious Fumes","floor":15,"key":"SMITH"}],"neow_cost":"NONE","seed_source_timestamp":24266809188511,"circlet_count":0,"master_deck":["AscendersBane","Defend_G","Defend_G","Defend_G","Defend_G","Defend_G","Strike_G","Strike_G","Strike_G+1","Strike_G","Survivor","Neutralize+1","Flying Knee","Dagger Throw+1","After Image+1","Predator+1","PiercingWail","Noxious Fumes+1","Poisoned Stab","Cloak And Dagger","After Image","After Image","Noxious Fumes","Cloak And Dagger","Escape Plan"],"relics":["Ring of the Serpent","Whetstone","Omamori","Blood Vial","Art of War","Letter Opener","The Courier"],"potions_floor_usage":[16,23],"damage_taken":[{"damage":0,"enemies":"2 Louse","floor":1,"turns":4},{"damage":0,"enemies":"Jaw Worm","floor":2,"turns":4},{"damage":0,"enemies":"Small Slimes","floor":3,"turns":3},{"damage":32,"enemies":"Gremlin Nob","floor":7,"turns":5},{"damage":17,"enemies":"Lagavulin","floor":10,"turns":8},{"damage":0,"enemies":"Blue Slaver","floor":11,"turns":5},{"damage":15,"enemies":"3 Sentries","floor":14,"turns":8},{"damage":14,"enemies":"The Guardian","floor":16,"turns":9},{"damage":8,"enemies":"Chosen","floor":18,"turns":6},{"damage":2,"enemies":"Spheric Guardian","floor":21,"turns":7},{"damage":17,"enemies":"Centurion and Healer","floor":22,"turns":10},{"damage":47,"enemies":"Slavers","floor":23,"turns":5}],"seed_played":"-679313211883746157","potions_obtained":[{"floor":2,"key":"Block Potion"},{"floor":10,"key":"LiquidBronze"},{"floor":11,"key":"FearPotion"},{"floor":16,"key":"FearPotion"},{"floor":18,"key":"Poison Potion"}],"is_trial":false,"path_per_floor":["M","M","M","?","?","R","E","R","T","E","M","?","$","E","R","B",null,"M","?","T","M","M","E"],"character_chosen":"THE_SILENT","items_purchased":["Noxious Fumes","Poisoned Stab","Cloak And Dagger"],"campfire_rested":0,"item_purchase_floors":[13,13,13],"current_hp_per_floor":[59,59,59,64,64,64,32,32,32,17,19,36,36,23,23,11,56,50,50,50,50,35,0],"gold":190,"neow_bonus":"RANDOM_COMMON_RELIC","is_prod":false,"is_daily":false,"chose_seed":false,"campfire_upgraded":3,"win_rate":0,"timestamp":1556029467,"path_taken":["M","M","M","?","?","R","E","R","T","E","M","?","$","E","R","BOSS","M","?","?","M","M","E"],"build_version":"2019-01-23","purchased_purges":1,"victory":false,"max_hp_per_floor":[66,66,66,71,71,71,71,71,71,71,71,71,71,71,71,71,71,71,71,71,71,71,71],"card_choices":[{"not_picked":["Underhanded Strike","Choke"],"picked":"Flying Knee","floor":1},{"not_picked":["Outmaneuver","Setup"],"picked":"Dagger Throw","floor":2},{"not_picked":["Deflect","Acrobatics"],"picked":"After Image","floor":3},{"not_picked":["Tactician","Dodge and Roll"],"picked":"Predator","floor":7},{"not_picked":["Expertise","Underhanded Strike"],"picked":"PiercingWail","floor":10},{"not_picked":["Bane","Quick Slash","Distraction"],"picked":"SKIP","floor":11},{"not_picked":["Bane","Backflip"],"picked":"After Image","floor":14},{"not_picked":["A Thousand Cuts","Storm of Steel"],"picked":"After Image","floor":16},{"not_picked":["Underhanded Strike","Sucker Punch"],"picked":"Noxious Fumes","floor":18},{"not_picked":["Acrobatics","PiercingWail"],"picked":"Cloak And Dagger","floor":21},{"not_picked":["Dagger Throw","Deflect"],"picked":"Escape Plan","floor":22}],"player_experience":1616693,"relics_obtained":[{"floor":7,"key":"Omamori"},{"floor":9,"key":"Blood Vial"},{"floor":10,"key":"Art of War"},{"floor":14,"key":"Letter Opener"},{"floor":20,"key":"The Courier"}],"event_choices":[{"damage_healed":0,"gold_gain":0,"player_choice":"Donut","damage_taken":0,"max_hp_gain":5,"max_hp_loss":0,"event_name":"Big Fish","floor":4,"gold_loss":0},{"damage_healed":0,"gold_gain":0,"player_choice":"Grow","damage_taken":0,"max_hp_gain":0,"max_hp_loss":0,"event_name":"Living Wall","floor":5,"gold_loss":0,"cards_upgraded":["After Image"]},{"damage_healed":17,"gold_gain":0,"player_choice":"Healed and dodged fight","damage_taken":0,"max_hp_gain":0,"max_hp_loss":0,"event_name":"Mushrooms","floor":12,"gold_loss":0,"cards_obtained":["Parasite"]},{"damage_healed":0,"gold_gain":0,"player_choice":"Ignored","damage_taken":0,"max_hp_gain":0,"max_hp_loss":0,"event_name":"Vampires","floor":19,"gold_loss":0}],"is_beta":false,"boss_relics":[{"not_picked":["Orrery","Calling Bell"],"picked":"Ring of the Serpent"}],"items_purged_floors":[13],"is_endless":false,"potions_floor_spawned":[2,10,11,16,18],"killed_by":"Slavers","ascension_level":20}