{"gold_per_floor":[112,112,187,197,78,78,103,118,118,34,34,65,85,99,99,99],"floor_reached":16,"playtime":417,"items_purged":["Strike_B"],"score":270,"play_id":"887106f8-1949-4edc-8743-bd611e076503","local_time":"20190529095936","is_ascension_mode":true,"campfire_choices":[{"data":"Loop","floor":6,"key":"SMITH"},{"data":"Rip and Tear","floor":11,"key":"SMITH"},{"floor":15,"key":"REST"}],"neow_cost":"NONE","seed_source_timestamp":2160258718102,"circlet_count":0,"master_deck":["AscendersBane","Strike_B","Strike_B","Strike_B","Defend_B","Defend_B","Defend_B","Defend_B","Zap+1","Dualcast","Steam","Static Discharge","Loop+1","Conserve Battery+1","Conserve Battery+1","Rip and Tear+1","Darkness+1","Hologram+1","Coolheaded+1"],"relics":["Cracked Core","NeowsBlessing","Toxic Egg 2","Question Card","Shuriken"],"potions_floor_usage":[],"damage_taken":[{"damage":0,"enemies":"Small Slimes","floor":1,"turns":1},{"damage":0,"enemies":"Jaw Worm","floor":4,"turns":1},{"damage":0,"enemies":"Gremlin Nob","floor":7,"turns":1},{"damage":0,"enemies":"2 Louse","floor":8,"turns":3},{"damage":16,"enemies":"Lagavulin","floor":12,"turns":8},{"damage":13,"enemies":"2 Fungi Beasts","floor":13,"turns":4},{"damage":16,"enemies":"Lots of Slimes","floor":14,"turns":5},{"damage":29,"enemies":"Hexaghost","floor":16,"turns":9}],"seed_played":"8503607339008245689","potions_obtained":[{"floor":4,"key":"Ancient Potion"},{"floor":8,"key":"Energy Potion"},{"floor":13,"key":"EssenceOfSteel"}],"is_trial":false,"path_per_floor":["M","?","?","M","$","R","E","M","T","$","R","E","M","M","R","B"],"character_chosen":"DEFECT","items_purchased":["Loop","Rip and Tear"],"campfire_rested":1,"item_purchase_floors":[5,10],"current_hp_per_floor":[64,64,53,53,53,53,53,53,53,53,53,37,24,8,29,0],"gold":99,"neow_bonus":"THREE_ENEMY_KILL","is_prod":false,"is_daily":false,"chose_seed":false,"campfire_upgraded":2,"win_rate":0,"timestamp":1559116776,"path_taken":["M","?","?","M","$","R","E","M","T","?","R","E","M","M","R","BOSS"],"build_version":"2019-01-23","purchased_purges":1,"victory":false,"max_hp_per_floor":[71,71,71,71,71,71,71,71,71,71,71,71,71,71,71,71],"card_choices":[{"not_picked":["Turbo","Beam Cell"],"picked":"Steam","floor":1},{"not_picked":["Beam Cell","Hello World"],"picked":"Static Discharge","floor":4},{"not_picked":["Steam","Scrape"],"picked":"Conserve Battery","floor":7},{"not_picked":["FTL","Go for the Eyes"],"picked":"Conserve Battery+1","floor":8},{"not_picked":["Buffer","Steam Power+1","Redo+1"],"picked":"Darkness+1","floor":12},{"not_picked":["FTL","White Noise+1","Leap+1"],"picked":"Hologram+1","floor":13},{"not_picked":["Beam Cell","Heatsinks","Barrage"],"picked":"Coolheaded+1","floor":14}],"player_experience":1711211,"relics_obtained":[{"floor":7,"key":"Toxic Egg 2"},{"floor":9,"key":"Question Card"},{"floor":12,"key":"Shuriken"}],"event_choices":[{"damage_healed":0,"gold_gain":0,"player_choice":"Grow","damage_taken":0,"max_hp_gain":0,"max_hp_loss":0,"event_name":"Living Wall","floor":2,"gold_loss":0,"cards_upgraded":["Zap"]},{"damage_healed":0,"gold_gain":75,"player_choice":"Gather Gold","damage_taken":11,"max_hp_gain":0,"max_hp_loss":0,"event_name":"World of Goop","floor":3,"gold_loss":0}],"is_beta":false,"boss_relics":[],"items_purged_floors":[5],"is_endless":false,"potions_floor_spawned":[4,8,12,13],"killed_by":"Hexaghost","ascension_level":20}