{"gold_per_floor":[116,116,73,91,91,91,130,130,130,149,205,280,295,319,319,412,412,412,412,412,352,68,68,68],"floor_reached":24,"playtime":678,"items_purged":["Strike_R"],"score":388,"play_id":"26eb9f99-7053-41e6-a722-8df0de9bdc9f","local_time":"20190702231445","is_ascension_mode":true,"campfire_choices":[{"data":"Carnage","floor":6.0,"key":"SMITH"},{"data":"Bash","floor":15.0,"key":"SMITH"},{"floor":23,"key":"REST"}],"neow_cost":"NONE","seed_source_timestamp":133517833156748,"circlet_count":0,"master_deck":["AscendersBane","Strike_R","Strike_R","Strike_R","Strike_R","Defend_R","Defend_R+1","Defend_R","Defend_R","Bash+1","Barricade+1","Pommel Strike","Carnage+1","Anger","Shrug It Off","Pommel Strike","Feed","Demon Form","Body Slam+1","RitualDagger","Shrug It Off","Feel No Pain","Armaments","Flame Barrier"],"special_seed":0,"relics":["Burning Blood","Golden Idol","Mummified Hand","Ectoplasm","Nloth\u0027s Gift"],"potions_floor_usage":[21,24],"damage_taken":[{"damage":13.0,"enemies":"Small Slimes","floor":1.0,"turns":6.0},{"damage":2.0,"enemies":"2 Louse","floor":4.0,"turns":3.0},{"damage":30.0,"enemies":"Lagavulin","floor":7.0,"turns":5.0},{"damage":0.0,"enemies":"Jaw Worm","floor":10.0,"turns":2.0},{"damage":0.0,"enemies":"Red Slaver","floor":13.0,"turns":3.0},{"damage":0.0,"enemies":"Exordium Wildlife","floor":14.0,"turns":2.0},{"damage":20.0,"enemies":"Slime Boss","floor":16.0,"turns":9.0},{"damage":34.0,"enemies":"3 Byrds","floor":18.0,"turns":6.0},{"damage":15,"enemies":"2 Thieves","floor":21,"turns":4},{"damage":41,"enemies":"Slavers","floor":24,"turns":6}],"seed_played":"-6124943449617948776","potions_obtained":[{"floor":7.0,"key":"SpeedPotion"},{"floor":13.0,"key":"Fire Potion"},{"floor":14.0,"key":"Block Potion"},{"floor":16.0,"key":"Swift Potion"},{"floor":18.0,"key":"PowerPotion"}],"is_trial":false,"path_per_floor":["M","?","$","M","?","R","E","?","T","M","?","?","M","M","R","B",null,"M","?","?","M","$","R","E"],"character_chosen":"IRONCLAD","items_purchased":["Carnage","Feel No Pain","Armaments","Flame Barrier"],"campfire_rested":1,"item_purchase_floors":[3,22,22,22],"current_hp_per_floor":[61,38,38,42,42,42,18,18,18,24,24,13,19,25,25,14,57,32,26,26,17,17,39,0],"gold":68,"neow_bonus":"ONE_RANDOM_RARE_CARD","is_prod":false,"is_daily":false,"chose_seed":false,"campfire_upgraded":2,"win_rate":0,"timestamp":1562102085,"path_taken":["M","?","$","M","?","R","E","?","T","M","?","?","M","M","R","BOSS","M","?","?","?","$","R","E"],"build_version":"2019-07-01","purchased_purges":1,"victory":false,"max_hp_per_floor":[75,75,75,75,68,68,68,68,68,68,68,68,68,68,68,71,71,74,74,74,74,74,74,74],"card_choices":[{"not_picked":["Pummel","Havoc"],"picked":"Pommel Strike","floor":1.0},{"not_picked":["Combust","Disarm"],"picked":"Anger","floor":4.0},{"not_picked":["Flex","Power Through","Dual Wield"],"picked":"SKIP","floor":7.0},{"not_picked":["Anger","Havoc"],"picked":"Shrug It Off","floor":10.0},{"not_picked":["Wild Strike","Sword Boomerang"],"picked":"Pommel Strike","floor":13.0},{"not_picked":["Shrug It Off","Uppercut"],"picked":"Feed","floor":14.0},{"not_picked":["Offering","Double Tap"],"picked":"Demon Form","floor":16.0},{"not_picked":["Ghostly Armor","Wild Strike"],"picked":"Body Slam+1","floor":18.0},{"not_picked":["Burning Pact","Barricade"],"picked":"Shrug It Off","floor":21}],"player_experience":1766546,"relics_obtained":[{"floor":7.0,"key":"Anchor"},{"floor":9.0,"key":"Mummified Hand"}],"event_choices":[{"damage_healed":0.0,"max_hp_gain":0.0,"max_hp_loss":0.0,"gold_gain":0.0,"event_name":"Shining Light","player_choice":"Entered Light","floor":2.0,"gold_loss":0.0,"damage_taken":23.0,"cards_upgraded":["Barricade","Defend_R"]},{"damage_healed":0.0,"max_hp_gain":0.0,"max_hp_loss":7.0,"gold_gain":0.0,"event_name":"Golden Idol","player_choice":"Lose Max HP","floor":5.0,"gold_loss":0.0,"damage_taken":0.0,"relics_obtained":["Golden Idol"]},{"damage_healed":0.0,"max_hp_gain":0.0,"max_hp_loss":0.0,"gold_gain":0.0,"event_name":"Dead Adventurer","player_choice":"Searched \u00271\u0027 times","floor":8.0,"gold_loss":0.0,"damage_taken":0.0},{"damage_healed":0.0,"max_hp_gain":0.0,"max_hp_loss":0.0,"gold_gain":56.0,"event_name":"Golden Wing","player_choice":"Gained Gold","floor":11.0,"gold_loss":0.0,"damage_taken":0.0},{"damage_healed":0.0,"max_hp_gain":0.0,"max_hp_loss":0.0,"gold_gain":75.0,"event_name":"World of Goop","player_choice":"Gather Gold","floor":12.0,"gold_loss":0.0,"damage_taken":11.0},{"damage_healed":0.0,"max_hp_gain":0.0,"max_hp_loss":0.0,"gold_gain":0.0,"event_name":"Nest","player_choice":"Joined the Cult","floor":19.0,"gold_loss":0.0,"damage_taken":6.0,"cards_obtained":["RitualDagger"]},{"damage_healed":0.0,"max_hp_gain":0.0,"max_hp_loss":0.0,"gold_gain":0.0,"event_name":"N\u0027loth","player_choice":"Traded Relic","floor":20.0,"relics_lost":["Anchor"],"gold_loss":0.0,"damage_taken":0.0,"relics_obtained":["Nloth\u0027s Gift"]}],"is_beta":false,"boss_relics":[{"not_picked":["Runic Cube","Velvet Choker"],"picked":"Ectoplasm"}],"items_purged_floors":[22],"is_endless":false,"potions_floor_spawned":[7,13,14,16,18],"killed_by":"Slavers","ascension_level":20}