{"gold_per_floor":[210,22,22,22,35,35,60,60,60,60,95,107,107,122,122,199,199,211,211,136,150,168,168,168],"floor_reached":24,"playtime":998,"items_purged":["Decay"],"score":407,"play_id":"9e78e4ff-d0be-41fd-a049-3f106d3121f2","local_time":"20190909123612","is_ascension_mode":true,"campfire_choices":[{"data":"Blade Dance","floor":6,"key":"SMITH"},{"floor":8,"key":"REST"},{"data":"Dash","floor":13,"key":"SMITH"},{"data":"After Image","floor":15,"key":"SMITH"},{"data":"Noxious Fumes","floor":23,"key":"SMITH"}],"neow_cost":"NONE","seed_source_timestamp":6294455758979,"circlet_count":0,"master_deck":["AscendersBane","Strike_G+1","Strike_G","Strike_G","Strike_G+1","Strike_G","Defend_G","Defend_G","Defend_G","Defend_G","Defend_G","Survivor","Neutralize","Backflip","Well Laid Plans","Blade Dance+1","Finisher+1","Distraction","Dash+1","Cloak And Dagger","After Image+1","Injury","Noxious Fumes+1","Cloak And Dagger","Poisoned Stab"],"relics":["Ring of the Snake","Thread and Needle","Gremlin Horn","Bird Faced Urn","Calling Bell","PreservedInsect","Darkstone Periapt","Peace Pipe","Spirit Poop"],"potions_floor_usage":[21],"damage_taken":[{"damage":2,"enemies":"Jaw Worm","floor":1,"turns":4},{"damage":0,"enemies":"Small Slimes","floor":5,"turns":2},{"damage":32,"enemies":"Gremlin Nob","floor":7,"turns":4},{"damage":8,"enemies":"Lagavulin","floor":11,"turns":7},{"damage":0,"enemies":"2 Louse","floor":12,"turns":3},{"damage":0,"enemies":"Gremlin Gang","floor":14,"turns":3},{"damage":11,"enemies":"The Guardian","floor":16,"turns":18},{"damage":14,"enemies":"Shell Parasite","floor":18,"turns":10},{"damage":11,"enemies":"Chosen","floor":21,"turns":6},{"damage":0,"enemies":"Snecko","floor":22,"turns":7},{"damage":49,"enemies":"Book of Stabbing","floor":24,"turns":5}],"seed_played":"-9051641827937539581","potions_obtained":[{"floor":1,"key":"Weak Potion"},{"floor":14,"key":"SpeedPotion"},{"floor":16,"key":"Fire Potion"},{"floor":21,"key":"Block Potion"}],"is_trial":false,"path_per_floor":["M","$","?","?","M","R","E","R","T","?","E","M","R","M","R","B",null,"M","?","$","M","M","R","E"],"character_chosen":"THE_SILENT","items_purchased":["Well Laid Plans","Blade Dance","Finisher"],"campfire_rested":1,"item_purchase_floors":[2,2,2],"current_hp_per_floor":[57,57,37,37,37,37,5,24,24,24,16,18,18,18,18,11,52,42,42,42,37,43,43,0],"gold":168,"neow_bonus":"HUNDRED_GOLD","is_prod":false,"is_daily":false,"chose_seed":false,"campfire_upgraded":4,"win_rate":0,"timestamp":1568025372,"path_taken":["M","$","?","?","M","R","E","R","T","?","E","?","R","M","R","BOSS","M","?","$","M","M","R","E"],"build_version":"2019-07-17","purchased_purges":1,"victory":false,"max_hp_per_floor":[66,66,66,66,66,66,66,66,66,66,66,66,66,66,66,66,66,66,66,66,66,66,66,66],"card_choices":[{"not_picked":["Concentrate","Infinite Blades"],"picked":"Backflip","floor":1},{"not_picked":["Outmaneuver","Flechettes"],"picked":"Distraction","floor":5},{"not_picked":["Calculated Gamble","Distraction","Acrobatics"],"picked":"SKIP","floor":7},{"not_picked":["Slice","Poisoned Stab"],"picked":"Dash","floor":11},{"not_picked":["Outmaneuver","Expertise"],"picked":"Cloak And Dagger","floor":12},{"not_picked":["Backflip","Outmaneuver"],"picked":"After Image","floor":14},{"not_picked":["Acrobatics","Cloak And Dagger"],"picked":"Noxious Fumes","floor":18},{"not_picked":["Underhanded Strike","Skewer"],"picked":"Cloak And Dagger","floor":21},{"not_picked":["Accuracy","Quick Slash+1"],"picked":"Poisoned Stab","floor":22}],"player_experience":2013794,"relics_obtained":[{"floor":7,"key":"Thread and Needle"},{"floor":9,"key":"Gremlin Horn"},{"floor":11,"key":"Bird Faced Urn"},{"floor":17,"key":"PreservedInsect"},{"floor":17,"key":"Darkstone Periapt"},{"floor":17,"key":"Peace Pipe"}],"event_choices":[{"damage_healed":0,"gold_gain":0,"player_choice":"Entered Light","damage_taken":20,"max_hp_gain":0,"max_hp_loss":0,"event_name":"Shining Light","floor":3,"gold_loss":0,"cards_upgraded":["Strike_G","Strike_G"]},{"damage_healed":0,"gold_gain":0,"player_choice":"Grow","damage_taken":0,"max_hp_gain":0,"max_hp_loss":0,"event_name":"Living Wall","floor":4,"gold_loss":0,"cards_upgraded":["Finisher"]},{"damage_healed":0,"gold_gain":0,"player_choice":"Fled","damage_taken":0,"max_hp_gain":0,"max_hp_loss":0,"event_name":"Scrap Ooze","floor":10,"gold_loss":0},{"cards_removed":["Regret"],"damage_healed":0,"gold_gain":0,"player_choice":"Offered Curse","damage_taken":0,"relics_obtained":["Spirit Poop"],"max_hp_gain":0,"max_hp_loss":0,"event_name":"Bonfire Elementals","floor":19,"gold_loss":0}],"is_beta":false,"boss_relics":[{"not_picked":["Busted Crown","White Beast Statue"],"picked":"Calling Bell"}],"items_purged_floors":[20],"is_endless":false,"potions_floor_spawned":[1,14,16,21,22],"killed_by":"Book of Stabbing","ascension_level":20}