{"gold_per_floor":[215,231,122,122,87,87,106,122,193,233,233,253,267,267,267,390,390,409,241,259,277,277],"floor_reached":22,"playtime":1524,"items_purged":["Strike_B","Strike_B"],"score":273,"play_id":"df36e491-0aad-4bff-b172-d90ba73a8ffc","local_time":"20190416110439","is_ascension_mode":true,"campfire_choices":[{"data":"Zap","floor":6,"key":"SMITH"},{"data":"Loop","floor":11,"key":"SMITH"},{"floor":15,"key":"REST"}],"neow_cost":"NONE","seed_source_timestamp":211740217796481,"circlet_count":0,"master_deck":["Strike_B","Strike_B","Defend_B","Defend_B","Defend_B","Defend_B","Zap+1","Dualcast+1","Cold Snap","Stack","Loop+1","Compile Driver","Streamline","Sweeping Beam","Cold Snap","Rainbow","Sunder","Ball Lightning","Compile Driver","Conserve Battery+1","Hologram"],"relics":["Cracked Core","Golden Idol","Ornamental Fan","Regal Pillow","Fusion Hammer"],"potions_floor_usage":[10,10,13,21],"damage_taken":[{"damage":4,"enemies":"Jaw Worm","floor":1,"turns":4},{"damage":0,"enemies":"Small Slimes","floor":2,"turns":3},{"damage":0,"enemies":"Cultist","floor":7,"turns":3},{"damage":25,"enemies":"Gremlin Gang","floor":8,"turns":7},{"damage":8,"enemies":"Gremlin Nob","floor":10,"turns":4},{"damage":17,"enemies":"Exordium Thugs","floor":12,"turns":4},{"damage":1,"enemies":"Lots of Slimes","floor":13,"turns":4},{"damage":42,"enemies":"Slime Boss","floor":16,"turns":16},{"damage":10,"enemies":"Spheric Guardian","floor":18,"turns":4},{"damage":25,"enemies":"Shell Parasite","floor":20,"turns":6},{"damage":21,"enemies":"Centurion and Healer","floor":21,"turns":6},{"damage":6,"enemies":"Snake Plant","floor":22,"turns":1}],"seed_played":"-2293916903442564922","potions_obtained":[{"floor":2,"key":"Weak Potion"},{"floor":8,"key":"Ancient Potion"},{"floor":10,"key":"Block Potion"},{"floor":16,"key":"Block Potion"},{"floor":21,"key":"Fire Potion"}],"is_trial":false,"path_per_floor":["M","M","$","?","?","R","M","M","T","E","R","M","M","?","R","B",null,"M","$","M","M","M"],"character_chosen":"DEFECT","items_purchased":["Loop","Ball Lightning","Compile Driver"],"campfire_rested":1,"item_purchase_floors":[3,19,19],"current_hp_per_floor":[64,64,64,46,64,64,64,39,39,31,31,14,13,13,50,8,58,48,48,23,2,0],"gold":277,"neow_bonus":"HUNDRED_GOLD","is_prod":false,"is_daily":false,"chose_seed":false,"campfire_upgraded":2,"win_rate":0,"timestamp":1555437879,"path_taken":["M","M","$","?","?","R","M","M","T","E","R","?","M","?","R","BOSS","M","$","M","M","M"],"build_version":"2019-01-23","purchased_purges":2,"victory":false,"max_hp_per_floor":[75,75,75,75,75,75,75,75,75,75,75,75,75,75,75,75,75,75,75,75,75,75],"card_choices":[{"not_picked":["Go for the Eyes","Coolheaded"],"picked":"Cold Snap","floor":1},{"not_picked":["Gash","Blizzard"],"picked":"Stack","floor":2},{"not_picked":["Go for the Eyes","Melter"],"picked":"Compile Driver","floor":7},{"not_picked":["BootSequence","Rip and Tear"],"picked":"Streamline","floor":8},{"not_picked":["Rebound","Double Energy"],"picked":"Sweeping Beam","floor":10},{"not_picked":["Hologram","Redo"],"picked":"Cold Snap","floor":12},{"not_picked":["Compile Driver","Gash","Sweeping Beam"],"picked":"SKIP","floor":13},{"not_picked":["Thunder Strike","Core Surge"],"picked":"Rainbow","floor":16},{"not_picked":["Coolheaded","Barrage"],"picked":"Sunder","floor":18},{"not_picked":["Chaos","Sweeping Beam"],"picked":"Conserve Battery+1","floor":20},{"not_picked":["Barrage","Cold Snap"],"picked":"Hologram","floor":21}],"player_experience":589609,"relics_obtained":[{"floor":9,"key":"Ornamental Fan"},{"floor":10,"key":"Regal Pillow"}],"event_choices":[{"damage_healed":0,"gold_gain":0,"player_choice":"Take Damage","damage_taken":18,"relics_obtained":["Golden Idol"],"max_hp_gain":0,"max_hp_loss":0,"event_name":"Golden Idol","floor":4,"gold_loss":0},{"damage_healed":18,"gold_gain":0,"player_choice":"Healed","damage_taken":0,"max_hp_gain":0,"max_hp_loss":0,"event_name":"The Cleric","floor":5,"gold_loss":35},{"damage_healed":0,"gold_gain":0,"player_choice":"Upgraded","damage_taken":0,"max_hp_gain":0,"max_hp_loss":0,"event_name":"Upgrade Shrine","floor":14,"gold_loss":0,"cards_upgraded":["Dualcast"]}],"is_beta":false,"boss_relics":[{"not_picked":["Cursed Key","Runic Dome"],"picked":"Fusion Hammer"}],"items_purged_floors":[3,19],"is_endless":false,"potions_floor_spawned":[2,8,10,16,21],"killed_by":"Snake Plant","ascension_level":9}