{"gold_per_floor":[360,370,384,384,459,459,459,81,107,107,123,181,201,101,101,196,196,216,131,131,131,150,150,1,1,1,1,11,11,36,61,73,187,199,221,250,278,307,337,349,361,118,144,144,77,77,100,112,112,112],"floor_reached":50,"playtime":10881,"items_purged":["Strike_B","Strike_B","Defend_B","Defend_B"],"score":482,"play_id":"9b1a6153-28ea-4c32-81da-727fe2f70780","local_time":"20190206130228","is_ascension_mode":false,"campfire_choices":[{"data":"Scrape","floor":7,"key":"SMITH"},{"data":"Self Repair","floor":10,"key":"SMITH"},{"data":"Double Energy","floor":15,"key":"SMITH"},{"data":"Reprogram","floor":23,"key":"SMITH"},{"data":"Auto Shields","floor":27,"key":"SMITH"},{"data":"Gash","floor":29,"key":"SMITH"},{"data":"Go for the Eyes","floor":32,"key":"SMITH"},{"data":"Consume","floor":40,"key":"SMITH"},{"data":"Machine Learning","floor":49,"key":"SMITH"}],"neow_cost":"CURSE","seed_source_timestamp":185481377485837,"circlet_count":0,"master_deck":["Defend_B","Zap","Dualcast","Tempest","Chill","Scrape+1","Self Repair+1","Doom and Gloom","Coolheaded","Double Energy+1","Auto Shields+1","Machine Learning+1","Go for the Eyes+1","Reprogram+1","Gash+1","Go for the Eyes+1","Redo+1","All For One","Chill+1","Consume+1","Beam Cell+1","Gash+1","BootSequence+1","Storm","Gash","Tempest"],"relics":["Cracked Core","Unceasing Top","Vajra","Happy Flower","Letter Opener","Empty Cage","Gremlin Horn","Pen Nib","Regal Pillow","MawBank","Coffee Dripper","Dream Catcher","Oddly Smooth Stone"],"potions_floor_usage":[16,33,41,50,50],"damage_taken":[{"damage":0,"enemies":"Cultist","floor":1,"turns":3},{"damage":1,"enemies":"2 Louse","floor":2,"turns":3},{"damage":3,"enemies":"Small Slimes","floor":3,"turns":3},{"damage":1,"enemies":"Exordium Wildlife","floor":11,"turns":4},{"damage":24,"enemies":"Lagavulin Event","floor":12,"turns":5},{"damage":10,"enemies":"Large Slime","floor":13,"turns":6},{"damage":21,"enemies":"Hexaghost","floor":16,"turns":11},{"damage":12,"enemies":"Spheric Guardian","floor":18,"turns":4},{"damage":12,"enemies":"2 Thieves","floor":22,"turns":4},{"damage":13,"enemies":"Snake Plant","floor":28,"turns":5},{"damage":7,"enemies":"Shelled Parasite and Fungi","floor":31,"turns":4},{"damage":17,"enemies":"Collector","floor":33,"turns":7},{"damage":11,"enemies":"Orb Walker","floor":35,"turns":4},{"damage":3,"enemies":"3 Shapes","floor":36,"turns":2},{"damage":12,"enemies":"Sphere and 2 Shapes","floor":37,"turns":3},{"damage":26,"enemies":"Jaw Worm Horde","floor":38,"turns":6},{"damage":3,"enemies":"Spire Growth","floor":39,"turns":4},{"damage":0,"enemies":"3 Darklings","floor":41,"turns":2},{"damage":0,"enemies":"4 Shapes","floor":48,"turns":4},{"damage":61,"enemies":"Donu and Deca","floor":50,"turns":8}],"seed_played":"5881107508818723761","potions_obtained":[{"floor":1,"key":"Weak Potion"},{"floor":11,"key":"FearPotion"},{"floor":12,"key":"Poison Potion"},{"floor":18,"key":"SmokeBomb"},{"floor":35,"key":"GamblersBrew"}],"is_trial":false,"path_per_floor":["M","M","M","?","?","?","R","$","T","R","M","?","M","$","R","B",null,"M","?","?","?","M","R","$","?","T","R","M","R","T","M","R","B",null,"M","M","M","M","M","R","M","$","T","?","$","?","T","M","R","B"],"character_chosen":"DEFECT","items_purchased":["Self Repair","Vajra","Doom and Gloom","Coolheaded","Go for the Eyes","Storm","Gash","Tempest"],"campfire_rested":0,"item_purchase_floors":[8,8,8,8,24,42,42,45],"current_hp_per_floor":[75,74,71,64,53,41,41,41,41,41,50,36,36,36,36,25,72,70,70,70,70,68,68,68,68,68,68,65,65,65,68,68,61,72,71,68,66,50,57,57,57,57,57,57,57,57,57,57,57,0],"gold":112,"neow_bonus":"TWO_FIFTY_GOLD","is_prod":false,"is_daily":false,"chose_seed":false,"campfire_upgraded":9,"win_rate":0.0,"timestamp":1549486948,"path_taken":["M","?","M","?","?","?","R","$","T","R","?","?","M","$","R","BOSS","M","?","?","?","M","R","$","?","T","R","?","R","?","M","R","BOSS","M","M","M","M","M","R","M","$","T","?","$","?","?","M","R","BOSS"],"build_version":"2019-01-23","purchased_purges":4,"victory":false,"max_hp_per_floor":[75,75,75,72,72,72,72,72,72,72,72,72,72,72,72,72,72,72,72,72,72,72,72,72,72,72,72,72,72,72,72,72,72,72,72,72,72,72,72,72,72,72,72,68,68,68,68,68,68,68],"card_choices":[{"not_picked":["Melter","Compile Driver"],"picked":"Tempest","floor":1},{"not_picked":["Beam Cell","Capacitor"],"picked":"Chill","floor":2},{"not_picked":["Beam Cell","Hello World"],"picked":"Scrape","floor":3},{"not_picked":["Barrage","Rebound"],"picked":"Double Energy","floor":11},{"not_picked":["Go for the Eyes","Ball Lightning"],"picked":"Auto Shields","floor":13},{"not_picked":["Reboot","Amplify"],"picked":"Machine Learning","floor":16},{"not_picked":["Compile Driver","Melter"],"picked":"Go for the Eyes+1","floor":18},{"not_picked":["Conserve Battery","Hologram"],"picked":"Gash","floor":22},{"not_picked":["Streamline","Conserve Battery"],"picked":"Redo+1","floor":28},{"not_picked":["Force Field","Conserve Battery","Sweeping Beam"],"picked":"SKIP","floor":31},{"not_picked":["Multi-Cast","Buffer"],"picked":"All For One","floor":33},{"not_picked":["Stack+1","Aggregate"],"picked":"Chill+1","floor":35},{"not_picked":["Capacitor","Barrage"],"picked":"Consume","floor":36},{"not_picked":["Ball Lightning+1","Genetic Algorithm+1"],"picked":"Beam Cell+1","floor":37},{"not_picked":["Melter+1","Compile Driver"],"picked":"Gash+1","floor":38},{"not_picked":["Redo+1","Consume"],"picked":"BootSequence+1","floor":39},{"not_picked":["Capacitor","Coolheaded","Reprogram"],"picked":"SKIP","floor":48}],"player_experience":64532,"relics_obtained":[{"floor":9,"key":"Happy Flower"},{"floor":12,"key":"Letter Opener"},{"floor":26,"key":"Regal Pillow"},{"floor":30,"key":"MawBank"},{"floor":43,"key":"Dream Catcher"},{"floor":47,"key":"Oddly Smooth Stone"}],"event_choices":[{"cards_removed":["Parasite"],"damage_healed":0,"gold_gain":0,"player_choice":"Card Removal","damage_taken":7,"max_hp_gain":0,"max_hp_loss":0,"event_name":"Golden Wing","floor":4,"gold_loss":0},{"damage_healed":0,"gold_gain":75,"player_choice":"Gather Gold","damage_taken":11,"max_hp_gain":0,"max_hp_loss":0,"event_name":"World of Goop","floor":5,"gold_loss":0},{"damage_healed":0,"gold_gain":0,"player_choice":"Success","damage_taken":12,"relics_obtained":["Unceasing Top"],"max_hp_gain":0,"max_hp_loss":0,"event_name":"Scrap Ooze","floor":6,"gold_loss":0},{"damage_healed":0,"gold_gain":0,"player_choice":"Searched \u00271\u0027 times","damage_taken":0,"max_hp_gain":0,"max_hp_loss":0,"event_name":"Dead Adventurer","floor":12,"gold_loss":0},{"damage_healed":0,"gold_gain":0,"player_choice":"Obtained Relic","damage_taken":0,"relics_obtained":["Gremlin Horn"],"max_hp_gain":0,"max_hp_loss":0,"event_name":"Addict","floor":19,"gold_loss":85},{"damage_healed":0,"gold_gain":0,"player_choice":"Opened","damage_taken":0,"relics_obtained":["Pen Nib"],"max_hp_gain":0,"max_hp_loss":0,"event_name":"The Mausoleum","floor":20,"gold_loss":0},{"damage_healed":0,"gold_gain":0,"player_choice":"Read","damage_taken":0,"max_hp_gain":0,"max_hp_loss":0,"event_name":"The Library","floor":21,"gold_loss":0,"cards_obtained":["Reprogram"]},{"cards_removed":["Defend_B"],"damage_healed":0,"gold_gain":0,"player_choice":"Offered Basic","damage_taken":0,"max_hp_gain":0,"max_hp_loss":0,"event_name":"Bonfire Elementals","floor":25,"gold_loss":0},{"damage_healed":0,"gold_gain":0,"player_choice":"Max HP","damage_taken":0,"max_hp_gain":0,"max_hp_loss":4,"event_name":"Winding Halls","floor":44,"gold_loss":0},{"damage_healed":0,"gold_gain":0,"player_choice":"Ignored","damage_taken":0,"max_hp_gain":0,"max_hp_loss":0,"event_name":"Mysterious Sphere","floor":46,"gold_loss":0}],"is_beta":false,"boss_relics":[{"not_picked":["Busted Crown","Fusion Hammer"],"picked":"Empty Cage"},{"not_picked":["Black Star","Runic Pyramid"],"picked":"Coffee Dripper"}],"items_purged_floors":[8,14,24,42],"is_endless":false,"potions_floor_spawned":[1,11,12,18,31,35,39,41],"killed_by":"Donu and Deca","ascension_level":0}