{"gold_per_floor":[119,194,194,208,231,231,270,270,294,219,263,278,302,342,342,436,436,451,451,282,297,277,277,316,316,316,67,100,118,152,175,175,264,264,278,291,1,15,39,82,82,82,82,82,82,98,139,152,152,152,152],"floor_reached":51,"playtime":1872,"items_purged":["Strike_R","Strike_R"],"score":1695,"play_id":"da7b1fbb-b2d9-439d-be2a-c1fd89b1518e","local_time":"20190416100303","is_ascension_mode":true,"campfire_choices":[{"data":"Uppercut","floor":6.0,"key":"SMITH"},{"data":"Bash","floor":8.0,"key":"SMITH"},{"data":"Armaments","floor":15.0,"key":"SMITH"},{"data":"Corruption","floor":23.0,"key":"SMITH"},{"data":"Inflame","floor":25.0,"key":"SMITH"},{"data":"Demon Form","floor":32,"key":"SMITH"},{"floor":41,"key":"REST"},{"floor":45,"key":"REST"},{"floor":49,"key":"RECALL"}],"neow_cost":"NONE","seed_source_timestamp":2078698166480,"circlet_count":0,"master_deck":["AscendersBane","Strike_R","Strike_R","Defend_R","Defend_R","Defend_R","Defend_R","Bash+1","Anger","Uppercut+1","Anger","Inflame","Armaments+1","Twin Strike","Inflame+1","Feed","Shrug It Off","Feed","Corruption+1","Shrug It Off","Feel No Pain+1","Thunderclap+1","Demon Form+1","Immolate","Heavy Blade","Exhume","Juggernaut","Shrug It Off","True Grit","Feel No Pain","Shrug It Off","Apotheosis","Metallicize+1"],"special_seed":0,"relics":["Burning Blood","Golden Idol","Red Skull","Bag of Preparation","Matryoshka","Sundial","Runic Pyramid","Ancient Tea Set","Strawberry","Happy Flower","Art of War","Bag of Marbles","Sozu","Centennial Puzzle","Letter Opener","Kunai","Vajra","Mummified Hand"],"potions_floor_usage":[28,33,40,40],"damage_taken":[{"damage":4.0,"enemies":"Small Slimes","floor":1.0,"turns":4.0},{"damage":2.0,"enemies":"2 Louse","floor":4.0,"turns":3.0},{"damage":1.0,"enemies":"Cultist","floor":5.0,"turns":3.0},{"damage":29.0,"enemies":"Lagavulin","floor":7.0,"turns":6.0},{"damage":24.0,"enemies":"Gremlin Nob","floor":11.0,"turns":4.0},{"damage":2.0,"enemies":"2 Fungi Beasts","floor":12.0,"turns":3.0},{"damage":10.0,"enemies":"Exordium Thugs","floor":13.0,"turns":4.0},{"damage":15.0,"enemies":"Lagavulin","floor":14.0,"turns":3.0},{"damage":0.0,"enemies":"Slime Boss","floor":16.0,"turns":3.0},{"damage":1.0,"enemies":"Spheric Guardian","floor":18.0,"turns":3.0},{"damage":0.0,"enemies":"Chosen","floor":21.0,"turns":3.0},{"damage":27.0,"enemies":"Book of Stabbing","floor":24.0,"turns":5.0},{"damage":29,"enemies":"Slavers","floor":28,"turns":4},{"damage":4,"enemies":"Sentry and Sphere","floor":29,"turns":5},{"damage":25,"enemies":"Gremlin Leader","floor":30,"turns":6},{"damage":14,"enemies":"Centurion and Healer","floor":31,"turns":5},{"damage":9,"enemies":"Champ","floor":33,"turns":9},{"damage":55,"enemies":"3 Darklings","floor":35,"turns":4},{"damage":15,"enemies":"Orb Walker","floor":36,"turns":4},{"damage":0,"enemies":"Jaw Worm Horde","floor":38,"turns":5},{"damage":47,"enemies":"Spire Growth","floor":39,"turns":6},{"damage":29,"enemies":"Giant Head","floor":40,"turns":7},{"damage":7,"enemies":"3 Darklings","floor":46,"turns":5},{"damage":12,"enemies":"Reptomancer","floor":47,"turns":6},{"damage":0,"enemies":"Maw","floor":48,"turns":6},{"damage":73,"enemies":"Awakened One","floor":50,"turns":8},{"damage":30,"enemies":"Time Eater","floor":51,"turns":3}],"seed_played":"-6243247164300036668","potions_obtained":[{"floor":5.0,"key":"SkillPotion"},{"floor":12.0,"key":"AttackPotion"},{"floor":18.0,"key":"Energy Potion"},{"floor":31,"key":"Weak Potion"},{"floor":33,"key":"FearPotion"}],"is_trial":false,"path_per_floor":["M","?","?","M","M","R","E","R","T","?","E","M","M","E","R","B",null,"M","?","$","M","?","R","E","R","T","$","E","M","E","M","R","B",null,"M","M","$","M","M","E","R","?","T","?","R","M","E","M","R","B","B"],"character_chosen":"IRONCLAD","items_purchased":["Corruption","Shrug It Off","Demon Form","Happy Flower","Centennial Puzzle","True Grit"],"campfire_rested":2,"item_purchase_floors":[20,20,27,27,37,37],"current_hp_per_floor":[77,66,66,70,74,74,51,51,51,51,33,37,33,24,24,30,63,72,72,72,81,81,81,63,63,70,70,53,62,47,47,47,48,102,57,52,52,68,30,7,49,39,39,39,79,82,80,90,90,26,0],"gold":152,"neow_bonus":"TEN_PERCENT_HP_BONUS","is_prod":false,"is_daily":false,"chose_seed":false,"campfire_upgraded":6,"win_rate":0,"timestamp":1555401783,"path_taken":["M","?","?","M","M","R","E","R","T","?","E","M","M","E","R","BOSS","M","?","$","?","?","R","E","R","T","?","E","M","E","M","R","BOSS","M","?","$","M","M","E","R","?","T","?","R","M","E","M","R","BOSS","BOSS"],"build_version":"2019-01-23","purchased_purges":2,"victory":false,"max_hp_per_floor":[82,82,74,74,74,74,74,74,74,74,74,74,74,74,74,74,74,78,78,78,81,81,81,84,84,91,91,97,104,108,116,116,120,120,124,128,128,138,141,141,141,141,141,134,134,138,142,146,146,149,149],"card_choices":[{"not_picked":["Rampage","Flex"],"picked":"Anger","floor":1.0},{"not_picked":["Burning Pact","Whirlwind"],"picked":"Uppercut","floor":4.0},{"not_picked":["Cleave","Clash"],"picked":"Anger","floor":5.0},{"not_picked":["Uppercut","Body Slam","Warcry"],"picked":"SKIP","floor":7.0},{"not_picked":["Warcry","Blood for Blood"],"picked":"Inflame","floor":11.0},{"not_picked":["Burning Pact","Anger"],"picked":"Armaments","floor":12.0},{"not_picked":["Clash","Seeing Red"],"picked":"Twin Strike","floor":13.0},{"not_picked":["Exhume","Wild Strike"],"picked":"Inflame","floor":14.0},{"not_picked":["Juggernaut","Immolate"],"picked":"Feed","floor":16.0},{"not_picked":["Thunderclap","Iron Wave"],"picked":"Shrug It Off","floor":18.0},{"not_picked":["Rupture","Battle Trance+1"],"picked":"Feel No Pain+1","floor":21.0},{"not_picked":["Berserk","Perfected Strike+1"],"picked":"Thunderclap+1","floor":24.0},{"not_picked":["Rupture","Iron Wave"],"picked":"Immolate","floor":28},{"not_picked":["Dual Wield","Warcry"],"picked":"Heavy Blade","floor":29},{"not_picked":["Reckless Charge","Twin Strike"],"picked":"Exhume","floor":30},{"not_picked":["Wild Strike","Flex","Searing Blow"],"picked":"SKIP","floor":31},{"not_picked":["Bludgeon","Impervious"],"picked":"Juggernaut","floor":33},{"not_picked":["Clash","Twin Strike","Flex"],"picked":"SKIP","floor":35},{"not_picked":["Cleave","Uppercut"],"picked":"Shrug It Off","floor":36},{"not_picked":["Cleave","Havoc+1"],"picked":"Feel No Pain","floor":38},{"not_picked":["Thunderclap","Warcry"],"picked":"Shrug It Off","floor":39},{"not_picked":["Clash","Inflame","Flex"],"picked":"SKIP","floor":40},{"not_picked":["Jack Of All Trades","Flash of Steel"],"picked":"Apotheosis","floor":42},{"not_picked":["Intimidate","Armaments","Headbutt"],"picked":"SKIP","floor":46},{"not_picked":["Body Slam+1","Infernal Blade"],"picked":"Metallicize+1","floor":47},{"not_picked":["Warcry","Twin Strike+1","Reckless Charge"],"picked":"SKIP","floor":48}],"player_experience":1601590,"relics_obtained":[{"floor":7.0,"key":"Red Skull"},{"floor":9.0,"key":"Bag of Preparation"},{"floor":11.0,"key":"Matryoshka"},{"floor":14.0,"key":"Sundial"},{"floor":24.0,"key":"Ancient Tea Set"},{"floor":26,"key":"Strawberry"},{"floor":28,"key":"Art of War"},{"floor":30,"key":"Bag of Marbles"},{"floor":40,"key":"Letter Opener"},{"floor":43,"key":"Kunai"},{"floor":43,"key":"Vajra"},{"floor":47,"key":"Mummified Hand"}],"event_choices":[{"damage_healed":0.0,"max_hp_gain":0.0,"max_hp_loss":0.0,"gold_gain":75.0,"event_name":"World of Goop","player_choice":"Gather Gold","floor":2.0,"gold_loss":0.0,"damage_taken":11.0},{"damage_healed":0.0,"max_hp_gain":0.0,"max_hp_loss":8.0,"gold_gain":0.0,"event_name":"Golden Idol","player_choice":"Lose Max HP","floor":3.0,"gold_loss":0.0,"damage_taken":0.0,"relics_obtained":["Golden Idol"]},{"cards_removed":["Strike_R"],"damage_healed":0.0,"max_hp_gain":0.0,"max_hp_loss":0.0,"gold_gain":0.0,"event_name":"The Cleric","player_choice":"Card Removal","floor":10.0,"gold_loss":75.0,"damage_taken":0.0},{"damage_healed":0.0,"max_hp_gain":0.0,"max_hp_loss":0.0,"gold_gain":0.0,"event_name":"Duplicator","player_choice":"Copied","floor":19.0,"gold_loss":0.0,"damage_taken":0.0,"cards_obtained":["Feed"]},{"damage_healed":0.0,"max_hp_gain":0.0,"max_hp_loss":0.0,"gold_gain":0.0,"event_name":"The Woman in Blue","player_choice":"Bought 1 Potion","floor":22.0,"gold_loss":0.0,"damage_taken":0.0},{"damage_healed":0,"gold_gain":0,"player_choice":"Memory 3","damage_taken":10,"max_hp_gain":0,"max_hp_loss":0,"event_name":"SensoryStone","floor":42,"gold_loss":0},{"damage_healed":0,"gold_gain":0,"player_choice":"Max HP","damage_taken":0,"max_hp_gain":0,"max_hp_loss":7,"event_name":"Winding Halls","floor":44,"gold_loss":0}],"is_beta":false,"boss_relics":[{"not_picked":["Lizard Tail","Cursed Key"],"picked":"Runic Pyramid"},{"not_picked":["Black Blood","Coffee Dripper"],"picked":"Sozu"}],"items_purged_floors":[20,37],"is_endless":false,"potions_floor_spawned":[5,12,13,18,31,33,35,36,39,47],"killed_by":"Time Eater","ascension_level":20}