{"gold_per_floor":[115,190,235,252,32,64,64,84,166,184,184,215,7,38,38,38],"floor_reached":16,"playtime":377,"items_purged":[],"score":286,"play_id":"6115e875-b572-4760-bb9c-edb6ee46d5cc","local_time":"20190214221851","is_ascension_mode":true,"campfire_choices":[{"data":"Whirlwind","floor":7,"key":"SMITH"},{"data":"Anger","floor":11,"key":"SMITH"},{"data":"Inflame","floor":15,"key":"SMITH"}],"neow_cost":"NONE","seed_source_timestamp":39770735342535,"circlet_count":0,"master_deck":["AscendersBane","Strike_R","Strike_R","Strike_R+1","Strike_R+1","Strike_R","Defend_R","Defend_R","Defend_R","Defend_R","Bash","Whirlwind+1","Anger+1","Pommel Strike","Metallicize","Inflame+1","Shrug It Off","Corruption"],"relics":["Burning Blood","NeowsBlessing","Whetstone","Membership Card","Boot","Sundial","Bird Faced Urn","Matryoshka","Dead Branch"],"potions_floor_usage":[12,16,16],"damage_taken":[{"damage":0,"enemies":"Small Slimes","floor":1,"turns":1},{"damage":0,"enemies":"Jaw Worm","floor":4,"turns":1},{"damage":0,"enemies":"Gremlin Nob","floor":6,"turns":1},{"damage":1,"enemies":"Cultist","floor":8,"turns":3},{"damage":16,"enemies":"Gremlin Gang","floor":10,"turns":3},{"damage":10,"enemies":"Lagavulin","floor":12,"turns":4},{"damage":32,"enemies":"Gremlin Nob","floor":14,"turns":4},{"damage":54,"enemies":"Slime Boss","floor":16,"turns":7}],"seed_played":"3456984876736300005","potions_obtained":[{"floor":1,"key":"AttackPotion"},{"floor":4,"key":"BloodPotion"},{"floor":14,"key":"PowerPotion"}],"is_trial":false,"path_per_floor":["M","?","T","M","$","E","R","M","T","M","R","E","$","E","R","B"],"character_chosen":"IRONCLAD","items_purchased":["Membership Card","Inflame","Shrug It Off","Matryoshka"],"campfire_rested":0,"item_purchase_floors":[5,13,13,13],"current_hp_per_floor":[74,63,63,69,69,75,75,75,75,65,65,61,61,37,37,0],"gold":38,"neow_bonus":"THREE_ENEMY_KILL","is_prod":false,"is_daily":false,"chose_seed":false,"campfire_upgraded":3,"win_rate":0,"timestamp":1550179131,"path_taken":["M","?","?","M","$","E","R","M","T","M","R","E","$","E","R","BOSS"],"build_version":"2019-01-23","purchased_purges":0,"victory":false,"max_hp_per_floor":[75,75,75,75,75,75,75,75,75,75,75,75,75,75,75,75],"card_choices":[{"not_picked":["Seeing Red","Clash"],"picked":"Whirlwind","floor":1},{"not_picked":["Wild Strike","Clash","Intimidate"],"picked":"SKIP","floor":4},{"not_picked":["Body Slam","Juggernaut","Fire Breathing"],"picked":"SKIP","floor":6},{"not_picked":["Bloodletting","Shockwave"],"picked":"Anger","floor":8},{"not_picked":["Warcry","Clash"],"picked":"Pommel Strike","floor":10},{"not_picked":["Fire Breathing","Flex"],"picked":"Metallicize","floor":12},{"not_picked":["Inflame","Pummel"],"picked":"Corruption","floor":14}],"player_experience":1273664,"relics_obtained":[{"floor":3,"key":"Whetstone"},{"floor":6,"key":"Boot"},{"floor":9,"key":"Sundial"},{"floor":12,"key":"Bird Faced Urn"},{"floor":14,"key":"Dead Branch"}],"event_choices":[{"damage_healed":0,"gold_gain":75,"player_choice":"Gather Gold","damage_taken":11,"max_hp_gain":0,"max_hp_loss":0,"event_name":"World of Goop","floor":2,"gold_loss":0}],"is_beta":false,"boss_relics":[],"items_purged_floors":[],"is_endless":false,"potions_floor_spawned":[1,4,10,14],"killed_by":"Slime Boss","ascension_level":20}