{"gold_per_floor":[118,130,146,156,156,189,202,202,225,242,122,150,150,169,169,264,264,281,331,79,127,137,157,157,174,174,185,198,214,247,262,262,262],"floor_reached":33,"playtime":3120,"items_purged":["Strike_G"],"score":341,"play_id":"ee5b832b-70c5-4cc9-b577-3dc8aa8b0626","local_time":"20190922220215","is_ascension_mode":true,"campfire_choices":[{"data":"Neutralize","floor":8,"key":"SMITH"},{"data":"Distraction","floor":13,"key":"SMITH"},{"data":"Dagger Spray","floor":15,"key":"SMITH"},{"data":"Envenom","floor":24,"key":"SMITH"},{"data":"Footwork","floor":32,"key":"SMITH"}],"neow_cost":"NONE","seed_source_timestamp":950203236013400,"circlet_count":0,"master_deck":["Strike_G","Strike_G","Strike_G","Strike_G","Defend_G","Defend_G","Defend_G","Defend_G","Defend_G","Survivor","Neutralize+1","Distraction+1","Cloak And Dagger","Underhanded Strike","Dagger Throw","Riddle With Holes","Cloak And Dagger","Dash","Dagger Spray+1","Blur","Tactician","Envenom+1","PiercingWail","Eviscerate+1","Backflip+1","Poisoned Stab","All Out Attack","Footwork+1","Blade Dance+1","Tactician+1","Prepared+1"],"relics":["Ring of the Snake","Ninja Scroll","Matryoshka","Boot","Centennial Puzzle","Blood Vial","Philosopher\u0027s Stone","Toxic Egg 2","Darkstone Periapt","Nunchaku","Oddly Smooth Stone"],"potions_floor_usage":[2,6,12,27,27,31],"damage_taken":[{"damage":5,"enemies":"Cultist","floor":1,"turns":4},{"damage":0,"enemies":"2 Louse","floor":2,"turns":3},{"damage":6,"enemies":"Jaw Worm","floor":3,"turns":6},{"damage":8,"enemies":"Exordium Thugs","floor":4,"turns":4},{"damage":9,"enemies":"3 Sentries","floor":6,"turns":8},{"damage":3,"enemies":"Looter","floor":7,"turns":3},{"damage":2,"enemies":"3 Louse","floor":10,"turns":3},{"damage":0,"enemies":"Gremlin Nob","floor":12,"turns":4},{"damage":3,"enemies":"Exordium Thugs","floor":14,"turns":3},{"damage":10,"enemies":"Slime Boss","floor":16,"turns":10},{"damage":5,"enemies":"2 Thieves","floor":18,"turns":2},{"damage":6,"enemies":"3 Byrds","floor":22,"turns":4},{"damage":5,"enemies":"3 Cultists","floor":23,"turns":5},{"damage":3,"enemies":"Snecko","floor":25,"turns":4},{"damage":2,"enemies":"Cultist and Chosen","floor":27,"turns":6},{"damage":13,"enemies":"Snake Plant","floor":28,"turns":3},{"damage":7,"enemies":"Snecko","floor":29,"turns":4},{"damage":5,"enemies":"Book of Stabbing","floor":30,"turns":6},{"damage":3,"enemies":"Cultist and Chosen","floor":31,"turns":5},{"damage":41,"enemies":"Automaton","floor":33,"turns":6}],"seed_played":"3916808585350362894","potions_obtained":[{"floor":0,"key":"Dexterity Potion"},{"floor":0,"key":"SneckoOil"},{"floor":0,"key":"EssenceOfSteel"},{"floor":3,"key":"AttackPotion"},{"floor":7,"key":"GhostInAJar"},{"floor":18,"key":"SpeedPotion"},{"floor":25,"key":"Block Potion"},{"floor":27,"key":"Explosive Potion"},{"floor":29,"key":"Energy Potion"}],"is_trial":false,"path_per_floor":["M","M","M","M","T","E","M","R","T","M","$","E","R","M","R","B",null,"M","?","$","T","M","M","R","M","T","M","M","M","E","M","R","B"],"character_chosen":"THE_SILENT","items_purchased":["Dagger Spray","Toxic Egg 2"],"campfire_rested":0,"item_purchase_floors":[11,20],"current_hp_per_floor":[65,65,59,51,51,42,39,39,39,37,37,37,37,36,36,28,70,65,65,65,65,61,58,58,57,57,57,46,41,38,37,37,0],"gold":262,"neow_bonus":"THREE_SMALL_POTIONS","is_prod":false,"is_daily":false,"chose_seed":false,"campfire_upgraded":5,"win_rate":0,"timestamp":1569200535,"path_taken":["M","M","M","M","?","E","M","R","T","?","$","E","R","M","R","BOSS","M","?","$","?","M","M","R","?","T","M","M","M","E","M","R","BOSS"],"build_version":"2019-07-17","purchased_purges":1,"victory":false,"max_hp_per_floor":[70,70,70,70,70,70,70,70,70,70,70,70,70,70,70,70,70,70,70,70,70,70,70,70,70,70,70,70,70,70,70,70,70],"card_choices":[{"not_picked":["Outmaneuver","Catalyst"],"picked":"Distraction","floor":1},{"not_picked":["Prepared","Backflip"],"picked":"Cloak And Dagger","floor":2},{"not_picked":["Cloak And Dagger","Prepared"],"picked":"Underhanded Strike","floor":3},{"not_picked":["Deadly Poison","Venomology"],"picked":"Dagger Throw","floor":4},{"not_picked":["Backflip","PiercingWail"],"picked":"Riddle With Holes","floor":6},{"not_picked":["Deadly Poison","All Out Attack"],"picked":"Cloak And Dagger","floor":7},{"not_picked":["Deadly Poison","Calculated Gamble"],"picked":"Dash","floor":10},{"not_picked":["Eviscerate","Leg Sweep"],"picked":"Blur","floor":12},{"not_picked":["Deadly Poison","Crippling Poison"],"picked":"Tactician","floor":14},{"not_picked":["Malaise","Unload"],"picked":"Envenom","floor":16},{"not_picked":["Backflip","Choke+1"],"picked":"PiercingWail","floor":18},{"not_picked":["Skewer","Predator"],"picked":"Eviscerate+1","floor":22},{"not_picked":["Sucker Punch","Prepared+1"],"picked":"Backflip+1","floor":23},{"not_picked":["Bane","Outmaneuver+1"],"picked":"Poisoned Stab","floor":25},{"not_picked":["Acrobatics+1","Distraction+1"],"picked":"All Out Attack","floor":27},{"not_picked":["Dodge and Roll+1","Sucker Punch"],"picked":"Footwork","floor":28},{"not_picked":["Sucker Punch+1","Deadly Poison+1"],"picked":"Blade Dance+1","floor":29},{"not_picked":["Predator","Backflip+1"],"picked":"Tactician+1","floor":30},{"not_picked":["Unload","Poisoned Stab+1"],"picked":"Prepared+1","floor":31}],"player_experience":87857,"relics_obtained":[{"floor":5,"key":"Ninja Scroll"},{"floor":6,"key":"Matryoshka"},{"floor":9,"key":"Boot"},{"floor":9,"key":"Centennial Puzzle"},{"floor":12,"key":"Blood Vial"},{"floor":21,"key":"Darkstone Periapt"},{"floor":26,"key":"Nunchaku"},{"floor":30,"key":"Oddly Smooth Stone"}],"event_choices":[{"damage_healed":0,"gold_gain":100,"player_choice":"Bet on Murderer","damage_taken":0,"max_hp_gain":0,"max_hp_loss":0,"event_name":"The Joust","floor":19,"gold_loss":50}],"is_beta":false,"boss_relics":[{"not_picked":["Cursed Key","Busted Crown"],"picked":"Philosopher\u0027s Stone"}],"items_purged_floors":[11],"is_endless":false,"potions_floor_spawned":[1,3,7,18,25,27,29],"killed_by":"Automaton","ascension_level":2}