{"gold_per_floor":[119,119,132,132,144,173,173,57,57,68,102,117,135,149,149,149],"floor_reached":16,"playtime":625,"items_purged":["Pain"],"score":222,"play_id":"497f14e8-e219-419f-8c89-efc604651948","local_time":"20181215175607","is_ascension_mode":true,"campfire_choices":[{"data":"Carnage","floor":7,"key":"SMITH"},{"data":"Shockwave","floor":15,"key":"SMITH"}],"neow_cost":"NONE","seed_source_timestamp":30475612572088,"circlet_count":0,"master_deck":["AscendersBane","Strike_R","Strike_R","Strike_R","Strike_R","Strike_R","Defend_R","Defend_R","Defend_R","Defend_R","Bash","Cleave","Dropkick","Pain","Shrug It Off","Carnage+1","Carnage","Intimidate","Pommel Strike","Shockwave+1"],"relics":["Burning Blood","NeowsBlessing","WarpedTongs","Ornamental Fan","Gremlin Horn","Juzu Bracelet"],"potions_floor_usage":[6,16,16],"damage_taken":[{"damage":0,"enemies":"Jaw Worm","floor":1,"turns":1},{"damage":1,"enemies":"Cultist","floor":3,"turns":1},{"damage":2,"enemies":"2 Louse","floor":5,"turns":1},{"damage":29,"enemies":"3 Sentries","floor":6,"turns":5},{"damage":22,"enemies":"Exordium Thugs","floor":10,"turns":4},{"damage":9,"enemies":"Gremlin Nob","floor":11,"turns":3},{"damage":2,"enemies":"3 Louse","floor":12,"turns":3},{"damage":9,"enemies":"2 Fungi Beasts","floor":13,"turns":3},{"damage":12,"enemies":"Gremlin Gang","floor":14,"turns":4},{"damage":32,"enemies":"The Guardian","floor":16,"turns":9}],"seed_played":"9051063686974730678","potions_obtained":[{"floor":1,"key":"Explosive Potion"},{"floor":10,"key":"Block Potion"},{"floor":12,"key":"Energy Potion"},{"floor":13,"key":"SteroidPotion"}],"is_trial":false,"path_per_floor":["M","?","M","?","M","E","R","$","T","M","E","M","M","M","R","B"],"character_chosen":"IRONCLAD","items_purchased":["Carnage"],"campfire_rested":0,"item_purchase_floors":[8],"current_hp_per_floor":[74,74,75,75,75,52,52,52,52,36,33,37,34,28,28,0],"gold":149,"neow_bonus":"THREE_ENEMY_KILL","is_prod":false,"is_daily":false,"chose_seed":false,"campfire_upgraded":2,"win_rate":0,"timestamp":1544892967,"path_taken":["M","?","?","?","?","E","R","$","T","M","E","M","M","M","R","BOSS"],"build_version":"2018-12-13","purchased_purges":1,"victory":false,"max_hp_per_floor":[75,75,75,75,75,75,75,75,75,75,75,75,75,75,75,75],"card_choices":[{"not_picked":["Headbutt","Combust"],"picked":"Cleave","floor":1},{"not_picked":["Iron Wave","Havoc"],"picked":"Dropkick","floor":3},{"not_picked":["Armaments","Power Through"],"picked":"Shrug It Off","floor":5},{"not_picked":["Shrug It Off","Fire Breathing"],"picked":"Carnage","floor":6},{"not_picked":["Anger","Evolve"],"picked":"Intimidate","floor":10},{"not_picked":["Sword Boomerang","Exhume","Flex"],"picked":"SKIP","floor":11},{"not_picked":["Armaments","Twin Strike","Warcry"],"picked":"SKIP","floor":12},{"not_picked":["Searing Blow","Warcry"],"picked":"Pommel Strike","floor":13},{"not_picked":["Clothesline","Sever Soul"],"picked":"Shockwave","floor":14}],"player_experience":1028148,"relics_obtained":[{"floor":6,"key":"Ornamental Fan"},{"floor":9,"key":"Gremlin Horn"},{"floor":11,"key":"Juzu Bracelet"}],"event_choices":[{"damage_healed":0,"gold_gain":0,"player_choice":"1 cards matched","damage_taken":0,"max_hp_gain":0,"max_hp_loss":0,"event_name":"Match and Keep!","floor":2,"gold_loss":0,"cards_obtained":["Pain"]},{"damage_healed":0,"gold_gain":0,"player_choice":"Rummage","damage_taken":0,"relics_obtained":["WarpedTongs"],"max_hp_gain":0,"max_hp_loss":0,"event_name":"Accursed Blacksmith","floor":4,"gold_loss":0,"cards_obtained":["Pain"]}],"is_beta":true,"boss_relics":[],"items_purged_floors":[8],"is_endless":false,"potions_floor_spawned":[1,10,12,13],"killed_by":"The Guardian","ascension_level":19}