{"gold_per_floor":[119,131,150,75,55,82,94,120,166,178,207,106,120,133,133,210,210,223,223,236,686,696,696,709,720,720,720,730,46,80,80],"floor_reached":31,"playtime":1075,"items_purged":["Strike_R","Decay"],"score":662,"play_id":"438f39c2-0368-44d9-8eee-081152a44559","local_time":"20190804184556","is_ascension_mode":true,"campfire_choices":[{"data":"Whirlwind","floor":15,"key":"SMITH"},{"floor":23,"key":"REST"},{"data":"Inflame","floor":27,"key":"SMITH"}],"neow_cost":"NONE","seed_source_timestamp":39757819612213,"circlet_count":0,"master_deck":["AscendersBane","Strike_R+1","Strike_R","Strike_R","Defend_R","Defend_R","Defend_R","Defend_R","Bash+1","Hemokinesis","Anger","Inflame+1","Iron Wave","Shrug It Off","Sword Boomerang","Whirlwind+1","Shrug It Off","Infernal Blade","Shockwave","Impervious","Battle Trance","Armaments","Metallicize","Evolve","Anger"],"relics":["Burning Blood","Whetstone","Red Skull","Pear","Strawberry","Smiling Mask","Philosopher\u0027s Stone","PreservedInsect","Mummified Hand","Sling","Juzu Bracelet"],"potions_floor_usage":[30],"damage_taken":[{"damage":7,"enemies":"Cultist","floor":1,"turns":4},{"damage":2,"enemies":"2 Louse","floor":2,"turns":4},{"damage":0,"enemies":"Small Slimes","floor":3,"turns":2},{"damage":33,"enemies":"Lagavulin","floor":6,"turns":5},{"damage":9,"enemies":"Red Slaver","floor":7,"turns":4},{"damage":30,"enemies":"3 Sentries","floor":8,"turns":9},{"damage":4,"enemies":"2 Fungi Beasts","floor":10,"turns":2},{"damage":8,"enemies":"Gremlin Nob","floor":11,"turns":3},{"damage":4,"enemies":"Lots of Slimes","floor":13,"turns":2},{"damage":0,"enemies":"Gremlin Gang","floor":14,"turns":1},{"damage":0,"enemies":"Slime Boss","floor":16,"turns":7},{"damage":7,"enemies":"Shell Parasite","floor":18,"turns":5},{"damage":9,"enemies":"Chosen","floor":20,"turns":5},{"damage":18,"enemies":"Snake Plant","floor":22,"turns":3},{"damage":2,"enemies":"Centurion and Healer","floor":24,"turns":4},{"damage":0,"enemies":"3 Cultists","floor":25,"turns":2},{"damage":31,"enemies":"Snecko","floor":28,"turns":5},{"damage":19,"enemies":"Slavers","floor":30,"turns":3},{"damage":11,"enemies":"Shelled Parasite and Fungi","floor":31,"turns":3}],"seed_played":"1717882389551100613","potions_obtained":[{"floor":1,"key":"Strength Potion"},{"floor":2,"key":"FearPotion"},{"floor":3,"key":"PowerPotion"},{"floor":30,"key":"LiquidBronze"}],"is_trial":false,"path_per_floor":["M","M","M","?","?","E","M","E","T","M","E","$","M","M","R","B",null,"M","?","M","?","M","R","M","M","T","R","M","$","E","M"],"character_chosen":"IRONCLAD","items_purchased":["Shrug It Off","Mummified Hand","Evolve","Sling","Anger"],"campfire_rested":1,"item_purchase_floors":[12,29,29,29,29],"current_hp_per_floor":[67,71,75,75,75,48,45,31,38,40,38,38,40,46,46,52,82,81,81,78,24,12,39,43,49,49,49,24,24,11,0],"gold":80,"neow_bonus":"RANDOM_COMMON_RELIC","is_prod":false,"is_daily":false,"chose_seed":false,"campfire_upgraded":2,"win_rate":0,"timestamp":1564937156,"path_taken":["M","?","M","?","?","E","M","E","T","?","E","?","M","M","R","BOSS","M","?","?","?","?","R","?","M","T","R","M","$","E","M"],"build_version":"2019-07-17","purchased_purges":2,"victory":false,"max_hp_per_floor":[75,75,75,75,75,75,75,85,92,92,92,92,92,92,92,92,92,92,92,92,92,92,92,92,92,92,92,92,92,92,92],"card_choices":[{"not_picked":["Dual Wield","Havoc"],"picked":"Hemokinesis","floor":1},{"not_picked":["Ghostly Armor","Wild Strike"],"picked":"Anger","floor":2},{"not_picked":["Fire Breathing","Armaments"],"picked":"Inflame","floor":3},{"not_picked":["Havoc","Barricade"],"picked":"Iron Wave","floor":6},{"not_picked":["Perfected Strike","Wild Strike"],"picked":"Shrug It Off","floor":7},{"not_picked":["Double Tap","Metallicize"],"picked":"Sword Boomerang","floor":8},{"not_picked":["Flex","Headbutt"],"picked":"Whirlwind","floor":10},{"not_picked":["Hemokinesis","Dual Wield","Pommel Strike"],"picked":"SKIP","floor":11},{"not_picked":["Perfected Strike","Pommel Strike"],"picked":"Infernal Blade","floor":13},{"not_picked":["Iron Wave","Perfected Strike"],"picked":"Shockwave","floor":14},{"not_picked":["Double Tap","Demon Form"],"picked":"Impervious","floor":16},{"not_picked":["Clothesline","Bloodletting+1"],"picked":"Battle Trance","floor":18},{"not_picked":["Perfected Strike","Warcry","Clash"],"picked":"SKIP","floor":20},{"not_picked":["Whirlwind","Rampage","Rupture"],"picked":"SKIP","floor":22},{"not_picked":["Warcry","Body Slam+1"],"picked":"Armaments","floor":24},{"not_picked":["Cleave+1","Twin Strike","Clothesline"],"picked":"SKIP","floor":25},{"not_picked":["Warcry","Wild Strike"],"picked":"Metallicize","floor":28},{"not_picked":["Evolve","Rampage","Wild Strike"],"picked":"SKIP","floor":30}],"player_experience":1873849,"relics_obtained":[{"floor":6,"key":"Red Skull"},{"floor":8,"key":"Pear"},{"floor":9,"key":"Strawberry"},{"floor":11,"key":"Smiling Mask"},{"floor":26,"key":"PreservedInsect"},{"floor":30,"key":"Juzu Bracelet"}],"event_choices":[{"cards_removed":["Strike_R"],"damage_healed":0,"gold_gain":0,"player_choice":"Card Removal","damage_taken":0,"max_hp_gain":0,"max_hp_loss":0,"event_name":"The Cleric","floor":4,"gold_loss":75},{"damage_healed":0,"gold_gain":0,"player_choice":"Bought 1 Potion","damage_taken":0,"max_hp_gain":0,"max_hp_loss":0,"event_name":"The Woman in Blue","floor":5,"gold_loss":0},{"damage_healed":0,"gold_gain":0,"player_choice":"Cursed","damage_taken":0,"max_hp_gain":0,"max_hp_loss":0,"event_name":"Wheel of Change","floor":19,"gold_loss":0,"cards_obtained":["Decay"]},{"damage_healed":0,"gold_gain":450,"player_choice":"GOLD GOLD GOLD GOLD GOLD ","damage_taken":54,"max_hp_gain":0,"max_hp_loss":0,"event_name":"Knowing Skull","floor":21,"potions_obtained":[],"gold_loss":0,"cards_obtained":[]}],"is_beta":false,"boss_relics":[{"not_picked":["Cursed Key","Lizard Tail"],"picked":"Philosopher\u0027s Stone"}],"items_purged_floors":[12,29],"is_endless":false,"potions_floor_spawned":[1,2,3,6,18,28,30],"killed_by":"Shelled Parasite and Fungi","ascension_level":20}