{"gold_per_floor":[117,292,309,43,58,88,88,98,98,98,130,130,194,214,214,316,316,327,13,112,130,130,130,156,167,167,167,181,181],"floor_reached":29,"playtime":1058,"items_purged":["Doubt"],"score":354,"play_id":"2144b0f6-1beb-4931-b13e-4f906f8563ef","local_time":"20180708154715","is_ascension_mode":true,"campfire_choices":[{"data":"Skewer","floor":7,"key":"SMITH"},{"floor":10,"key":"REST"},{"data":"Cloak And Dagger","floor":12,"key":"SMITH"},{"data":"Deadly Poison","floor":15,"key":"SMITH"},{"data":"After Image","floor":23,"key":"SMITH"},{"data":"Corpse Explosion","floor":27,"key":"SMITH"}],"neow_cost":"NONE","seed_source_timestamp":17209915132860,"circlet_count":0,"master_deck":["Defend_G","Defend_G","Defend_G","Defend_G","Defend_G","Strike_G","Strike_G","Strike_G","Strike_G","Strike_G","Survivor","Neutralize+1","PiercingWail","Blade Dance","Skewer+1","Dagger Throw","Noxious Fumes","Cloak And Dagger+1","Deadly Poison+1","Corpse Explosion+1","Backstab","After Image+1","PiercingWail","Malaise","Concentrate","Backstab+1"],"relics":["Ring of the Snake","ClockworkSouvenir","Ancient Tea Set","Bronze Scales","Smiling Mask","Runic Dome","Snake Skull","Dead Branch","Tough Bandages","Dodecahedron"],"potions_floor_usage":[18],"damage_taken":[{"damage":0,"enemies":"Cultist","floor":1,"turns":5},{"damage":0,"enemies":"Jaw Worm","floor":3,"turns":7},{"damage":0,"enemies":"Small Slimes","floor":5,"turns":3},{"damage":32,"enemies":"Gremlin Nob","floor":6,"turns":5},{"damage":6,"enemies":"Exordium Wildlife","floor":8,"turns":3},{"damage":15,"enemies":"Lagavulin","floor":11,"turns":5},{"damage":0,"enemies":"3 Louse","floor":14,"turns":2},{"damage":24,"enemies":"Hexaghost","floor":16,"turns":8},{"damage":0,"enemies":"Spheric Guardian","floor":18,"turns":3},{"damage":10,"enemies":"Shell Parasite","floor":21,"turns":4},{"damage":16,"enemies":"Book of Stabbing","floor":24,"turns":5},{"damage":1,"enemies":"3 Cultists","floor":25,"turns":4},{"damage":7,"enemies":"Slaver and Parasite","floor":28,"turns":4},{"damage":24,"enemies":"Sentry and Sphere","floor":29,"turns":5}],"seed_played":"-423764774241695945","potions_obtained":[{"floor":8,"key":"GhostInAJar"},{"floor":11,"key":"AttackPotion"},{"floor":18,"key":"Weak Potion"},{"floor":24,"key":"LiquidBronze"}],"is_trial":false,"path_per_floor":["M","?","M","$","M","E","R","M","T","R","E","R","?","M","R","B",null,"M","$","?","M","T","R","E","M","T","R","M"],"character_chosen":"THE_SILENT","items_purchased":["ClockworkSouvenir","After Image","Snake Skull"],"campfire_rested":1,"item_purchase_floors":[4,19,19],"current_hp_per_floor":[63,63,63,63,63,31,31,25,25,46,31,31,31,31,31,7,54,54,54,54,44,44,44,28,27,27,27,20,0],"gold":181,"neow_bonus":"UPGRADE_CARD","is_prod":false,"is_daily":false,"chose_seed":false,"campfire_upgraded":5,"win_rate":0,"timestamp":1531057635,"path_taken":["M","?","M","$","M","E","R","M","T","R","E","R","?","M","R","BOSS","M","?","?","M","?","R","E","M","T","R","?","M"],"build_version":"2018-07-05","purchased_purges":1,"victory":false,"max_hp_per_floor":[70,70,70,70,70,70,70,70,70,70,70,70,70,70,70,70,70,70,70,70,70,70,70,70,70,70,70,70,70],"card_choices":[{"not_picked":["Prepared","Riddle With Holes"],"picked":"PiercingWail","floor":1},{"not_picked":["Deadly Poison","Acrobatics"],"picked":"Blade Dance","floor":3},{"not_picked":["Dodge and Roll","Masterful Stab"],"picked":"Skewer","floor":5},{"not_picked":["Escape Plan","Dagger Spray"],"picked":"Dagger Throw","floor":6},{"not_picked":["Flying Knee","Cloak And Dagger"],"picked":"Noxious Fumes","floor":8},{"not_picked":["Sucker Punch","Outmaneuver"],"picked":"Cloak And Dagger","floor":11},{"not_picked":["Dagger Spray","Dagger Throw"],"picked":"Deadly Poison","floor":14},{"not_picked":["Doppelganger","Bullet Time"],"picked":"Corpse Explosion","floor":16},{"not_picked":["Flechettes","Dodge and Roll"],"picked":"Backstab","floor":18},{"not_picked":["Acrobatics","Well Laid Plans"],"picked":"PiercingWail","floor":21},{"not_picked":["Blur","Grand Finale"],"picked":"Malaise","floor":24},{"not_picked":["Sucker Punch","Prepared"],"picked":"Concentrate","floor":25},{"not_picked":["Underhanded Strike","Predator"],"picked":"Backstab+1","floor":28}],"player_experience":376040,"relics_obtained":[{"floor":6,"key":"Ancient Tea Set"},{"floor":9,"key":"Bronze Scales"},{"floor":11,"key":"Smiling Mask"},{"floor":22,"key":"Dead Branch"},{"floor":24,"key":"Tough Bandages"},{"floor":26,"key":"Dodecahedron"}],"event_choices":[{"event_name":"Liars Game","player_choice":"agreed","floor":2,"damage_taken":0},{"event_name":"Golden Wing","player_choice":"Gained Gold","floor":13,"damage_taken":0},{"event_name":"Nest","player_choice":"Stole From Cult","floor":20,"damage_taken":0}],"boss_relics":[{"not_picked":["Eternal Feather","Busted Crown"],"picked":"Runic Dome"}],"items_purged_floors":[4],"is_endless":false,"potions_floor_spawned":[8,11,18,24,28],"killed_by":"Sentry and Sphere","ascension_level":8}