{"gold_per_floor":[119,44,62,62,76,76,104,104,151,185,195,195,212,247,247,247],"floor_reached":16,"playtime":502,"items_purged":[],"score":290,"play_id":"1d460aac-a624-4419-b13d-7a559a7c77ed","local_time":"20190320111929","is_ascension_mode":true,"campfire_choices":[{"data":"Bash","floor":6,"key":"SMITH"},{"floor":8,"key":"REST"},{"floor":12,"key":"REST"},{"data":"Juggernaut","floor":15,"key":"SMITH"}],"neow_cost":"NONE","seed_source_timestamp":2610526874252,"circlet_count":0,"master_deck":["AscendersBane","Strike_R","Strike_R","Strike_R","Strike_R","Defend_R","Defend_R","Defend_R","Defend_R","Bash+1","Juggernaut+1","Armaments","Disarm","Hemokinesis","Body Slam","Cleave","Shrug It Off"],"relics":["Burning Blood","Art of War","Boot","Mummified Hand","Bottled Tornado"],"potions_floor_usage":[10,10,16],"damage_taken":[{"damage":5,"enemies":"2 Louse","floor":1,"turns":4},{"damage":12,"enemies":"Jaw Worm","floor":3,"turns":4},{"damage":17,"enemies":"Cultist","floor":5,"turns":5},{"damage":42,"enemies":"Lagavulin","floor":7,"turns":9},{"damage":32,"enemies":"Gremlin Nob","floor":10,"turns":4},{"damage":9,"enemies":"Red Slaver","floor":11,"turns":4},{"damage":9,"enemies":"2 Fungi Beasts","floor":13,"turns":4},{"damage":0,"enemies":"Lagavulin","floor":14,"turns":7},{"damage":41,"enemies":"Slime Boss","floor":16,"turns":7}],"seed_played":"6335196971814611963","potions_obtained":[{"floor":1,"key":"Dexterity Potion"},{"floor":4,"key":"SteroidPotion"},{"floor":4,"key":"Ancient Potion"},{"floor":10,"key":"Dexterity Potion"},{"floor":11,"key":"Weak Potion"}],"is_trial":false,"path_per_floor":["M","?","M","?","M","R","E","R","T","E","M","R","M","E","R","B"],"character_chosen":"IRONCLAD","items_purchased":[],"campfire_rested":2,"item_purchase_floors":[],"current_hp_per_floor":[69,69,63,63,52,52,16,38,38,12,9,31,28,34,34,0],"gold":247,"neow_bonus":"ONE_RANDOM_RARE_CARD","is_prod":false,"is_daily":false,"chose_seed":false,"campfire_upgraded":2,"win_rate":0,"timestamp":1553077169,"path_taken":["M","?","M","?","?","R","E","R","T","E","M","R","M","E","R","BOSS"],"build_version":"2019-01-23","purchased_purges":0,"victory":false,"max_hp_per_floor":[75,75,75,75,75,75,75,75,75,75,75,75,75,75,75,75],"card_choices":[{"not_picked":["Power Through","Cleave"],"picked":"Armaments","floor":1},{"not_picked":["Warcry","Dropkick"],"picked":"Disarm","floor":3},{"not_picked":["Body Slam","Armaments"],"picked":"Hemokinesis","floor":5},{"not_picked":["Clothesline","Limit Break"],"picked":"Body Slam","floor":7},{"not_picked":["Bloodletting","Blood for Blood","Armaments"],"picked":"SKIP","floor":10},{"not_picked":["Heavy Blade","Sword Boomerang"],"picked":"Cleave","floor":11},{"not_picked":["Body Slam","Sentinel"],"picked":"Shrug It Off","floor":13},{"not_picked":["Havoc","Bloodletting","Whirlwind"],"picked":"SKIP","floor":14}],"player_experience":1449749,"relics_obtained":[{"floor":7,"key":"Art of War"},{"floor":9,"key":"Boot"},{"floor":10,"key":"Mummified Hand"},{"floor":14,"key":"Bottled Tornado"}],"event_choices":[{"cards_removed":["Strike_R"],"damage_healed":0,"gold_gain":0,"player_choice":"Card Removal","damage_taken":0,"max_hp_gain":0,"max_hp_loss":0,"event_name":"The Cleric","floor":2,"gold_loss":75},{"damage_healed":0,"gold_gain":0,"player_choice":"Got Potions","damage_taken":0,"max_hp_gain":0,"max_hp_loss":0,"event_name":"Lab","floor":4,"gold_loss":0}],"is_beta":false,"boss_relics":[],"items_purged_floors":[],"is_endless":false,"potions_floor_spawned":[1,10,11],"killed_by":"Slime Boss","ascension_level":20}