{"gold_per_floor":[110,110,120,130,32,60,76,105,105,135,135,168,181,209,209,209],"floor_reached":16,"playtime":1842,"items_purged":[],"score":175,"play_id":"d647d0f8-a697-4f4c-90f2-b13ab59e186b","local_time":"20190403104249","is_ascension_mode":true,"campfire_choices":[{"floor":15,"key":"REST"}],"neow_cost":"NONE","seed_source_timestamp":386322610068814,"circlet_count":0,"master_deck":["Defend_G","Defend_G","Defend_G","Defend_G","Defend_G","Strike_G","Strike_G","Strike_G","Strike_G","Survivor","Neutralize+1","Skewer","Dodge and Roll","Predator","Sucker Punch","Leg Sweep","Sucker Punch","Deflect","Choke","Deflect","Footwork","Catalyst"],"relics":["Ring of the Snake","Orichalcum","Pocketwatch","Gremlin Horn","Dodecahedron","Centennial Puzzle","PreservedInsect"],"potions_floor_usage":[6,8,12,14,16],"damage_taken":[{"damage":0,"enemies":"Small Slimes","floor":1,"turns":4},{"damage":0,"enemies":"Cultist","floor":3,"turns":4},{"damage":0,"enemies":"Jaw Worm","floor":4,"turns":5},{"damage":17,"enemies":"3 Sentries","floor":6,"turns":13},{"damage":9,"enemies":"3 Louse","floor":7,"turns":3},{"damage":12,"enemies":"Gremlin Nob","floor":8,"turns":4},{"damage":9,"enemies":"3 Sentries","floor":10,"turns":8},{"damage":16,"enemies":"Lagavulin","floor":12,"turns":8},{"damage":2,"enemies":"Exordium Wildlife","floor":13,"turns":5},{"damage":2,"enemies":"3 Sentries","floor":14,"turns":9},{"damage":40,"enemies":"Slime Boss","floor":16,"turns":17}],"seed_played":"9086963768646716511","potions_obtained":[{"floor":1,"key":"Weak Potion"},{"floor":3,"key":"GamblersBrew"},{"floor":10,"key":"Regen Potion"},{"floor":12,"key":"PowerPotion"}],"is_trial":false,"path_per_floor":["M","?","M","M","$","E","M","E","T","E","?","E","M","E","R","B"],"character_chosen":"THE_SILENT","items_purchased":["Sucker Punch","GhostInAJar"],"campfire_rested":1,"item_purchase_floors":[5,5],"current_hp_per_floor":[70,70,70,70,70,53,44,32,32,23,23,22,20,18,39,0],"gold":209,"neow_bonus":"UPGRADE_CARD","is_prod":false,"is_daily":false,"chose_seed":false,"campfire_upgraded":0,"win_rate":0,"timestamp":1554313369,"path_taken":["M","?","?","M","$","E","M","E","T","E","?","E","M","E","R","BOSS"],"build_version":"2019-01-23","purchased_purges":0,"victory":false,"max_hp_per_floor":[70,70,70,70,70,70,70,70,70,70,70,70,70,70,70,70],"card_choices":[{"not_picked":["Bane","Deadly Poison"],"picked":"Skewer","floor":1},{"not_picked":["Finisher","Deflect"],"picked":"Dodge and Roll","floor":3},{"not_picked":["Bane","Deadly Poison"],"picked":"Predator","floor":4},{"not_picked":["Dash","Choke"],"picked":"Leg Sweep","floor":6},{"not_picked":["Outmaneuver","Leg Sweep"],"picked":"Sucker Punch","floor":7},{"not_picked":["Catalyst","Dagger Spray"],"picked":"Deflect","floor":8},{"not_picked":["Eviscerate","Terror"],"picked":"Choke","floor":10},{"not_picked":["Flying Knee","Dodge and Roll"],"picked":"Deflect","floor":12},{"not_picked":["Prepared","Dagger Throw"],"picked":"Footwork","floor":13},{"not_picked":["Bouncing Flask","Dagger Spray"],"picked":"Catalyst","floor":14}],"player_experience":506636,"relics_obtained":[{"floor":6,"key":"Orichalcum"},{"floor":8,"key":"Pocketwatch"},{"floor":9,"key":"Gremlin Horn"},{"floor":10,"key":"Dodecahedron"},{"floor":12,"key":"Centennial Puzzle"},{"floor":14,"key":"PreservedInsect"}],"event_choices":[{"cards_removed":["Strike_G"],"damage_healed":0,"gold_gain":0,"player_choice":"Offered Basic","damage_taken":0,"max_hp_gain":0,"max_hp_loss":0,"event_name":"Bonfire Elementals","floor":2,"gold_loss":0},{"damage_healed":0,"gold_gain":0,"player_choice":"Ignored","damage_taken":0,"max_hp_gain":0,"max_hp_loss":0,"event_name":"Liars Game","floor":11,"gold_loss":0}],"is_beta":false,"boss_relics":[],"items_purged_floors":[],"is_endless":false,"potions_floor_spawned":[1,3,10,12],"killed_by":"Slime Boss","ascension_level":5}