{"gold_per_floor":[211,225,67,67,67,67,102,102,102,177,190,213,226,257,257,257],"floor_reached":16,"playtime":578,"items_purged":["Strike_R"],"score":220,"play_id":"ef25e87f-8643-4d52-a10e-de42794fdc7e","local_time":"20190918104322","is_ascension_mode":true,"campfire_choices":[{"data":"Bash","floor":6.0,"key":"SMITH"},{"data":"Anger","floor":8.0,"key":"SMITH"},{"data":"Armaments","floor":15,"key":"SMITH"}],"neow_cost":"NONE","seed_source_timestamp":0,"circlet_count":0,"master_deck":["AscendersBane","Strike_R","Strike_R","Strike_R+1","Strike_R+1","Defend_R","Defend_R","Defend_R","Defend_R","Bash+1","Cleave","Anger+1","Battle Trance","Exhume","Pommel Strike","Shrug It Off","Armaments+1","Havoc"],"special_seed":0,"relics":["Burning Blood","Golden Idol","Question Card","Art of War","Whetstone"],"potions_floor_usage":[16],"damage_taken":[{"damage":11.0,"enemies":"Jaw Worm","floor":1.0,"turns":5.0},{"damage":6.0,"enemies":"2 Louse","floor":2.0,"turns":3.0},{"damage":40.0,"enemies":"3 Sentries","floor":7.0,"turns":9.0},{"damage":0.0,"enemies":"Small Slimes","floor":11.0,"turns":3.0},{"damage":6.0,"enemies":"Blue Slaver","floor":12.0,"turns":3.0},{"damage":13.0,"enemies":"Red Slaver","floor":13.0,"turns":4.0},{"damage":6.0,"enemies":"Gremlin Nob","floor":14.0,"turns":3.0},{"damage":43,"enemies":"Slime Boss","floor":16,"turns":7}],"seed_played":"-7626343487810211722","potions_obtained":[{"floor":2.0,"key":"BloodPotion"},{"floor":12.0,"key":"Fire Potion"}],"is_trial":false,"path_per_floor":["M","M","$","?","?","R","E","R","T","?","M","M","M","E","R","B"],"character_chosen":"IRONCLAD","items_purchased":["Battle Trance"],"campfire_rested":0,"item_purchase_floors":[3],"current_hp_per_floor":[63,63,63,68,68,68,34,34,34,23,29,29,22,22,22,0],"gold":257,"neow_bonus":"HUNDRED_GOLD","is_prod":false,"is_daily":false,"chose_seed":false,"campfire_upgraded":3,"win_rate":0,"timestamp":1568796202,"path_taken":["M","M","$","?","?","R","E","R","T","?","M","M","?","E","R","BOSS"],"build_version":"2019-09-17","purchased_purges":1,"victory":false,"max_hp_per_floor":[75,75,75,80,72,72,72,72,72,72,72,72,72,72,72,72],"card_choices":[{"not_picked":["Havoc","Clothesline"],"picked":"Cleave","floor":1.0},{"not_picked":["True Grit","Seeing Red"],"picked":"Anger","floor":2.0},{"not_picked":["Cleave","Metallicize"],"picked":"Exhume","floor":7.0},{"not_picked":["Wild Strike","Rupture","Perfected Strike"],"picked":"Pommel Strike","floor":11.0},{"not_picked":["Twin Strike","Second Wind","Armaments"],"picked":"Shrug It Off","floor":12.0},{"not_picked":["Twin Strike","Iron Wave","Battle Trance"],"picked":"Armaments","floor":13.0},{"not_picked":["Perfected Strike","Entrench","Sword Boomerang"],"picked":"Havoc","floor":14}],"player_experience":2069713,"relics_obtained":[{"floor":7.0,"key":"Question Card"},{"floor":9.0,"key":"Art of War"},{"floor":14,"key":"Whetstone"}],"event_choices":[{"damage_healed":0.0,"max_hp_gain":5.0,"max_hp_loss":0.0,"gold_gain":0.0,"event_name":"Big Fish","player_choice":"Donut","floor":4.0,"gold_loss":0.0,"damage_taken":0.0},{"damage_healed":0.0,"max_hp_gain":0.0,"max_hp_loss":8.0,"gold_gain":0.0,"event_name":"Golden Idol","player_choice":"Lose Max HP","floor":5.0,"gold_loss":0.0,"damage_taken":0.0,"relics_obtained":["Golden Idol"]},{"damage_healed":0.0,"max_hp_gain":0.0,"max_hp_loss":0.0,"gold_gain":75.0,"event_name":"World of Goop","player_choice":"Gather Gold","floor":10.0,"gold_loss":0.0,"damage_taken":11.0}],"is_beta":true,"boss_relics":[],"items_purged_floors":[3],"is_endless":false,"potions_floor_spawned":[2,12,13],"killed_by":"Slime Boss","ascension_level":20}