{"gold_per_floor":[114,114,124,65,78,78,26,26,51,51,84,84,98,109,109,188,188,201,126,138,63,63,63,93,93,93,93],"floor_reached":27,"playtime":3208,"items_purged":["Clumsy"],"score":449,"play_id":"511ba702-e3b1-460f-a2cb-6d5f0afc9e7c","local_time":"20181128010201","is_ascension_mode":true,"campfire_choices":[{"data":"Limit Break","floor":6,"key":"SMITH"},{"data":"Flex","floor":8,"key":"SMITH"},{"data":"True Grit","floor":10,"key":"SMITH"},{"data":"Heavy Blade","floor":12,"key":"SMITH"},{"data":"Inflame","floor":15,"key":"SMITH"},{"data":"Warcry","floor":23,"key":"SMITH"}],"neow_cost":"TEN_PERCENT_HP_LOSS","seed_source_timestamp":52060481246291,"circlet_count":0,"master_deck":["AscendersBane","Defend_R","Defend_R","Defend_R","Bash","Limit Break+1","Power Through","Spot Weakness","True Grit+1","Heavy Blade+1","Flex+1","Inflame+1","Burning Pact","Fiend Fire","Double Tap","Clumsy","Warcry+1","Intimidate","Dual Wield","Anger+1","Bite","Bite","Bite","Bite","Bite"],"relics":["Burning Blood","Lantern","Juzu Bracelet","Calling Bell","Anchor","Ornamental Fan","Shovel","Calipers","WingedGreaves"],"potions_floor_usage":[16,24,24],"damage_taken":[{"damage":11,"enemies":"Jaw Worm","floor":1,"turns":6},{"damage":14,"enemies":"Small Slimes","floor":3,"turns":5},{"damage":13,"enemies":"Cultist","floor":5,"turns":5},{"damage":30,"enemies":"Gremlin Nob","floor":11,"turns":4},{"damage":7,"enemies":"Blue Slaver","floor":13,"turns":5},{"damage":0,"enemies":"Exordium Wildlife","floor":14,"turns":2},{"damage":5,"enemies":"The Guardian","floor":16,"turns":7},{"damage":18,"enemies":"Chosen","floor":18,"turns":5},{"damage":19,"enemies":"2 Thieves","floor":20,"turns":4},{"damage":27,"enemies":"Book of Stabbing","floor":24,"turns":5},{"damage":19,"enemies":"3 Cultists","floor":27,"turns":4}],"seed_played":"-1494175281645280238","potions_obtained":[{"floor":3,"key":"SpeedPotion"},{"floor":14,"key":"Strength Potion"},{"floor":16,"key":"PowerPotion"},{"floor":24,"key":"Fire Potion"}],"is_trial":false,"path_per_floor":["M","?","M","$","M","R","$","R","T","R","E","R","M","M","R","B",null,"M","?","M","$","?","R","E","?","T","M"],"character_chosen":"IRONCLAD","items_purchased":["True Grit","Flex"],"campfire_rested":0,"item_purchase_floors":[4,7],"current_hp_per_floor":[63,56,48,48,41,41,41,41,41,41,17,17,16,22,22,23,57,45,45,32,32,32,32,11,11,11,0],"gold":93,"neow_bonus":"THREE_RARE_CARDS","is_prod":false,"is_daily":false,"chose_seed":false,"campfire_upgraded":6,"win_rate":0,"timestamp":1543363321,"path_taken":["M","?","M","$","M","R","?","R","T","R","E","R","M","M","R","BOSS","M","?","M","$","?","R","E","?","T","M"],"build_version":"2018-11-15","purchased_purges":1,"victory":false,"max_hp_per_floor":[68,68,68,68,68,68,68,68,68,68,68,68,68,68,68,68,68,68,68,68,68,68,68,68,47,47,47],"card_choices":[{"not_picked":["Double Tap","Barricade"],"picked":"Limit Break","floor":0},{"not_picked":["Iron Wave","Dual Wield"],"picked":"Power Through","floor":1},{"not_picked":["Cleave","Body Slam"],"picked":"Spot Weakness","floor":3},{"not_picked":["Havoc","Ghostly Armor"],"picked":"Heavy Blade","floor":5},{"not_picked":["Twin Strike","Dual Wield"],"picked":"Inflame","floor":11},{"not_picked":["Twin Strike","Intimidate"],"picked":"Burning Pact","floor":13},{"not_picked":["Anger","Seeing Red"],"picked":"Fiend Fire","floor":14},{"not_picked":["Demon Form","Juggernaut"],"picked":"Double Tap","floor":16},{"not_picked":["Twin Strike","Sentinel"],"picked":"Warcry","floor":18},{"not_picked":["Wild Strike","Havoc"],"picked":"Intimidate","floor":20},{"not_picked":["Corruption","Thunderclap"],"picked":"Anger+1","floor":24}],"player_experience":900725,"relics_obtained":[{"floor":9,"key":"Lantern"},{"floor":11,"key":"Juzu Bracelet"},{"floor":17,"key":"Anchor"},{"floor":17,"key":"Ornamental Fan"},{"floor":17,"key":"Shovel"},{"floor":24,"key":"Calipers"},{"floor":26,"key":"WingedGreaves"}],"event_choices":[{"cards_removed":["Defend_R"],"damage_healed":0,"gold_gain":0,"player_choice":"Card Removal","damage_taken":7,"max_hp_gain":0,"max_hp_loss":0,"event_name":"Golden Wing","floor":2,"gold_loss":0},{"cards_removed":["Injury"],"damage_healed":0,"gold_gain":0,"player_choice":"Gave Gold","damage_taken":0,"max_hp_gain":0,"max_hp_loss":0,"event_name":"Beggar","floor":19,"gold_loss":75},{"damage_healed":0,"gold_gain":0,"cards_transformed":["Strike_R"],"player_choice":"Transformed","damage_taken":0,"max_hp_gain":0,"max_hp_loss":0,"event_name":"Transmorgrifier","floor":22,"gold_loss":0,"cards_obtained":["Dual Wield"]},{"damage_healed":0,"gold_gain":0,"player_choice":"Became a vampire","damage_taken":0,"max_hp_gain":0,"max_hp_loss":21,"event_name":"Vampires","floor":25,"gold_loss":0,"cards_obtained":["Bite","Bite","Bite","Bite","Bite"]}],"is_beta":true,"boss_relics":[{"not_picked":["Eternal Feather","White Beast Statue"],"picked":"Calling Bell"}],"items_purged_floors":[21],"is_endless":false,"potions_floor_spawned":[3,14,16,24],"killed_by":"3 Cultists","ascension_level":17}