{"gold_per_floor":[110,55,67,67,87,115,115,143,143,171,185,195,195,229,229,229],"floor_reached":16,"playtime":484,"items_purged":[],"score":260,"play_id":"c9ba769a-d6d3-4796-9c23-e71c00081810","local_time":"20190507164152","is_ascension_mode":true,"campfire_choices":[{"floor":7,"key":"REST"},{"data":"Darkness","floor":15,"key":"SMITH"}],"neow_cost":"NONE","seed_source_timestamp":19120275136963,"circlet_count":0,"master_deck":["AscendersBane","Strike_B","Strike_B","Strike_B","Strike_B","Defend_B","Defend_B","Defend_B","Defend_B","Zap+1","Dualcast","Ball Lightning","Conserve Battery","Barrage","Echo Form","Sweeping Beam","Sweeping Beam","Darkness+1","Doom and Gloom"],"relics":["Cracked Core","NeowsBlessing","PreservedInsect","Incense Burner","Gremlin Horn","Happy Flower"],"potions_floor_usage":[14,16],"damage_taken":[{"damage":0,"enemies":"Cultist","floor":1,"turns":1},{"damage":0,"enemies":"2 Louse","floor":3,"turns":1},{"damage":0,"enemies":"Jaw Worm","floor":5,"turns":1},{"damage":32,"enemies":"Gremlin Nob","floor":6,"turns":4},{"damage":6,"enemies":"Lagavulin","floor":8,"turns":6},{"damage":14,"enemies":"3 Sentries","floor":10,"turns":6},{"damage":2,"enemies":"3 Louse","floor":11,"turns":3},{"damage":0,"enemies":"Gremlin Gang","floor":12,"turns":4},{"damage":11,"enemies":"Gremlin Nob","floor":14,"turns":3},{"damage":28,"enemies":"Slime Boss","floor":16,"turns":3}],"seed_played":"-6061489934216496199","potions_obtained":[{"floor":10,"key":"AttackPotion"},{"floor":11,"key":"EssenceOfSteel"},{"floor":14,"key":"GamblersBrew"}],"is_trial":false,"path_per_floor":["M","$","M","?","M","E","R","E","T","E","M","M","?","E","R","B"],"character_chosen":"DEFECT","items_purchased":["Ball Lightning"],"campfire_rested":1,"item_purchase_floors":[2],"current_hp_per_floor":[64,64,64,64,64,32,53,47,47,33,31,31,31,20,20,0],"gold":229,"neow_bonus":"THREE_ENEMY_KILL","is_prod":false,"is_daily":false,"chose_seed":false,"campfire_upgraded":1,"win_rate":0,"timestamp":1557240112,"path_taken":["M","$","?","?","?","E","R","E","T","E","M","M","?","E","R","BOSS"],"build_version":"2019-01-23","purchased_purges":0,"victory":false,"max_hp_per_floor":[71,71,71,71,71,71,71,71,71,71,71,71,71,71,71,71],"card_choices":[{"not_picked":["Go for the Eyes","Recycle","Blizzard"],"picked":"SKIP","floor":1},{"not_picked":["Hologram","Rebound"],"picked":"Conserve Battery","floor":3},{"not_picked":["Storm","Leap"],"picked":"Barrage","floor":5},{"not_picked":["Redo","Undo"],"picked":"Echo Form","floor":6},{"not_picked":["Hyperbeam","Conserve Battery"],"picked":"Sweeping Beam","floor":8},{"not_picked":["Beam Cell","Turbo"],"picked":"Sweeping Beam","floor":10},{"not_picked":["Conserve Battery","Steam"],"picked":"Darkness","floor":11},{"not_picked":["Steam","Darkness"],"picked":"Doom and Gloom","floor":12},{"not_picked":["Machine Learning","Creative AI","Heatsinks"],"picked":"SKIP","floor":14}],"player_experience":1663480,"relics_obtained":[{"floor":6,"key":"PreservedInsect"},{"floor":8,"key":"Incense Burner"},{"floor":10,"key":"Gremlin Horn"},{"floor":14,"key":"Happy Flower"}],"event_choices":[{"damage_healed":0,"gold_gain":0,"player_choice":"Forge","damage_taken":0,"max_hp_gain":0,"max_hp_loss":0,"event_name":"Accursed Blacksmith","floor":4,"gold_loss":0,"cards_upgraded":["Zap"]},{"damage_healed":0,"gold_gain":0,"player_choice":"Ignored","damage_taken":0,"max_hp_gain":0,"max_hp_loss":0,"event_name":"Liars Game","floor":13,"gold_loss":0}],"is_beta":false,"boss_relics":[],"items_purged_floors":[],"is_endless":false,"potions_floor_spawned":[10,11,14],"killed_by":"Slime Boss","ascension_level":20}