{"gold_per_floor":[115,126,201,38,58,58,92,107,107,107,121,155,165,176,176,176],"floor_reached":16,"playtime":1256,"items_purged":[],"score":228,"play_id":"f074c347-40e7-4edb-a010-e39c69298c2a","local_time":"20190217235857","is_ascension_mode":true,"campfire_choices":[{"data":"Shockwave","floor":6,"key":"SMITH"},{"floor":10,"key":"REST"},{"data":"Inflame","floor":15,"key":"SMITH"}],"neow_cost":"NONE","seed_source_timestamp":49594073136670,"circlet_count":0,"master_deck":["AscendersBane","Strike_R","Strike_R","Strike_R","Strike_R","Strike_R","Defend_R","Defend_R","Defend_R","Defend_R","Bash","Shockwave+1","Infernal Blade","Iron Wave","Inflame+1","Heavy Blade","Shrug It Off","Armaments","Battle Trance","Impervious"],"relics":["Burning Blood","PreservedInsect","Molten Egg 2","Mummified Hand"],"potions_floor_usage":[],"damage_taken":[{"damage":4,"enemies":"2 Louse","floor":1,"turns":3},{"damage":4,"enemies":"Jaw Worm","floor":2,"turns":4},{"damage":14,"enemies":"Cultist","floor":5,"turns":4},{"damage":10,"enemies":"Lagavulin","floor":7,"turns":6},{"damage":53,"enemies":"Exordium Thugs","floor":8,"turns":8},{"damage":6,"enemies":"3 Louse","floor":11,"turns":4},{"damage":22,"enemies":"3 Sentries","floor":12,"turns":6},{"damage":3,"enemies":"Looter","floor":13,"turns":4},{"damage":14,"enemies":"Red Slaver","floor":14,"turns":5},{"damage":13,"enemies":"Hexaghost","floor":16,"turns":9}],"seed_played":"-5132846999194484542","potions_obtained":[{"floor":1,"key":"Ancient Potion"},{"floor":5,"key":"Explosive Potion"}],"is_trial":false,"path_per_floor":["M","M","?","$","M","R","E","M","T","R","M","E","M","M","R","B"],"character_chosen":"IRONCLAD","items_purchased":["PreservedInsect"],"campfire_rested":1,"item_purchase_floors":[4],"current_hp_per_floor":[77,79,68,68,60,60,56,9,9,33,33,17,20,12,12,0],"gold":176,"neow_bonus":"TEN_PERCENT_HP_BONUS","is_prod":false,"is_daily":false,"chose_seed":false,"campfire_upgraded":2,"win_rate":0,"timestamp":1550444337,"path_taken":["M","M","?","$","M","R","E","M","T","R","M","E","M","M","R","BOSS"],"build_version":"2019-01-23","purchased_purges":0,"victory":false,"max_hp_per_floor":[82,82,82,82,82,82,82,82,82,82,82,82,82,82,82,82],"card_choices":[{"not_picked":["Searing Blow","Flex"],"picked":"Shockwave","floor":1},{"not_picked":["Reckless Charge","Heavy Blade"],"picked":"Infernal Blade","floor":2},{"not_picked":["Armaments","Twin Strike"],"picked":"Iron Wave","floor":5},{"not_picked":["Feel No Pain","Combust"],"picked":"Inflame","floor":7},{"not_picked":["Flex","Pommel Strike"],"picked":"Heavy Blade","floor":8},{"not_picked":["Ghostly Armor","Wild Strike+1"],"picked":"Shrug It Off","floor":11},{"not_picked":["Sever Soul+1","Shockwave"],"picked":"Armaments","floor":12},{"not_picked":["Clash+1","Shockwave"],"picked":"Battle Trance","floor":13},{"not_picked":["Cleave+1","Clash+1"],"picked":"Impervious","floor":14}],"player_experience":1288609,"relics_obtained":[{"floor":9,"key":"Molten Egg 2"},{"floor":12,"key":"Mummified Hand"}],"event_choices":[{"damage_healed":0,"gold_gain":75,"player_choice":"Gather Gold","damage_taken":11,"max_hp_gain":0,"max_hp_loss":0,"event_name":"World of Goop","floor":3,"gold_loss":0}],"is_beta":false,"boss_relics":[],"items_purged_floors":[],"is_endless":false,"potions_floor_spawned":[1,5,12],"killed_by":"Hexaghost","ascension_level":20}