{"gold_per_floor":[115,125,145,160,85,117,127,127,179,193,204,279,279,314,314,415,415,432,444,275,275,287,319,339,339,365,375,391,404,437,457,457,561,561,572,447,460,460,478,507,507,532,532,532,581,616,633,733,733,733,733,733,381,410,410],"floor_reached":56,"playtime":8181,"items_purged":["Strike_G","Strike_G","Normality"],"score":1420,"play_id":"d6a2fd99-121a-49c1-bb0e-ed0d347b1b14","local_time":"20190922185139","is_ascension_mode":true,"campfire_choices":[{"data":"Doppelganger","floor":13,"key":"SMITH"},{"data":"Neutralize","floor":15,"key":"SMITH"},{"data":"Envenom","floor":32,"key":"SMITH"},{"floor":41,"key":"RECALL"},{"data":"Noxious Fumes","floor":44,"key":"SMITH"},{"data":"After Image","floor":49,"key":"SMITH"},{"data":"After Image","floor":52,"key":"SMITH"}],"neow_cost":"NONE","seed_source_timestamp":933693843126000,"circlet_count":0,"master_deck":["Defend_G","Defend_G+1","Defend_G","Defend_G","Defend_G","Survivor","Neutralize+1","PiercingWail","Well Laid Plans","Footwork","Noxious Fumes+1","Dagger Throw+1","Underhanded Strike","Dagger Spray","Dagger Spray","Doppelganger+1","Acrobatics+1","After Image+1","Parasite","Outmaneuver+1","Escape Plan+1","All Out Attack+1","Terror+1","Envenom+1","Bouncing Flask+1","Expertise+1","Backflip+1","Crippling Poison+1","After Image+1","Terror+1","Well Laid Plans+1","Infinite Blades","Discovery+1","Parasite","Infinite Blades+1","Infinite Blades+1","Bullet Time+1","Catalyst+1","Venomology+1","After Image+1","Well Laid Plans","Backstab","Deflect+1"],"relics":["Ring of the Snake","Bird Faced Urn","Bag of Marbles","Toxic Egg 2","Calling Bell","Bag of Preparation","Mummified Hand","Ginger","Centennial Puzzle","Kunai","Astrolabe","Smiling Mask","Vajra","Pear","Nunchaku","Dodecahedron","Mango","DollysMirror","Ice Cream"],"potions_floor_usage":[6,24,42,47,55,55],"damage_taken":[{"damage":4,"enemies":"Jaw Worm","floor":1,"turns":4},{"damage":3,"enemies":"Small Slimes","floor":2,"turns":5},{"damage":0,"enemies":"Cultist","floor":3,"turns":4},{"damage":7,"enemies":"2 Fungi Beasts","floor":4,"turns":6},{"damage":14,"enemies":"Lagavulin","floor":6,"turns":12},{"damage":1,"enemies":"3 Louse","floor":7,"turns":4},{"damage":0,"enemies":"Looter","floor":10,"turns":3},{"damage":2,"enemies":"Large Slime","floor":11,"turns":4},{"damage":5,"enemies":"3 Sentries","floor":14,"turns":7},{"damage":18,"enemies":"The Guardian","floor":16,"turns":13},{"damage":13,"enemies":"Shell Parasite","floor":18,"turns":8},{"damage":5,"enemies":"3 Byrds","floor":19,"turns":5},{"damage":10,"enemies":"Snecko","floor":22,"turns":10},{"damage":9,"enemies":"Gremlin Leader","floor":23,"turns":9},{"damage":4,"enemies":"Chosen and Byrds","floor":24,"turns":7},{"damage":16,"enemies":"Sentry and Sphere","floor":27,"turns":6},{"damage":6,"enemies":"Snake Plant","floor":28,"turns":5},{"damage":0,"enemies":"3 Cultists","floor":29,"turns":4},{"damage":24,"enemies":"Book of Stabbing","floor":30,"turns":6},{"damage":0,"enemies":"Cultist and Chosen","floor":31,"turns":5},{"damage":19,"enemies":"Collector","floor":33,"turns":8},{"damage":15,"enemies":"3 Shapes","floor":35,"turns":4},{"damage":0,"enemies":"Orb Walker","floor":37,"turns":4},{"damage":0,"enemies":"Writhing Mass","floor":39,"turns":5},{"damage":0,"enemies":"Nemesis","floor":40,"turns":7},{"damage":2,"enemies":"Reptomancer","floor":42,"turns":5},{"damage":2,"enemies":"2 Orb Walkers","floor":45,"turns":4},{"damage":16,"enemies":"Nemesis","floor":46,"turns":5},{"damage":11,"enemies":"3 Darklings","floor":47,"turns":4},{"damage":3,"enemies":"Mind Bloom Boss Battle","floor":48,"turns":5},{"damage":42,"enemies":"Awakened One","floor":50,"turns":13},{"damage":20,"enemies":"Shield and Spear","floor":54,"turns":9},{"damage":15,"enemies":"The Heart","floor":55,"turns":8}],"seed_played":"7564518325011191278","potions_obtained":[{"floor":1,"key":"Energy Potion"},{"floor":3,"key":"Fruit Juice"},{"floor":4,"key":"PowerPotion"},{"floor":6,"key":"SpeedPotion"},{"floor":24,"key":"Energy Potion"},{"floor":31,"key":"GhostInAJar"},{"floor":42,"key":"SteroidPotion"},{"floor":48,"key":"Fire Potion"}],"is_trial":false,"path_per_floor":["M","M","M","M","$","E","M","?","T","M","M","?","R","E","R","B",null,"M","M","$","?","M","E","M","?","T","M","M","M","E","M","R","B",null,"M","$","M","?","M","E","R","E","T","R","?","E","M","?","R","B",null,"R","$","E","B",null],"character_chosen":"THE_SILENT","items_purchased":["Escape Plan+1","DollysMirror","Well Laid Plans","Backstab","Strength Potion"],"campfire_rested":0,"item_purchase_floors":[20,53,53,53,53],"current_hp_per_floor":[66,63,63,56,56,47,52,37,37,41,45,34,34,35,35,23,75,67,70,70,70,68,67,73,73,73,59,61,69,55,65,65,56,72,61,61,72,72,72,72,72,72,82,82,82,77,81,96,96,60,96,96,96,76,87],"gold":410,"neow_bonus":"THREE_CARDS","is_prod":false,"is_daily":false,"chose_seed":false,"campfire_upgraded":6,"win_rate":0,"timestamp":1569189099,"path_taken":["M","M","M","M","$","E","M","?","T","M","M","?","R","E","R","BOSS","M","M","$","?","M","E","?","?","T","M","M","M","E","M","R","BOSS","M","$","M","?","M","E","R","E","T","R","?","E","M","?","R","BOSS","R","$","E","BOSS"],"build_version":"2019-07-17","purchased_purges":3,"victory":true,"max_hp_per_floor":[70,70,70,70,70,75,75,75,75,75,75,75,75,75,75,75,75,75,75,75,75,75,75,75,75,75,75,75,75,75,75,75,75,72,72,72,72,72,72,72,72,72,82,82,82,82,82,96,96,96,96,96,96,96,96],"card_choices":[{"not_picked":["Deadly Poison","Sucker Punch"],"picked":"PiercingWail","floor":0},{"not_picked":["Deflect","Masterful Stab"],"picked":"Well Laid Plans","floor":1},{"not_picked":["Flying Knee","Prepared"],"picked":"Footwork","floor":2},{"not_picked":["PiercingWail","Deflect"],"picked":"Noxious Fumes","floor":3},{"not_picked":["Heel Hook","Prepared"],"picked":"Dagger Throw","floor":4},{"not_picked":["Finisher","PiercingWail"],"picked":"Underhanded Strike","floor":6},{"not_picked":["Quick Slash","Blade Dance"],"picked":"Dagger Spray","floor":7},{"not_picked":["Sucker Punch","Terror"],"picked":"Dagger Spray","floor":10},{"not_picked":["Slice","Bane"],"picked":"Doppelganger","floor":11},{"not_picked":["Leg Sweep","Slice"],"picked":"Acrobatics","floor":14},{"not_picked":["Corpse Explosion+1","Glass Knife"],"picked":"After Image","floor":16},{"not_picked":["Riddle With Holes","Finisher"],"picked":"Outmaneuver+1","floor":18},{"not_picked":["Flechettes+1","Riddle With Holes","Slice"],"picked":"SKIP","floor":19},{"not_picked":["PiercingWail+1","Deadly Poison+1","Underhanded Strike"],"picked":"SKIP","floor":22},{"not_picked":["Deadly Poison+1","Tactician+1"],"picked":"All Out Attack+1","floor":23},{"not_picked":["Dash+1","Masterful Stab"],"picked":"Terror+1","floor":24},{"not_picked":["Poisoned Stab+1","Endless Agony"],"picked":"Envenom","floor":27},{"not_picked":["Outmaneuver+1","Sucker Punch"],"picked":"Bouncing Flask+1","floor":28},{"not_picked":["Bouncing Flask+1","Dodge and Roll+1"],"picked":"Expertise+1","floor":29},{"not_picked":["Sucker Punch+1","Terror+1"],"picked":"Backflip+1","floor":30},{"not_picked":["Acrobatics+1","Endless Agony"],"picked":"Crippling Poison+1","floor":31},{"not_picked":["Envenom","Malaise+1"],"picked":"After Image","floor":33},{"not_picked":["Blade Dance+1","Acrobatics+1","Flying Knee+1"],"picked":"SKIP","floor":35},{"not_picked":["Blur+1","Dagger Spray+1"],"picked":"Infinite Blades","floor":37},{"not_picked":["Dramatic Entrance","PanicButton+1"],"picked":"Discovery+1","floor":38},{"not_picked":["Crippling Poison+1","Bane"],"picked":"Infinite Blades+1","floor":39},{"not_picked":["Corpse Explosion+1","Crippling Poison+1"],"picked":"Infinite Blades+1","floor":40},{"not_picked":["Catalyst+1","Flying Knee+1"],"picked":"Bullet Time+1","floor":42},{"not_picked":["Finisher","Bane+1"],"picked":"Catalyst+1","floor":45},{"not_picked":["Dodge and Roll+1","Catalyst+1","Poisoned Stab+1"],"picked":"SKIP","floor":46},{"not_picked":["PiercingWail+1","Dodge and Roll+1","Acrobatics+1"],"picked":"SKIP","floor":47},{"not_picked":["Flechettes+1","Well Laid Plans+1"],"picked":"Venomology+1","floor":48},{"not_picked":["Dagger Throw","Dodge and Roll+1"],"picked":"Deflect+1","floor":54}],"player_experience":79676,"relics_obtained":[{"floor":6,"key":"Bird Faced Urn"},{"floor":9,"key":"Bag of Marbles"},{"floor":14,"key":"Toxic Egg 2"},{"floor":17,"key":"Bag of Preparation"},{"floor":17,"key":"Mummified Hand"},{"floor":17,"key":"Ginger"},{"floor":23,"key":"Centennial Puzzle"},{"floor":30,"key":"Kunai"},{"floor":40,"key":"Smiling Mask"},{"floor":42,"key":"Vajra"},{"floor":43,"key":"Pear"},{"floor":45,"key":"Nunchaku"},{"floor":46,"key":"Dodecahedron"},{"floor":48,"key":"Mango"},{"floor":54,"key":"Ice Cream"}],"event_choices":[{"damage_healed":0,"gold_gain":0,"player_choice":"Entered Light","damage_taken":15,"max_hp_gain":0,"max_hp_loss":0,"event_name":"Shining Light","floor":8,"gold_loss":0,"cards_upgraded":["Dagger Throw","Defend_G"]},{"damage_healed":0,"gold_gain":75,"player_choice":"Gather Gold","damage_taken":11,"max_hp_gain":0,"max_hp_loss":0,"event_name":"World of Goop","floor":12,"gold_loss":0},{"cards_removed":["Strike_G"],"damage_healed":0,"gold_gain":0,"player_choice":"Purged","damage_taken":0,"max_hp_gain":0,"max_hp_loss":0,"event_name":"Purifier","floor":21,"gold_loss":0},{"cards_removed":["Pain"],"damage_healed":0,"gold_gain":0,"player_choice":"Elegance","damage_taken":0,"max_hp_gain":0,"max_hp_loss":0,"event_name":"Back to Basics","floor":25,"gold_loss":0},{"damage_healed":0,"gold_gain":0,"player_choice":"Memory 1","damage_taken":0,"max_hp_gain":0,"max_hp_loss":0,"event_name":"SensoryStone","floor":38,"gold_loss":0},{"damage_healed":0,"gold_gain":0,"player_choice":"Fight","damage_taken":0,"max_hp_gain":0,"max_hp_loss":0,"event_name":"Mysterious Sphere","floor":45,"gold_loss":0},{"damage_healed":0,"gold_gain":0,"player_choice":"Fight","damage_taken":0,"max_hp_gain":0,"max_hp_loss":0,"event_name":"MindBloom","floor":48,"gold_loss":0}],"is_beta":false,"boss_relics":[{"not_picked":["Snecko Eye","Busted Crown"],"picked":"Calling Bell"},{"not_picked":["WristBlade","Orrery"],"picked":"Astrolabe"}],"items_purged_floors":[5,20,36],"is_endless":false,"potions_floor_spawned":[1,3,4,6,11,19,24,30,31,33,39,40,42,46,48],"ascension_level":1}