{"gold_per_floor":[111,28,28,28,44,75,75,105,129,148,176,251,261,276,276,353,353,365,725,736,370,387,415,415,445,445,162,162,162,178,190,190,262,262,282,299,299,11,64,97,115,38,62,162,162,194,23,38,38,38,38,38,38,38,38],"floor_reached":55,"playtime":2607,"items_purged":["Strike_R","Strike_R"],"score":2091,"play_id":"01c573a7-b497-49b0-b6d9-81104401c0cb","local_time":"20190924185132","is_ascension_mode":true,"campfire_choices":[{"data":"Bash","floor":7,"key":"SMITH"},{"data":"Spot Weakness","floor":15,"key":"SMITH"},{"data":"Offering","floor":24,"key":"SMITH"},{"data":"Limit Break","floor":32,"key":"SMITH"},{"floor":49,"key":"RECALL"},{"data":"Strike_R","floor":53,"key":"PURGE"}],"neow_cost":"NONE","seed_source_timestamp":70456416598652,"circlet_count":0,"master_deck":["AscendersBane","Strike_R+1","Defend_R","Defend_R+1","Defend_R","Defend_R","Bash+1","Cleave","Carnage","Spot Weakness+1","Sword Boomerang","Ghostly Armor","Offering+1","Evolve","Reaper","Fire Breathing+1","Shrug It Off","Feel No Pain","Headbutt+1","Armaments+1","Spot Weakness","Corruption","Shrug It Off","Limit Break+1","Power Through","Disarm","Demon Form","True Grit+1","Battle Trance+1","Sentinel+1","Dual Wield","Feel No Pain","Corruption","Exhume"],"relics":["Burning Blood","NeowsBlessing","Bag of Preparation","Art of War","Happy Flower","Blood Vial","Coffee Dripper","PreservedInsect","Letter Opener","Akabeko","Pear","Nilry\u0027s Codex","Fusion Hammer","Bottled Lightning","TungstenRod","Red Skull","Peace Pipe","Pen Nib"],"potions_floor_usage":[8,11,16,23,25,33,55,55],"damage_taken":[{"damage":0,"enemies":"2 Louse","floor":1,"turns":1},{"damage":0,"enemies":"Cultist","floor":5,"turns":1},{"damage":0,"enemies":"Lagavulin","floor":6,"turns":1},{"damage":0,"enemies":"Gremlin Nob","floor":8,"turns":2},{"damage":2,"enemies":"Jaw Worm","floor":10,"turns":3},{"damage":12,"enemies":"Lagavulin","floor":11,"turns":6},{"damage":1,"enemies":"2 Fungi Beasts","floor":13,"turns":3},{"damage":6,"enemies":"Lots of Slimes","floor":14,"turns":2},{"damage":34,"enemies":"Hexaghost","floor":16,"turns":8},{"damage":7,"enemies":"Spheric Guardian","floor":18,"turns":3},{"damage":27,"enemies":"Shell Parasite","floor":20,"turns":3},{"damage":7,"enemies":"Chosen and Byrds","floor":22,"turns":5},{"damage":23,"enemies":"Slavers","floor":23,"turns":4},{"damage":12,"enemies":"Book of Stabbing","floor":25,"turns":4},{"damage":19,"enemies":"Centurion and Healer","floor":30,"turns":5},{"damage":6,"enemies":"Snake Plant","floor":31,"turns":3},{"damage":34,"enemies":"Automaton","floor":33,"turns":11},{"damage":14,"enemies":"3 Darklings","floor":35,"turns":8},{"damage":17,"enemies":"Orb Walker","floor":36,"turns":3},{"damage":47,"enemies":"2 Orb Walkers","floor":39,"turns":4},{"damage":58,"enemies":"Giant Head","floor":40,"turns":7},{"damage":5,"enemies":"3 Darklings","floor":41,"turns":2},{"damage":6,"enemies":"Mind Bloom Boss Battle","floor":44,"turns":6},{"damage":5,"enemies":"Reptomancer","floor":46,"turns":3},{"damage":28,"enemies":"Maw","floor":48,"turns":8},{"damage":37,"enemies":"Time Eater","floor":50,"turns":7},{"damage":45,"enemies":"Donu and Deca","floor":51,"turns":11},{"damage":91,"enemies":"Shield and Spear","floor":55,"turns":3}],"seed_played":"5046438235335293216","potions_obtained":[{"floor":5,"key":"Energy Potion"},{"floor":10,"key":"FearPotion"},{"floor":13,"key":"FearPotion"},{"floor":14,"key":"SkillPotion"},{"floor":16,"key":"Ancient Potion"},{"floor":23,"key":"LiquidBronze"},{"floor":25,"key":"PowerPotion"},{"floor":36,"key":"AttackPotion"}],"is_trial":false,"path_per_floor":["M","$","?","?","M","E","R","E","T","M","E","?","M","M","R","B",null,"M","?","M","$","M","E","R","E","T","$","?","?","M","M","R","B",null,"M","M","?","$","?","E","M","$","T","?","?","E","$","M","R","B","B",null,"R","$","E"],"character_chosen":"IRONCLAD","items_purchased":["Carnage","Shrug It Off","Feel No Pain","PreservedInsect","Corruption","Shrug It Off","DuplicationPotion","Bottled Lightning","Feel No Pain","Exhume"],"campfire_rested":0,"item_purchase_floors":[2,21,21,21,27,27,27,38,42,47],"current_hp_per_floor":[74,74,51,40,46,52,52,58,58,62,56,45,52,54,54,28,63,72,37,30,30,31,26,26,22,32,32,11,11,42,44,44,43,75,69,71,71,71,54,18,81,81,81,85,85,85,85,85,85,85,85,85,85,85,0],"gold":38,"neow_bonus":"THREE_ENEMY_KILL","is_prod":false,"is_daily":false,"chose_seed":false,"campfire_upgraded":4,"win_rate":0,"timestamp":1569343892,"path_taken":["M","$","?","?","?","E","R","E","T","M","E","?","M","M","R","BOSS","M","?","?","$","M","E","R","E","T","$","?","?","M","M","R","BOSS","M","M","?","$","?","E","M","$","T","?","?","E","?","M","R","BOSS","BOSS","R","$","E"],"build_version":"2019-09-23","purchased_purges":2,"victory":false,"max_hp_per_floor":[75,75,75,75,75,75,75,75,75,75,75,75,75,75,75,75,75,75,75,75,75,75,75,75,75,85,85,85,85,85,85,85,85,85,85,85,85,85,85,85,85,85,85,85,85,85,85,85,85,85,85,85,85,85,85],"card_choices":[{"not_picked":["Headbutt","Reckless Charge"],"picked":"Cleave","floor":1},{"not_picked":["Searing Blow","Ghostly Armor"],"picked":"Spot Weakness","floor":5},{"not_picked":["Exhume","True Grit"],"picked":"Sword Boomerang","floor":6},{"not_picked":["Rage","Iron Wave"],"picked":"Ghostly Armor","floor":8},{"not_picked":["Body Slam","Perfected Strike","Warcry"],"picked":"SKIP","floor":10},{"not_picked":["Pommel Strike","Twin Strike"],"picked":"Offering","floor":11},{"not_picked":["Warcry","Flex"],"picked":"Evolve","floor":13},{"not_picked":["Perfected Strike","Intimidate","Clothesline"],"picked":"SKIP","floor":14},{"not_picked":["Dark Embrace","Limit Break"],"picked":"Reaper","floor":16},{"not_picked":["Carnage","Wild Strike+1","Ghostly Armor"],"picked":"SKIP","floor":18},{"not_picked":["Sever Soul+1","Whirlwind"],"picked":"Fire Breathing+1","floor":20},{"not_picked":["Perfected Strike","Cleave"],"picked":"Headbutt+1","floor":22},{"not_picked":["Clothesline","Flex"],"picked":"Armaments+1","floor":23},{"not_picked":["Burning Pact","Wild Strike"],"picked":"Spot Weakness","floor":25},{"not_picked":["Perfected Strike","Entrench"],"picked":"Power Through","floor":30},{"not_picked":["Clothesline","Armaments"],"picked":"Disarm","floor":31},{"not_picked":["Bludgeon","Offering"],"picked":"Demon Form","floor":33},{"not_picked":["Headbutt","Twin Strike"],"picked":"True Grit+1","floor":35},{"not_picked":["Clothesline","Corruption+1"],"picked":"Battle Trance+1","floor":36},{"not_picked":["Bloodletting","Perfected Strike"],"picked":"Sentinel+1","floor":39},{"not_picked":["Corruption","Pummel","Thunderclap"],"picked":"SKIP","floor":40},{"not_picked":["Sentinel","Battle Trance"],"picked":"Dual Wield","floor":41},{"not_picked":["Perfected Strike","Clothesline"],"picked":"Corruption","floor":44},{"not_picked":["Warcry","Body Slam","Anger+1"],"picked":"SKIP","floor":46},{"not_picked":["True Grit+1","Warcry","Cleave"],"picked":"SKIP","floor":48}],"player_experience":2099601,"relics_obtained":[{"floor":6,"key":"Bag of Preparation"},{"floor":8,"key":"Art of War"},{"floor":9,"key":"Happy Flower"},{"floor":11,"key":"Blood Vial"},{"floor":23,"key":"Letter Opener"},{"floor":25,"key":"Akabeko"},{"floor":26,"key":"Pear"},{"floor":28,"key":"Nilry\u0027s Codex"},{"floor":39,"key":"TungstenRod"},{"floor":40,"key":"Red Skull"},{"floor":44,"key":"Peace Pipe"},{"floor":46,"key":"Pen Nib"}],"event_choices":[{"damage_healed":0,"gold_gain":0,"player_choice":"Entered Light","damage_taken":23,"max_hp_gain":0,"max_hp_loss":0,"event_name":"Shining Light","floor":3,"gold_loss":0,"cards_upgraded":["Defend_R","Strike_R"]},{"damage_healed":0,"gold_gain":0,"player_choice":"Damaged","damage_taken":11,"max_hp_gain":0,"max_hp_loss":0,"event_name":"Wheel of Change","floor":4,"gold_loss":0},{"damage_healed":0,"gold_gain":75,"player_choice":"Gather Gold","damage_taken":11,"max_hp_gain":0,"max_hp_loss":0,"event_name":"World of Goop","floor":12,"gold_loss":0},{"damage_healed":0,"gold_gain":360,"player_choice":"GOLD GOLD GOLD GOLD ","damage_taken":35,"max_hp_gain":0,"max_hp_loss":0,"event_name":"Knowing Skull","floor":19,"potions_obtained":[],"gold_loss":0,"cards_obtained":[]},{"damage_healed":0,"gold_gain":0,"player_choice":"Obtained Book","damage_taken":21,"max_hp_gain":0,"max_hp_loss":0,"event_name":"Cursed Tome","floor":28,"gold_loss":0},{"damage_healed":0,"gold_gain":0,"player_choice":"Read","damage_taken":0,"max_hp_gain":0,"max_hp_loss":0,"event_name":"The Library","floor":29,"gold_loss":0,"cards_obtained":["Limit Break"]},{"damage_healed":0,"gold_gain":0,"player_choice":"Ignored","damage_taken":0,"max_hp_gain":0,"max_hp_loss":0,"event_name":"Tomb of Lord Red Mask","floor":37,"gold_loss":0},{"damage_healed":0,"gold_gain":0,"player_choice":"Fight","damage_taken":0,"max_hp_gain":0,"max_hp_loss":0,"event_name":"Mysterious Sphere","floor":39,"gold_loss":0},{"damage_healed":0,"gold_gain":0,"player_choice":"Fight","damage_taken":0,"max_hp_gain":0,"max_hp_loss":0,"event_name":"MindBloom","floor":44,"gold_loss":0},{"cards_removed":["Strike_R"],"damage_healed":0,"gold_gain":0,"player_choice":"Removed Attack","damage_taken":0,"max_hp_gain":0,"max_hp_loss":0,"event_name":"Falling","floor":45,"gold_loss":0}],"is_beta":true,"boss_relics":[{"not_picked":["Ectoplasm","Mark of Pain"],"picked":"Coffee Dripper"},{"not_picked":["SlaversCollar","Black Blood"],"picked":"Fusion Hammer"}],"items_purged_floors":[21,27],"is_endless":false,"potions_floor_spawned":[5,10,13,14,16,23,25,36,39],"killed_by":"Shield and Spear","ascension_level":20}