{"gold_per_floor":[113,27,27,43,15,42,62,62,87,116,132,132,132,151,151,225,225,237,237,237,39,51,51],"floor_reached":23,"playtime":673,"items_purged":["Strike_R"],"score":448,"play_id":"190d3540-4d81-475f-b8d7-44dc9eb9c8a3","local_time":"20190816212136","is_ascension_mode":true,"campfire_choices":[{"data":"Inflame","floor":8.0,"key":"SMITH"},{"data":"Bash","floor":12.0,"key":"SMITH"},{"data":"Bludgeon","floor":15.0,"key":"SMITH"}],"neow_cost":"NONE","seed_source_timestamp":41765136620286,"circlet_count":0,"master_deck":["AscendersBane","Strike_R","Strike_R","Strike_R","Strike_R","Defend_R","Defend_R","Defend_R","Defend_R","Bash+1","Shrug It Off","Inflame+1","Feed+1","Sword Boomerang","Battle Trance","Pommel Strike","Bludgeon+1","Iron Wave","Limit Break","Whirlwind","Battle Trance","Feel No Pain","Pummel","Armaments"],"special_seed":0,"relics":["Burning Blood","NeowsBlessing","hubris:OldNail","Happy Flower","Bottled Tornado","Cursed Key","hubris:BottledHeart"],"potions_floor_usage":[23],"damage_taken":[{"damage":0.0,"enemies":"2 Louse","floor":1.0,"turns":1.0},{"damage":0.0,"enemies":"Jaw Worm","floor":4.0,"turns":1.0},{"damage":0.0,"enemies":"3 Sentries","floor":6.0,"turns":2.0},{"damage":2.0,"enemies":"Cultist","floor":7.0,"turns":4.0},{"damage":10.0,"enemies":"Gremlin Nob","floor":10.0,"turns":3.0},{"damage":18.0,"enemies":"Large Slime","floor":11.0,"turns":3.0},{"damage":10.0,"enemies":"Red Slaver","floor":14.0,"turns":3.0},{"damage":24.0,"enemies":"Slime Boss","floor":16.0,"turns":8.0},{"damage":20.0,"enemies":"Shell Parasite","floor":18.0,"turns":3.0},{"damage":0.0,"enemies":"Spheric Guardian","floor":22.0,"turns":5.0},{"damage":19,"enemies":"Nightmare","floor":23,"turns":5}],"seed_played":"3175928012028590526","potions_obtained":[{"floor":7.0,"key":"PowerPotion"},{"floor":11.0,"key":"PowerPotion"},{"floor":16.0,"key":"FearPotion"}],"is_trial":false,"path_per_floor":["M","$","?","M","$","E","M","R","T","E","M","R","?","M","R","B",null,"M","?","?","$","M","NM"],"character_chosen":"IRONCLAD","items_purchased":["Inflame","Sword Boomerang","Feel No Pain","Pummel"],"campfire_rested":0,"item_purchase_floors":[2,5,21,21],"current_hp_per_floor":[74,74,79,80,80,80,83,83,83,82,73,73,73,73,73,59,88,74,74,1,1,1,0],"gold":51,"neow_bonus":"THREE_ENEMY_KILL","is_prod":false,"is_daily":false,"chose_seed":false,"campfire_upgraded":3,"win_rate":0,"timestamp":1565983296,"path_taken":["M","$","?","M","$","E","M","R","T","E","M","R","?","M","R","BOSS","M","?","?","?","M","NM"],"build_version":"2019-07-17","purchased_purges":1,"victory":false,"max_hp_per_floor":[75,75,80,80,80,80,83,83,83,86,89,89,89,93,93,97,97,97,97,1,1,1,1],"card_choices":[{"not_picked":["Body Slam","Iron Wave"],"picked":"Shrug It Off","floor":1.0},{"not_picked":["Spot Weakness","Hemokinesis"],"picked":"Feed","floor":4.0},{"not_picked":["Inflame","True Grit"],"picked":"Battle Trance","floor":6.0},{"not_picked":["Perfected Strike","Clash"],"picked":"Pommel Strike","floor":7.0},{"not_picked":["Flex","Thunderclap"],"picked":"Bludgeon","floor":10.0},{"not_picked":["Sentinel","hubris:SharpeningStone"],"picked":"Iron Wave","floor":11.0},{"not_picked":["True Grit","Body Slam","Reckless Charge"],"picked":"SKIP","floor":14.0},{"not_picked":["Double Tap","Impervious"],"picked":"Limit Break","floor":16.0},{"not_picked":["Iron Wave","Reckless Charge"],"picked":"Whirlwind","floor":18.0},{"not_picked":["Perfected Strike","Sword Boomerang+1"],"picked":"Armaments","floor":22.0}],"player_experience":1931407,"relics_obtained":[{"floor":6.0,"key":"hubris:OldNail"},{"floor":9.0,"key":"Happy Flower"},{"floor":10.0,"key":"Bottled Tornado"}],"event_choices":[{"damage_healed":0.0,"max_hp_gain":5.0,"max_hp_loss":0.0,"gold_gain":0.0,"event_name":"Big Fish","player_choice":"Donut","floor":3.0,"gold_loss":0.0,"damage_taken":0.0},{"damage_healed":0.0,"max_hp_gain":0.0,"max_hp_loss":0.0,"gold_gain":0.0,"event_name":"Living Wall","player_choice":"Grow","floor":13.0,"gold_loss":0.0,"damage_taken":0.0,"cards_upgraded":["Feed"]},{"damage_healed":0.0,"max_hp_gain":0.0,"max_hp_loss":0.0,"gold_gain":0.0,"event_name":"The Library","player_choice":"Read","floor":19.0,"gold_loss":0.0,"damage_taken":0.0,"cards_obtained":["Battle Trance"]}],"is_beta":false,"boss_relics":[{"not_picked":["hubris:HollowSoul","hubris:Stopwatch"],"picked":"Cursed Key"}],"items_purged_floors":[21],"is_endless":true,"potions_floor_spawned":[7,11,16,18],"killed_by":"Nightmare","ascension_level":20}