{"gold_per_floor":[16,16,31,31,42,42,73,73,73,103,103,132,142,117,117,193,193,208,28,78,93,111,111,139,139,139,139,189,239,179,208,208,208],"floor_reached":33,"playtime":3722,"items_purged":["Strike_R"],"score":588,"play_id":"d13b01a2-ca19-4fcf-920e-b0d1496bb78d","local_time":"20181106003823","is_ascension_mode":true,"campfire_choices":[{"data":"Uppercut","floor":6,"key":"SMITH"},{"data":"True Grit","floor":8,"key":"SMITH"},{"floor":15,"key":"REST"},{"data":"Armaments","floor":23,"key":"SMITH"},{"data":"Metamorphosis","floor":25,"key":"SMITH"},{"floor":27,"key":"REST"},{"floor":32,"key":"REST"}],"neow_cost":"NO_GOLD","seed_source_timestamp":10530904609930,"circlet_count":0,"master_deck":["AscendersBane","Strike_R","Strike_R","Strike_R","Defend_R","Defend_R","Defend_R","Defend_R","Bash","Feed+1","Feel No Pain","Rage","Uppercut+1","True Grit+1","Immolate","Juggernaut+1","Armaments+1","Demon Form","Havoc","Metamorphosis+1","Shame","Carnage","Pummel","Flex+1","Clumsy","Shrug It Off+1"],"relics":["Burning Blood","Shuriken","Juzu Bracelet","Question Card","SsserpentHead","Lantern","Cursed Key","Self Forming Clay","Ancient Tea Set","StoneCalendar","Toxic Egg 2"],"potions_floor_usage":[12,16,22,24],"damage_taken":[{"damage":13,"enemies":"Jaw Worm","floor":1,"turns":4},{"damage":7,"enemies":"2 Louse","floor":3,"turns":2},{"damage":7,"enemies":"Cultist","floor":5,"turns":4},{"damage":35,"enemies":"Gremlin Nob","floor":7,"turns":5},{"damage":19,"enemies":"3 Sentries","floor":10,"turns":9},{"damage":12,"enemies":"Gremlin Nob","floor":12,"turns":3},{"damage":11,"enemies":"Blue Slaver","floor":13,"turns":6},{"damage":38,"enemies":"Hexaghost","floor":16,"turns":14},{"damage":16,"enemies":"Spheric Guardian","floor":18,"turns":4},{"damage":19,"enemies":"2 Thieves","floor":21,"turns":4},{"damage":13,"enemies":"Centurion and Healer","floor":22,"turns":7},{"damage":37,"enemies":"Book of Stabbing","floor":24,"turns":5},{"damage":19,"enemies":"Gremlin Leader","floor":31,"turns":5},{"damage":73,"enemies":"Automaton","floor":33,"turns":6}],"seed_played":"1061487482241323702","potions_obtained":[{"floor":5,"key":"Strength Potion"},{"floor":12,"key":"Explosive Potion"},{"floor":13,"key":"SkillPotion"},{"floor":16,"key":"LiquidBronze"},{"floor":18,"key":"Block Potion"},{"floor":22,"key":"SkillPotion"}],"is_trial":false,"path_per_floor":["M","?","M","?","M","R","E","R","T","E","?","E","M","$","R","B",null,"M","$","?","M","M","R","E","R","T","R","?","?","?","E","R","B"],"character_chosen":"IRONCLAD","items_purchased":["Metamorphosis"],"campfire_rested":3,"item_purchase_floors":[19],"current_hp_per_floor":[64,69,71,71,74,74,45,45,45,36,36,30,29,29,58,30,84,74,74,74,65,58,58,27,27,27,58,26,26,26,13,46,0],"gold":208,"neow_bonus":"THREE_RARE_CARDS","is_prod":false,"is_daily":false,"chose_seed":false,"campfire_upgraded":4,"win_rate":0,"timestamp":1541461103,"path_taken":["M","?","M","?","?","R","E","R","T","E","?","E","M","?","R","BOSS","M","$","?","M","M","R","E","R","T","R","?","?","?","E","R","BOSS"],"build_version":"2018-11-02","purchased_purges":1,"victory":false,"max_hp_per_floor":[78,83,86,86,90,90,90,90,90,94,94,94,98,98,98,102,102,102,102,102,106,106,106,106,106,106,106,111,111,111,111,111,111],"card_choices":[{"not_picked":["Fiend Fire","Bludgeon"],"picked":"Feed","floor":0},{"not_picked":["Twin Strike","Shockwave"],"picked":"Feel No Pain","floor":1},{"not_picked":["Infernal Blade","Body Slam"],"picked":"Rage","floor":3},{"not_picked":["Hemokinesis","Rupture"],"picked":"Uppercut","floor":5},{"not_picked":["Power Through","Hemokinesis"],"picked":"True Grit","floor":7},{"not_picked":["Evolve","Wild Strike"],"picked":"Immolate","floor":10},{"not_picked":["Heavy Blade","Havoc","True Grit"],"picked":"Juggernaut","floor":12},{"not_picked":["Clothesline","Shrug It Off","Cleave"],"picked":"Armaments","floor":13},{"not_picked":["Reaper","Offering","Immolate"],"picked":"Demon Form","floor":16},{"not_picked":["Shrug It Off","Hemokinesis+1","Evolve+1"],"picked":"Havoc","floor":18},{"not_picked":["Reckless Charge","Fire Breathing","Wild Strike"],"picked":"Carnage","floor":21},{"not_picked":["Twin Strike","Sever Soul","Clothesline"],"picked":"Pummel","floor":22},{"not_picked":["Perfected Strike","Rage","Spot Weakness"],"picked":"Flex+1","floor":24},{"not_picked":["Havoc","Rampage","Thunderclap+1"],"picked":"Shrug It Off","floor":31}],"player_experience":750245,"relics_obtained":[{"floor":7,"key":"Shuriken"},{"floor":9,"key":"Juzu Bracelet"},{"floor":10,"key":"Question Card"},{"floor":12,"key":"Lantern"},{"floor":24,"key":"Ancient Tea Set"},{"floor":26,"key":"StoneCalendar"},{"floor":31,"key":"Toxic Egg 2"}],"event_choices":[{"damage_healed":0,"gold_gain":0,"player_choice":"Donut","damage_taken":0,"max_hp_gain":5,"max_hp_loss":0,"event_name":"Big Fish","floor":2,"gold_loss":0},{"damage_healed":0,"gold_gain":0,"player_choice":"Forge","damage_taken":0,"max_hp_gain":0,"max_hp_loss":0,"event_name":"Accursed Blacksmith","floor":4,"gold_loss":0,"cards_upgraded":["Feed"]},{"damage_healed":0,"gold_gain":0,"player_choice":"Trade","damage_taken":0,"relics_obtained":["SsserpentHead"],"max_hp_gain":0,"max_hp_loss":0,"event_name":"FaceTrader","floor":11,"gold_loss":0},{"damage_healed":0,"gold_gain":0,"player_choice":"Stole Relic","damage_taken":0,"relics_obtained":["Self Forming Clay"],"max_hp_gain":0,"max_hp_loss":0,"event_name":"Addict","floor":20,"gold_loss":0,"cards_obtained":["Shame"]},{"damage_healed":0,"gold_gain":0,"player_choice":"Shed Blood","damage_taken":37,"max_hp_gain":5,"max_hp_loss":0,"event_name":"Forgotten Altar","floor":28,"gold_loss":0},{"damage_healed":0,"gold_gain":0,"player_choice":"Ignored","damage_taken":0,"max_hp_gain":0,"max_hp_loss":0,"event_name":"Ghosts","floor":29,"gold_loss":0},{"cards_removed":["Strike_R"],"damage_healed":0,"gold_gain":0,"player_choice":"Upgrade and Remove","damage_taken":0,"max_hp_gain":0,"max_hp_loss":0,"event_name":"Designer","floor":30,"gold_loss":110,"cards_upgraded":["Juggernaut"]}],"is_beta":true,"boss_relics":[{"not_picked":["Philosopher\u0027s Stone","Tiny House"],"picked":"Cursed Key"}],"items_purged_floors":[14],"is_endless":false,"potions_floor_spawned":[5,12,13,16,18,22],"killed_by":"Automaton","ascension_level":16}