{"path_per_floor":["M","?","M","?","$","E","R","M","T","E","M","?","$","E","R","B",null,"M","?","M","?","?","E","M","E","T","E","$","M","R","?","R","B",null,"M","M","$","M","?","E","R","M","T","?","R","M","M","?","R","B"],"character_chosen":"IRONCLAD","items_purchased":["Mind Blast","Seeing Red","Torii","Dramatic Entrance","Twin Strike"],"gold_per_floor":[110,185,196,196,28,60,60,72,72,104,118,293,159,189,189,292,292,311,311,325,325,325,359,375,410,410,442,29,40,40,40,40,140,140,151,166,13,26,26,51,51,66,66,66,66,77,97,0,0,0],"floor_reached":51,"campfire_rested":2,"playtime":1572,"item_purchase_floors":[5,13,28,37,37],"current_hp_per_floor":[80,80,80,80,80,59,59,65,65,71,77,77,77,80,80,86,90,90,90,90,90,90,61,51,69,69,53,53,58,58,42,84,59,90,84,70,70,76,76,67,67,58,58,58,58,47,53,53,90,19],"items_purged":["Regret","Doubt","Writhe"],"gold":0,"score":1009,"play_id":"df89b457-660c-43c3-a910-d1abb012ba23","local_time":"20180523083823","is_prod":false,"is_daily":false,"chose_seed":false,"is_ascension_mode":true,"campfire_upgraded":5,"timestamp":1527057503,"campfire_choices":[{"data":"Mind Blast","floor":7,"key":"SMITH"},{"data":"Perfected Strike","floor":15,"key":"SMITH"},{"data":"Seeing Red","floor":30,"key":"SMITH"},{"floor":32,"key":"REST"},{"data":"Perfected Strike","floor":41,"key":"SMITH"},{"data":"Double Tap","floor":45,"key":"SMITH"},{"floor":49,"key":"REST"}],"path_taken":["M","?","M","?","$","E","R","M","T","E","M","?","$","E","R","BOSS","M","?","?","?","?","E","M","E","T","E","$","M","R","?","R","BOSS","M","M","$","M","?","E","R","M","T","?","R","M","M","?","R","BOSS"],"build_version":"2018-05-21v2","seed_source_timestamp":1461979031926,"purchased_purges":3,"victory":true,"master_deck":["Strike_R","Strike_R","Strike_R","Strike_R","Strike_R","Defend_R","Defend_R","Bash","Immolate","Perfected Strike+1","Cleave","Mind Blast+1","Shockwave","Pommel Strike","Wild Strike","Twin Strike","Seeing Red+1","Shrug It Off","Immolate","Cleave+1","Metallicize+1","Disarm+1","Body Slam","Sword Boomerang","Iron Wave","Armaments+1","Necronomicurse","Double Tap+1","Dual Wield+1","Perfected Strike+1","Dramatic Entrance","Twin Strike","Pommel Strike+1","Wild Strike","Pommel Strike+1","Body Slam","Dropkick"],"max_hp_per_floor":[80,80,80,80,80,80,80,80,80,80,80,80,80,90,90,90,90,90,90,90,90,90,90,90,90,90,90,90,90,90,90,90,90,90,90,90,90,90,90,90,90,90,90,90,90,90,90,90,90,90],"relics":["Burning Blood","Dodecahedron","Anchor","Mercury Hourglass","Orichalcum","Pear","Mark of Pain","Regal Pillow","Blue Candle","Juzu Bracelet","Vajra","Potion Belt","Torii","Necronomicon","Runic Cube","Letter Opener","Matryoshka","Red Mask"],"card_choices":[{"not_picked":["Seeing Red","Anger"],"picked":"Perfected Strike","floor":1},{"not_picked":["Sword Boomerang","Bloodletting"],"picked":"Cleave","floor":3},{"not_picked":["Reckless Charge","Searing Blow"],"picked":"Shockwave","floor":6},{"not_picked":["Twin Strike","True Grit"],"picked":"Pommel Strike","floor":8},{"not_picked":["True Grit","Dark Embrace"],"picked":"Wild Strike","floor":10},{"not_picked":["Armaments","Clothesline"],"picked":"Twin Strike","floor":11},{"not_picked":["Corruption","Battle Trance"],"picked":"Shrug It Off","floor":14},{"not_picked":["Dark Embrace","Limit Break"],"picked":"Immolate","floor":16},{"not_picked":["Anger+1","Feel No Pain"],"picked":"Cleave+1","floor":18},{"not_picked":["Flex","True Grit"],"picked":"Metallicize+1","floor":20},{"not_picked":["Brutality","True Grit"],"picked":"Disarm+1","floor":23},{"not_picked":["Havoc","Ghostly Armor+1"],"picked":"Body Slam","floor":24},{"not_picked":["Reckless Charge","Havoc"],"picked":"Sword Boomerang","floor":25},{"not_picked":["Immolate","Armaments"],"picked":"Iron Wave","floor":27},{"not_picked":["True Grit+1","Evolve"],"picked":"Armaments+1","floor":29},{"not_picked":["Berserk","Fiend Fire"],"picked":"Double Tap","floor":33},{"not_picked":["Thunderclap","Fire Breathing"],"picked":"Dual Wield","floor":35},{"not_picked":["Feel No Pain+1","Dual Wield"],"picked":"Perfected Strike","floor":36},{"not_picked":["Heavy Blade+1","Ghostly Armor+1"],"picked":"Pommel Strike+1","floor":38},{"not_picked":["Armaments","Flex"],"picked":"Wild Strike","floor":40},{"not_picked":["Havoc+1","Pummel"],"picked":"Pommel Strike+1","floor":42},{"not_picked":["Hemokinesis","Disarm+1"],"picked":"Body Slam","floor":46},{"not_picked":["Searing Blow+1","Shrug It Off"],"picked":"Dropkick","floor":47}],"player_experience":188836,"potions_floor_usage":[14,25,25,33,33,40,50],"damage_taken":[{"damage":3,"enemies":"2 Louse","floor":1,"turns":2},{"damage":0,"enemies":"Small Slimes","floor":3,"turns":2},{"damage":27,"enemies":"Lagavulin","floor":6,"turns":5},{"damage":0,"enemies":"Jaw Worm","floor":8,"turns":2},{"damage":0,"enemies":"3 Sentries","floor":10,"turns":2},{"damage":0,"enemies":"Looter","floor":11,"turns":1},{"damage":13,"enemies":"Lagavulin","floor":14,"turns":4},{"damage":0,"enemies":"Slime Boss","floor":16,"turns":6},{"damage":5,"enemies":"Spheric Guardian","floor":18,"turns":3},{"damage":0,"enemies":"3 Byrds","floor":20,"turns":2},{"damage":35,"enemies":"Book of Stabbing","floor":23,"turns":5},{"damage":16,"enemies":"Centurion and Healer","floor":24,"turns":3},{"damage":6,"enemies":"Gremlin Leader","floor":25,"turns":4},{"damage":22,"enemies":"Slavers","floor":27,"turns":3},{"damage":1,"enemies":"Cultist and Chosen","floor":29,"turns":3},{"damage":31,"enemies":"Collector","floor":33,"turns":6},{"damage":12,"enemies":"Flame Bruiser 1 Orb","floor":35,"turns":3},{"damage":20,"enemies":"3 Darklings","floor":36,"turns":4},{"damage":0,"enemies":"Flame Bruiser 2 Orb","floor":38,"turns":2},{"damage":15,"enemies":"2 Orb Walkers","floor":40,"turns":3},{"damage":15,"enemies":"4 Shapes","floor":42,"turns":3},{"damage":17,"enemies":"Sphere and 2 Shapes","floor":46,"turns":2},{"damage":0,"enemies":"Flame Bruiser 2 Orb","floor":47,"turns":1},{"damage":77,"enemies":"Time Eater","floor":50,"turns":7}],"relics_obtained":[{"floor":6,"key":"Anchor"},{"floor":9,"key":"Mercury Hourglass"},{"floor":10,"key":"Orichalcum"},{"floor":14,"key":"Pear"},{"floor":23,"key":"Blue Candle"},{"floor":25,"key":"Juzu Bracelet"},{"floor":26,"key":"Vajra"},{"floor":27,"key":"Potion Belt"},{"floor":31,"key":"Necronomicon"},{"floor":40,"key":"Letter Opener"},{"floor":43,"key":"Matryoshka"}],"event_choices":[{"event_name":"Golden Wing","player_choice":"Gained Gold","floor":2,"damage_taken":0},{"event_name":"Big Fish","player_choice":"Box","floor":4,"damage_taken":0},{"event_name":"Liars Game","player_choice":"agreed","floor":12,"damage_taken":0},{"event_name":"Bonfire Elementals","player_choice":"BASIC","floor":19,"damage_taken":0},{"event_name":"Ghosts","player_choice":"Ignored","floor":21,"damage_taken":0},{"event_name":"The Mausoleum","player_choice":"Yes","floor":22,"damage_taken":0},{"event_name":"Cursed Tome","player_choice":"Obtained Book","floor":31,"damage_taken":0},{"event_name":"Accursed Blacksmith","player_choice":"Forge","floor":44,"damage_taken":0},{"event_name":"Tomb of Lord Red Mask","player_choice":"Paid","floor":48,"damage_taken":0}],"boss_relics":[{"not_picked":["Sozu","Lizard Tail"],"picked":"Mark of Pain"},{"not_picked":["Calling Bell","Runic Pyramid"],"picked":"Runic Cube"}],"items_purged_floors":[5,13,28],"potions_floor_spawned":[1,6,23,25,27,36,46],"seed_played":"-3582973506078780738","ascension_level":4,"potions_obtained":[{"floor":1,"key":"EssenceOfSteel"},{"floor":6,"key":"BloodPotion"},{"floor":23,"key":"BloodPotion"},{"floor":25,"key":"AttackPotion"},{"floor":27,"key":"EssenceOfSteel"},{"floor":36,"key":"Swift Potion"},{"floor":46,"key":"FearPotion"}],"is_trial":false}