{"gold_per_floor":[310,325,375,395,411,411,444,458,458,65,95,119,4,4,4,82,82,95,6,22,39,13,40,40,40,40,70,82,144,256,294,306,397,409,435,464,476,506,529,541,582,256,256,256,194,228,258,269,269,269,269,269,269,5,31,31],"floor_reached":57,"playtime":3509,"items_purged":["Strike_G","Strike_G","Dagger Spray"],"score":3387,"play_id":"686752dd-6826-480b-b42b-e60622730fdf","local_time":"20190821233845","is_ascension_mode":true,"campfire_choices":[{"data":"Burst","floor":6.0,"key":"SMITH"},{"data":"Deadly Poison","floor":15.0,"key":"SMITH"},{"floor":25,"key":"REST"},{"floor":28,"key":"REST"},{"data":"Footwork","floor":32,"key":"SMITH"},{"data":"Wraith Form v2","floor":40,"key":"SMITH"},{"data":"Well Laid Plans","floor":44,"key":"SMITH"},{"floor":49,"key":"RECALL"},{"data":"Catalyst","floor":53,"key":"SMITH"}],"neow_cost":"NO_GOLD","seed_source_timestamp":37979330719823,"circlet_count":0,"master_deck":["AscendersBane","Defend_G","Defend_G","Defend_G","Defend_G","Defend_G","Survivor","Neutralize","Deadly Poison+1","Catalyst+1","Burst+1","Skewer","Well Laid Plans+1","Poisoned Stab","Noxious Fumes","Adrenaline","Die Die Die+1","After Image+1","Flying Knee+1","Footwork+1","Leg Sweep","Dodge and Roll","Deflect+1","PiercingWail","Corpse Explosion","Wraith Form v2+1","Footwork+1","Catalyst+1","Backflip+1","Caltrops","Leg Sweep","Noxious Fumes","Blur","Well Laid Plans","Blur","Apotheosis","Escape Plan"],"special_seed":0,"relics":["Ring of the Snake","Old Coin","Nunchaku","Question Card","Membership Card","Strawberry","Tough Bandages","Odd Mushroom","TwistedFunnel","Astrolabe","Paper Crane","FossilizedHelix","MawBank","WingedGreaves","Mummified Hand","Gremlin Horn","Coffee Dripper","PreservedInsect","Bird Faced Urn","Orichalcum","Calipers","Thread and Needle"],"potions_floor_usage":[27,33,33,41,55],"damage_taken":[{"damage":0.0,"enemies":"Cultist","floor":1.0,"turns":4.0},{"damage":0.0,"enemies":"Jaw Worm","floor":2.0,"turns":4.0},{"damage":1.0,"enemies":"Small Slimes","floor":4.0,"turns":4.0},{"damage":8.0,"enemies":"Blue Slaver","floor":5.0,"turns":4.0},{"damage":30.0,"enemies":"3 Sentries","floor":7.0,"turns":7.0},{"damage":5.0,"enemies":"3 Louse","floor":8.0,"turns":4.0},{"damage":12.0,"enemies":"Lagavulin","floor":11.0,"turns":4.0},{"damage":8.0,"enemies":"The Mushroom Lair","floor":12.0,"turns":5.0},{"damage":0.0,"enemies":"Slime Boss","floor":16.0,"turns":2.0},{"damage":5.0,"enemies":"Spheric Guardian","floor":18.0,"turns":3.0},{"damage":0.0,"enemies":"3 Byrds","floor":20.0,"turns":4.0},{"damage":10.0,"enemies":"Sentry and Sphere","floor":21.0,"turns":6.0},{"damage":37,"enemies":"Gremlin Leader","floor":23,"turns":9},{"damage":22,"enemies":"Slavers","floor":27,"turns":7},{"damage":11,"enemies":"Colosseum Slavers","floor":30,"turns":5},{"damage":0,"enemies":"Colosseum Nobs","floor":30,"turns":2},{"damage":1,"enemies":"Book of Stabbing","floor":31,"turns":5},{"damage":0,"enemies":"Automaton","floor":33,"turns":12},{"damage":0,"enemies":"3 Shapes","floor":35,"turns":1},{"damage":0,"enemies":"3 Darklings","floor":36,"turns":5},{"damage":0,"enemies":"Jaw Worm Horde","floor":38,"turns":3},{"damage":0,"enemies":"Maw","floor":39,"turns":5},{"damage":0,"enemies":"Reptomancer","floor":41,"turns":5},{"damage":0,"enemies":"Giant Head","floor":46,"turns":6},{"damage":0,"enemies":"Reptomancer","floor":47,"turns":3},{"damage":0,"enemies":"Spire Growth","floor":48,"turns":5},{"damage":0,"enemies":"Donu and Deca","floor":50,"turns":8},{"damage":51,"enemies":"Awakened One","floor":51,"turns":16},{"damage":38,"enemies":"Shield and Spear","floor":55,"turns":7},{"damage":67,"enemies":"The Heart","floor":56,"turns":12}],"seed_played":"-7095635074607668041","potions_obtained":[{"floor":5.0,"key":"PowerPotion"},{"floor":11.0,"key":"AttackPotion"},{"floor":16.0,"key":"Weak Potion"},{"floor":30,"key":"EssenceOfSteel"},{"floor":31,"key":"PowerPotion"},{"floor":33,"key":"SkillPotion"},{"floor":36,"key":"Explosive Potion"},{"floor":46,"key":"Block Potion"},{"floor":47,"key":"FairyPotion"}],"is_trial":false,"path_per_floor":["M","M","?","M","M","R","E","M","T","$","E","?","$","?","R","B",null,"M","$","M","M","$","E","?","R","T","E","R","?","?","E","R","B",null,"M","M","?","M","M","R","E","$","T","R","$","E","E","M","R","B","B",null,"R","$","E","B",null],"character_chosen":"THE_SILENT","items_purchased":["Membership Card","Well Laid Plans","AttackPotion","Strawberry","TwistedFunnel","Leg Sweep","PiercingWail","Bird Faced Urn","Caltrops","Leg Sweep","PowerPotion","Noxious Fumes","Blur","Calipers","Apotheosis"],"campfire_rested":2,"item_purchase_floors":[10,10,10,10,13,19,22,42,42,42,42,45,45,54,54],"current_hp_per_floor":[59,59,59,58,50,50,20,15,15,22,10,2,2,2,2,2,55,50,50,50,40,40,3,3,24,24,2,23,23,12,11,11,11,58,58,58,48,48,48,48,48,48,48,48,48,62,73,73,73,73,32,63,63,63,45,17],"gold":31,"neow_bonus":"ONE_RARE_RELIC","is_prod":false,"is_daily":false,"chose_seed":false,"campfire_upgraded":6,"win_rate":0,"timestamp":1566423525,"path_taken":["M","M","?","M","?","R","E","M","T","$","E","?","$","?","R","BOSS","M","$","M","M","?","E","?","R","T","E","R","?","?","E","R","BOSS","M","M","?","M","M","R","E","$","T","R","$","E","E","M","R","BOSS","BOSS","R","$","E","BOSS"],"build_version":"2019-07-17","purchased_purges":3,"victory":true,"max_hp_per_floor":[66,66,66,66,66,66,66,66,66,73,73,73,73,73,73,73,73,73,73,73,73,73,73,73,73,73,73,73,73,73,73,73,73,73,73,73,73,73,73,73,73,73,73,73,73,73,73,73,73,73,73,73,73,73,73,73],"card_choices":[{"not_picked":["Deflect","Flechettes"],"picked":"Deadly Poison","floor":1.0},{"not_picked":["Deflect","Dodge and Roll"],"picked":"Catalyst","floor":2.0},{"not_picked":["PiercingWail","Choke"],"picked":"Dagger Spray","floor":4.0},{"not_picked":["Escape Plan","Backstab"],"picked":"Burst","floor":5.0},{"not_picked":["Outmaneuver","Slice"],"picked":"Skewer","floor":7.0},{"not_picked":["Masterful Stab","Riddle With Holes","Blade Dance"],"picked":"SKIP","floor":8.0},{"not_picked":["PiercingWail","Dodge and Roll","Accuracy"],"picked":"Poisoned Stab","floor":11.0},{"not_picked":["Cloak And Dagger","Escape Plan","Poisoned Stab"],"picked":"Noxious Fumes","floor":12.0},{"not_picked":["Night Terror","Glass Knife","Grand Finale"],"picked":"Adrenaline","floor":16.0},{"not_picked":["Choke","Skewer","Slice"],"picked":"Footwork","floor":18.0},{"not_picked":["Flying Knee","Outmaneuver","Infinite Blades"],"picked":"Dodge and Roll","floor":20.0},{"not_picked":["Flechettes","Outmaneuver","Sucker Punch"],"picked":"Deflect+1","floor":21.0},{"not_picked":["Dagger Throw","Prepared","Outmaneuver","Skewer"],"picked":"SKIP","floor":23},{"not_picked":["Acrobatics","Distraction","Slice"],"picked":"Corpse Explosion","floor":27},{"not_picked":["Deadly Poison","Dagger Spray","Flechettes+1","Underhanded Strike"],"picked":"SKIP","floor":31},{"not_picked":["Phantasmal Killer","Unload","Bullet Time"],"picked":"Wraith Form v2","floor":33},{"not_picked":["Bane+1","Calculated Gamble+1","Poisoned Stab","Cloak And Dagger"],"picked":"SKIP","floor":35},{"not_picked":["Flying Knee+1","Deflect","Deadly Poison"],"picked":"Footwork+1","floor":36},{"not_picked":["Prepared","Endless Agony","Deflect"],"picked":"Catalyst","floor":38},{"not_picked":["Cloak And Dagger","Dagger Spray","Sucker Punch","Finisher"],"picked":"SKIP","floor":39},{"not_picked":["Flying Knee","Choke","PiercingWail"],"picked":"Backflip+1","floor":41},{"not_picked":["Masterful Stab","Reflex","Slice"],"picked":"Well Laid Plans","floor":46},{"not_picked":["Dagger Throw+1","Blade Dance","Choke"],"picked":"Blur","floor":47},{"not_picked":["Riddle With Holes+1","Accuracy+1","Unload","Outmaneuver"],"picked":"SKIP","floor":48},{"not_picked":["Dagger Spray","Flying Knee+1","All Out Attack"],"picked":"Escape Plan","floor":55}],"player_experience":1949209,"relics_obtained":[{"floor":7.0,"key":"Nunchaku"},{"floor":9.0,"key":"Question Card"},{"floor":11.0,"key":"Tough Bandages"},{"floor":12.0,"key":"Odd Mushroom"},{"floor":23,"key":"Paper Crane"},{"floor":26,"key":"FossilizedHelix"},{"floor":27,"key":"MawBank"},{"floor":30,"key":"WingedGreaves"},{"floor":30,"key":"Mummified Hand"},{"floor":31,"key":"Gremlin Horn"},{"floor":41,"key":"PreservedInsect"},{"floor":46,"key":"Orichalcum"},{"floor":55,"key":"Thread and Needle"}],"event_choices":[{"damage_healed":0.0,"max_hp_gain":0.0,"max_hp_loss":0.0,"gold_gain":50.0,"event_name":"Golden Shrine","player_choice":"Pray","floor":3.0,"gold_loss":0.0,"damage_taken":0.0},{"damage_healed":0.0,"max_hp_gain":0.0,"max_hp_loss":0.0,"gold_gain":0.0,"event_name":"Mushrooms","player_choice":"Fought Mushrooms","floor":12.0,"gold_loss":0.0,"damage_taken":0.0},{"damage_healed":0.0,"max_hp_gain":0.0,"max_hp_loss":0.0,"gold_gain":0.0,"event_name":"Upgrade Shrine","player_choice":"Upgraded","floor":14.0,"gold_loss":0.0,"damage_taken":0.0,"cards_upgraded":["Catalyst"]},{"damage_healed":0,"gold_gain":0,"player_choice":"Ignored","damage_taken":0,"max_hp_gain":0,"max_hp_loss":0,"event_name":"Cursed Tome","floor":24,"gold_loss":0},{"damage_healed":0,"gold_gain":50,"player_choice":"Stole From Cult","damage_taken":0,"max_hp_gain":0,"max_hp_loss":0,"event_name":"Nest","floor":29,"gold_loss":0},{"damage_healed":0,"gold_gain":0,"player_choice":"Fight","damage_taken":0,"max_hp_gain":0,"max_hp_loss":0,"event_name":"Colosseum","floor":30,"gold_loss":0},{"damage_healed":0,"gold_gain":0,"player_choice":"Fought Nobs","damage_taken":0,"max_hp_gain":0,"max_hp_loss":0,"event_name":"Colosseum","floor":30,"gold_loss":0},{"damage_healed":0,"gold_gain":0,"player_choice":"Memory 3","damage_taken":10,"max_hp_gain":0,"max_hp_loss":0,"event_name":"SensoryStone","floor":37,"gold_loss":0}],"is_beta":false,"boss_relics":[{"not_picked":["Eternal Feather","Ring of the Serpent"],"picked":"Astrolabe"},{"not_picked":["Calling Bell","Pandora\u0027s Box"],"picked":"Coffee Dripper"}],"items_purged_floors":[10,19,42],"is_endless":false,"potions_floor_spawned":[5,11,16,30,30,31,33,36,39,46,47],"ascension_level":20}