{"gold_per_floor":[110,125,46,46,46,71,90,116,116,116,143,143,178,192,192,271,271,291,306,306,316,316,347,272,282,282,282,282,199,199,216,216,291,291,304,322,322,340,360,395,395,395],"floor_reached":42,"playtime":2452,"items_purged":[],"score":1177,"play_id":"638d99cb-2490-432f-a518-9eeb0f275ac3","local_time":"20190127003011","is_ascension_mode":true,"campfire_choices":[{"data":"Static Discharge","floor":10,"key":"SMITH"},{"data":"Zap","floor":12,"key":"SMITH"},{"data":"Coolheaded","floor":15,"key":"SMITH"},{"data":"Consume","floor":27,"key":"SMITH"},{"data":"Storm","floor":30,"key":"SMITH"},{"data":"Capacitor","floor":32,"key":"SMITH"},{"data":"Coolheaded","floor":41,"key":"SMITH"}],"neow_cost":"NONE","seed_source_timestamp":40744945490740,"circlet_count":0,"master_deck":["AscendersBane","Strike_B+1","Strike_B+1","Strike_B+1","Strike_B+1","Defend_B+1","Defend_B+1","Defend_B+1","Defend_B+1","Zap+1","Dualcast","Coolheaded+1","Static Discharge+1","Defragment+1","Coolheaded","Coolheaded+1","Ball Lightning","Sweeping Beam","Ball Lightning","Capacitor+1","Thunder Strike","Turbo","Consume+1","Recycle","Coolheaded","Ghostly","Ghostly","Ghostly","Storm+1","Electrodynamics","Ball Lightning","Rainbow","Heatsinks"],"relics":["Cracked Core","NeowsBlessing","Smiling Mask","hubris:ToyBattleship","hubris:PeanutButter","Cables","Bottled Lightning","Velvet Choker","DataDisk","Mango","hubris:HollowSoul","Happy Flower"],"potions_floor_usage":[8,16,16,33],"damage_taken":[{"damage":0,"enemies":"Cultist","floor":1,"turns":1},{"damage":0,"enemies":"Small Slimes","floor":2,"turns":1},{"damage":0,"enemies":"Lagavulin","floor":6,"turns":1},{"damage":7,"enemies":"Jaw Worm","floor":7,"turns":6},{"damage":36,"enemies":"Gremlin Nob","floor":8,"turns":4},{"damage":2,"enemies":"Lagavulin","floor":11,"turns":7},{"damage":0,"enemies":"3 Sentries","floor":13,"turns":8},{"damage":0,"enemies":"Exordium Wildlife","floor":14,"turns":4},{"damage":0,"enemies":"Slime Boss","floor":16,"turns":5},{"damage":8,"enemies":"Chosen","floor":18,"turns":5},{"damage":6,"enemies":"3 Byrds","floor":19,"turns":2},{"damage":2,"enemies":"Snake Plant","floor":21,"turns":4},{"damage":23,"enemies":"Book of Stabbing","floor":23,"turns":4},{"damage":10,"enemies":"Cultist and Chosen","floor":25,"turns":5},{"damage":15,"enemies":"Chosen and Byrds","floor":31,"turns":4},{"damage":10,"enemies":"hubris:MusketHawk","floor":33,"turns":7},{"damage":6,"enemies":"3 Shapes","floor":35,"turns":4},{"damage":0,"enemies":"Orb Walker","floor":36,"turns":4},{"damage":2,"enemies":"3 Darklings","floor":38,"turns":3},{"damage":7,"enemies":"4 Shapes","floor":39,"turns":6},{"damage":11,"enemies":"Reptomancer","floor":40,"turns":6},{"damage":10,"enemies":"Giant Head","floor":42,"turns":5}],"seed_played":"-8221628826333588659","potions_obtained":[{"floor":6,"key":"Swift Potion"},{"floor":13,"key":"SkillPotion"},{"floor":14,"key":"GamblersBrew"},{"floor":16,"key":"Strength Potion"},{"floor":23,"key":"Ancient Potion"},{"floor":25,"key":"Regen Potion"},{"floor":33,"key":"Ancient Potion"}],"is_trial":false,"path_per_floor":["M","M","$","?","?","E","M","E","T","R","E","R","E","M","R","B",null,"M","M","?","M","?","E","?","M","T","R","?","$","R","M","R","B",null,"M","M","?","M","M","E","R","E"],"character_chosen":"DEFECT","items_purchased":["Defragment","Storm"],"campfire_rested":0,"item_purchase_floors":[3,29],"current_hp_per_floor":[64,64,64,69,69,69,62,26,26,26,24,24,24,24,24,24,63,55,49,49,47,47,24,24,14,28,28,28,28,28,13,13,18,38,32,32,32,30,23,12,12,0],"gold":395,"neow_bonus":"THREE_ENEMY_KILL","is_prod":false,"is_daily":false,"chose_seed":false,"campfire_upgraded":7,"win_rate":0,"timestamp":1548545411,"path_taken":["M","M","?","?","?","E","M","E","T","R","E","R","E","M","R","BOSS","M","M","?","M","?","E","?","M","T","R","?","$","R","M","R","BOSS","M","M","?","M","M","E","R","E"],"build_version":"2019-01-23","purchased_purges":0,"victory":false,"max_hp_per_floor":[71,71,71,76,76,76,76,76,76,76,76,76,76,76,76,76,76,76,76,76,76,76,76,76,76,90,90,45,45,45,45,45,45,45,45,45,43,43,43,43,43,43],"card_choices":[{"not_picked":["Redo","Leap"],"picked":"Coolheaded","floor":1},{"not_picked":["Barrage","Lockon"],"picked":"Static Discharge","floor":2},{"not_picked":["Steam","Redo"],"picked":"Coolheaded","floor":6},{"not_picked":["Scrape","Turbo"],"picked":"Coolheaded","floor":7},{"not_picked":["Barrage","Streamline"],"picked":"Ball Lightning","floor":8},{"not_picked":["Melter","Turbo"],"picked":"Sweeping Beam","floor":11},{"not_picked":["Loop","Streamline"],"picked":"Ball Lightning","floor":13},{"not_picked":["Recycle","Barrage"],"picked":"Capacitor","floor":14},{"not_picked":["All For One","Core Surge"],"picked":"Thunder Strike","floor":16},{"not_picked":["Rip and Tear","Static Discharge","Steam"],"picked":"SKIP","floor":18},{"not_picked":["Auto Shields","Hello World"],"picked":"Turbo","floor":19},{"not_picked":["Darkness","Rebound"],"picked":"Consume","floor":21},{"not_picked":["Gash","Reinforced Body"],"picked":"Recycle","floor":23},{"not_picked":["Reinforced Body","Turbo"],"picked":"Coolheaded","floor":25},{"not_picked":["Undo","Steam","Chaos"],"picked":"SKIP","floor":31},{"not_picked":["Biased Cognition","Reboot"],"picked":"Electrodynamics","floor":33},{"not_picked":["Streamline","Conserve Battery","Sweeping Beam"],"picked":"SKIP","floor":35},{"not_picked":["Cold Snap+1","Chaos+1","Hello World+1"],"picked":"SKIP","floor":36},{"not_picked":["Rebound","Doom and Gloom"],"picked":"Ball Lightning","floor":38},{"not_picked":["Cold Snap","Beam Cell"],"picked":"Rainbow","floor":39},{"not_picked":["Rip and Tear","Rebound"],"picked":"Heatsinks","floor":40}],"player_experience":1169273,"relics_obtained":[{"floor":6,"key":"Smiling Mask"},{"floor":8,"key":"hubris:ToyBattleship"},{"floor":9,"key":"hubris:PeanutButter"},{"floor":11,"key":"Cables"},{"floor":13,"key":"Bottled Lightning"},{"floor":23,"key":"DataDisk"},{"floor":26,"key":"Mango"},{"floor":40,"key":"Happy Flower"}],"event_choices":[{"damage_healed":0,"gold_gain":0,"player_choice":"Donut","damage_taken":0,"max_hp_gain":5,"max_hp_loss":0,"event_name":"Big Fish","floor":4,"gold_loss":0},{"damage_healed":0,"gold_gain":0,"player_choice":"Grow","damage_taken":0,"max_hp_gain":0,"max_hp_loss":0,"event_name":"Living Wall","floor":5,"gold_loss":0,"cards_upgraded":["Defragment"]},{"damage_healed":0,"gold_gain":0,"player_choice":"Simplicity","damage_taken":0,"max_hp_gain":0,"max_hp_loss":0,"event_name":"Back to Basics","floor":20,"gold_loss":0,"cards_upgraded":["Strike_B","Strike_B","Strike_B","Strike_B","Defend_B","Defend_B","Defend_B","Defend_B"]},{"damage_healed":0,"gold_gain":0,"player_choice":"Smashed Altar","damage_taken":0,"max_hp_gain":0,"max_hp_loss":0,"event_name":"Forgotten Altar","floor":22,"gold_loss":0,"cards_obtained":["Decay"]},{"cards_removed":["Decay"],"damage_healed":0,"gold_gain":0,"player_choice":"Gave Gold","damage_taken":0,"max_hp_gain":0,"max_hp_loss":0,"event_name":"Beggar","floor":24,"gold_loss":75},{"damage_healed":0,"gold_gain":0,"player_choice":"Became a Ghost","damage_taken":0,"max_hp_gain":0,"max_hp_loss":45,"event_name":"Ghosts","floor":28,"gold_loss":0,"cards_obtained":["Ghostly","Ghostly","Ghostly"]},{"damage_healed":0,"gold_gain":0,"player_choice":"Max HP","damage_taken":0,"max_hp_gain":0,"max_hp_loss":2,"event_name":"Winding Halls","floor":37,"gold_loss":0}],"is_beta":false,"boss_relics":[{"not_picked":["hubris:VirtuousBlindfold","Orrery"],"picked":"Velvet Choker"},{"not_picked":["Lizard Tail","Empty Cage"],"picked":"hubris:HollowSoul"}],"items_purged_floors":[],"is_endless":false,"potions_floor_spawned":[6,13,14,16,23,25,33,35],"killed_by":"Giant Head","ascension_level":20}