{"gold_per_floor":[110,128,128,53,53,53,87,101,126,126,126,126,41,76,76,169,169,192,216,231,244,263,263,299,299,299,322,353,24,24,24,24,118,118,132,148,148,48,69,69,69],"floor_reached":41,"playtime":1707,"items_purged":["Regret","Strike_G"],"score":974,"play_id":"ecad7d19-2c75-4033-a811-f7073389a38b","local_time":"20190112112320","is_ascension_mode":true,"campfire_choices":[{"data":"Neutralize","floor":6,"key":"SMITH"},{"data":"Deadly Poison","floor":12,"key":"SMITH"},{"data":"Noxious Fumes","floor":15,"key":"SMITH"},{"floor":23,"key":"REST"},{"data":"Catalyst","floor":25,"key":"SMITH"},{"floor":30,"key":"REST"},{"data":"Leg Sweep","floor":32,"key":"SMITH"},{"data":"Burst","floor":40,"key":"SMITH"}],"neow_cost":"NONE","seed_source_timestamp":7143070518399,"circlet_count":0,"master_deck":["AscendersBane","Defend_G","Defend_G","Defend_G","Defend_G","Defend_G","Strike_G","Strike_G","Strike_G","Strike_G","Survivor","Neutralize+1","Distraction","Deadly Poison+1","Blur","Noxious Fumes+1","Bouncing Flask","Burst+1","Caltrops","Predator","Deadly Poison","Leg Sweep+1","Catalyst+1","Bouncing Flask","Bullet Time","Corpse Explosion","Backflip"],"relics":["Ring of the Snake","NeowsBlessing","Juzu Bracelet","Lantern","Meat on the Bone","Bag of Marbles","Golden Idol","Bird Faced Urn","Snecko Eye","Potion Belt","Omamori","Happy Flower","Bottled Lightning","Philosopher\u0027s Stone"],"potions_floor_usage":[20,24,24,33],"damage_taken":[{"damage":0,"enemies":"2 Louse","floor":1,"turns":1},{"damage":0,"enemies":"Small Slimes","floor":2,"turns":1},{"damage":0,"enemies":"Gremlin Nob","floor":7,"turns":1},{"damage":4,"enemies":"Cultist","floor":8,"turns":3},{"damage":17,"enemies":"3 Sentries","floor":14,"turns":7},{"damage":4,"enemies":"The Guardian","floor":16,"turns":9},{"damage":13,"enemies":"Chosen","floor":18,"turns":5},{"damage":11,"enemies":"Shell Parasite","floor":20,"turns":4},{"damage":22,"enemies":"Snecko","floor":21,"turns":6},{"damage":21,"enemies":"Shelled Parasite and Fungi","floor":22,"turns":4},{"damage":24,"enemies":"Gremlin Leader","floor":24,"turns":5},{"damage":13,"enemies":"Cultist and Chosen","floor":27,"turns":6},{"damage":34,"enemies":"Book of Stabbing","floor":28,"turns":4},{"damage":30,"enemies":"Collector","floor":33,"turns":4},{"damage":0,"enemies":"3 Shapes","floor":35,"turns":4},{"damage":0,"enemies":"3 Darklings","floor":36,"turns":2},{"damage":18,"enemies":"Maw","floor":39,"turns":5},{"damage":58,"enemies":"Reptomancer","floor":41,"turns":2}],"seed_played":"2834148837446438563","potions_obtained":[{"floor":1,"key":"PowerPotion"},{"floor":8,"key":"GamblersBrew"},{"floor":21,"key":"SteroidPotion"},{"floor":28,"key":"LiquidBronze"},{"floor":37,"key":"Energy Potion"},{"floor":37,"key":"Ancient Potion"}],"is_trial":false,"path_per_floor":["M","M","?","$","?","R","E","M","T","?","?","R","$","E","R","B",null,"M","T","M","M","M","R","E","R","T","M","E","$","R","?","R","B",null,"M","M","?","$","M","R","E"],"character_chosen":"THE_SILENT","items_purchased":["Noxious Fumes","Bottled Lightning","AttackPotion"],"campfire_rested":2,"item_purchase_floors":[13,29,29],"current_hp_per_floor":[59,59,59,59,48,48,48,44,44,44,60,60,60,43,43,41,55,44,44,35,27,20,38,32,32,32,33,15,15,33,33,33,17,49,51,53,53,53,39,39,0],"gold":69,"neow_bonus":"THREE_ENEMY_KILL","is_prod":false,"is_daily":false,"chose_seed":false,"campfire_upgraded":6,"win_rate":0,"timestamp":1547288600,"path_taken":["M","M","?","$","?","R","E","M","T","?","?","R","$","E","R","BOSS","M","?","M","M","M","R","E","R","T","M","E","$","R","?","R","BOSS","M","M","?","$","M","R","E"],"build_version":"2019-01-10","purchased_purges":2,"victory":false,"max_hp_per_floor":[66,66,66,66,66,66,66,66,66,60,60,60,60,60,60,60,60,60,60,60,60,60,60,60,60,60,60,60,60,60,60,60,60,60,60,60,60,60,60,60,60],"card_choices":[{"not_picked":["Prepared","Expertise"],"picked":"Distraction","floor":1},{"not_picked":["Escape Plan","Dagger Throw"],"picked":"Masterful Stab","floor":2},{"not_picked":["Terror","Backflip"],"picked":"Deadly Poison","floor":7},{"not_picked":["Outmaneuver","Finisher"],"picked":"Blur","floor":8},{"not_picked":["Unload","Deflect"],"picked":"Bouncing Flask","floor":14},{"not_picked":["Night Terror","Tools of the Trade"],"picked":"Burst","floor":16},{"not_picked":["Calculated Gamble","Cloak And Dagger"],"picked":"Caltrops","floor":18},{"not_picked":["Outmaneuver","Underhanded Strike"],"picked":"Predator","floor":20},{"not_picked":["Sucker Punch","Prepared"],"picked":"Deadly Poison","floor":21},{"not_picked":["Poisoned Stab","Burst"],"picked":"Leg Sweep","floor":22},{"not_picked":["Dagger Throw","Slice"],"picked":"Catalyst","floor":24},{"not_picked":["Choke","Cloak And Dagger"],"picked":"Bouncing Flask","floor":27},{"not_picked":["Dash","Bane"],"picked":"Bullet Time","floor":28},{"not_picked":["Die Die Die","After Image"],"picked":"Corpse Explosion","floor":33},{"not_picked":["Poisoned Stab","Choke+1","Acrobatics"],"picked":"SKIP","floor":35},{"not_picked":["Prepared","Endless Agony+1","Predator"],"picked":"SKIP","floor":36},{"not_picked":["Reflex","Outmaneuver"],"picked":"Backflip","floor":39}],"player_experience":1089765,"relics_obtained":[{"floor":7,"key":"Meat on the Bone"},{"floor":9,"key":"Bag of Marbles"},{"floor":14,"key":"Bird Faced Urn"},{"floor":19,"key":"Potion Belt"},{"floor":24,"key":"Omamori"},{"floor":28,"key":"Happy Flower"}],"event_choices":[{"damage_healed":0,"gold_gain":0,"player_choice":"Box","damage_taken":0,"relics_obtained":["Juzu Bracelet"],"max_hp_gain":0,"max_hp_loss":0,"event_name":"Big Fish","floor":3,"gold_loss":0,"cards_obtained":["Regret"]},{"damage_healed":0,"gold_gain":0,"player_choice":"Success","damage_taken":11,"relics_obtained":["Lantern"],"max_hp_gain":0,"max_hp_loss":0,"event_name":"Scrap Ooze","floor":5,"gold_loss":0},{"damage_healed":0,"gold_gain":0,"player_choice":"Lose Max HP","damage_taken":0,"relics_obtained":["Golden Idol"],"max_hp_gain":0,"max_hp_loss":6,"event_name":"Golden Idol","floor":10,"gold_loss":0},{"cards_removed":["Masterful Stab"],"damage_healed":16,"gold_gain":0,"player_choice":"Offered Uncommon","damage_taken":0,"max_hp_gain":0,"max_hp_loss":0,"event_name":"Bonfire Elementals","floor":11,"gold_loss":0},{"damage_healed":0,"gold_gain":0,"player_choice":"Ignored","damage_taken":0,"max_hp_gain":0,"max_hp_loss":0,"event_name":"Ghosts","floor":31,"gold_loss":0},{"damage_healed":0,"gold_gain":0,"player_choice":"Got Potions","damage_taken":0,"max_hp_gain":0,"max_hp_loss":0,"event_name":"Lab","floor":37,"gold_loss":0}],"is_beta":false,"boss_relics":[{"not_picked":["White Beast Statue","Cursed Key"],"picked":"Snecko Eye"},{"not_picked":["Busted Crown","HoveringKite"],"picked":"Philosopher\u0027s Stone"}],"items_purged_floors":[4,38],"is_endless":false,"potions_floor_spawned":[1,8,18,21,28],"killed_by":"Reptomancer","ascension_level":20}