{"gold_per_floor":[111,122,196,33,47,47,81,81,107,23,36,51,84,159,159,236,236,249,249,97,97,69,69,96,96,96,96],"floor_reached":27,"playtime":1033,"items_purged":["Strike_G"],"score":528,"play_id":"81564ed4-efc1-4c01-bf29-2ffa43171ff1","local_time":"20190330184651","is_ascension_mode":true,"campfire_choices":[{"data":"Neutralize","floor":6,"key":"SMITH"},{"data":"Terror","floor":8,"key":"SMITH"},{"data":"Noxious Fumes","floor":15,"key":"SMITH"},{"data":"Crippling Poison","floor":23,"key":"SMITH"}],"neow_cost":"TEN_PERCENT_HP_LOSS","seed_source_timestamp":37406798407717,"circlet_count":0,"master_deck":["AscendersBane","Defend_G+1","Defend_G+1","Defend_G+1","Defend_G+1","Defend_G+1","Strike_G+1","Strike_G+1","Strike_G+1","Strike_G+1","Survivor+1","Neutralize+1","Die Die Die","Backstab","Finisher","Terror+1","Backflip","Well Laid Plans","Dash","Noxious Fumes+1","Crippling Poison+1","Wraith Form v2","Noxious Fumes","Catalyst","Footwork","RitualDagger","Leg Sweep"],"relics":["Ring of the Snake","Anchor","Centennial Puzzle","War Paint","Dodecahedron","Runic Pyramid","Frozen Egg 2","Du-Vu Doll"],"potions_floor_usage":[7,16,27,27],"damage_taken":[{"damage":1,"enemies":"Small Slimes","floor":1,"turns":5},{"damage":0,"enemies":"2 Louse","floor":2,"turns":2},{"damage":0,"enemies":"Jaw Worm","floor":5,"turns":2},{"damage":9,"enemies":"Lagavulin","floor":7,"turns":6},{"damage":5,"enemies":"Exordium Wildlife","floor":11,"turns":3},{"damage":0,"enemies":"Gremlin Gang","floor":12,"turns":1},{"damage":0,"enemies":"3 Sentries","floor":13,"turns":8},{"damage":27,"enemies":"The Guardian","floor":16,"turns":11},{"damage":2,"enemies":"Chosen","floor":18,"turns":6},{"damage":2,"enemies":"2 Thieves","floor":22,"turns":4},{"damage":33,"enemies":"Slavers","floor":24,"turns":7},{"damage":6,"enemies":"Gremlin Leader","floor":27,"turns":2}],"seed_played":"-4767856681001980980","potions_obtained":[{"floor":1,"key":"Dexterity Potion"},{"floor":2,"key":"SkillPotion"},{"floor":7,"key":"SkillPotion"},{"floor":16,"key":"Swift Potion"}],"is_trial":false,"path_per_floor":["M","M","?","$","M","R","E","R","T","$","M","M","E","?","R","B",null,"M","?","$","?","M","R","E","?","T","E"],"character_chosen":"THE_SILENT","items_purchased":["Anchor","Well Laid Plans","Footwork"],"campfire_rested":0,"item_purchase_floors":[4,10,20],"current_hp_per_floor":[58,58,58,58,58,58,49,49,49,49,44,44,44,33,33,6,47,45,45,45,39,37,37,4,4,4,0],"gold":96,"neow_bonus":"THREE_RARE_CARDS","is_prod":false,"is_daily":false,"chose_seed":false,"campfire_upgraded":4,"win_rate":0,"timestamp":1553968011,"path_taken":["M","M","?","$","M","R","E","R","T","$","M","M","E","?","R","BOSS","M","?","$","?","M","R","E","?","T","E"],"build_version":"2019-01-23","purchased_purges":1,"victory":false,"max_hp_per_floor":[60,60,60,60,60,60,60,60,60,60,60,60,60,60,60,60,60,60,60,60,60,60,60,60,60,60,60],"card_choices":[{"not_picked":["Night Terror","Venomology"],"picked":"Die Die Die","floor":0},{"not_picked":["Quick Slash","Masterful Stab"],"picked":"Backstab","floor":1},{"not_picked":["Outmaneuver","PiercingWail"],"picked":"Finisher","floor":2},{"not_picked":["PiercingWail","Skewer"],"picked":"Terror","floor":5},{"not_picked":["Grand Finale","Sucker Punch"],"picked":"Backflip","floor":7},{"not_picked":["Poisoned Stab","Dodge and Roll"],"picked":"Dash","floor":11},{"not_picked":["Bouncing Flask","Backflip"],"picked":"Noxious Fumes","floor":12},{"not_picked":["Flying Knee","All Out Attack"],"picked":"Crippling Poison","floor":13},{"not_picked":["Malaise","Night Terror"],"picked":"Wraith Form v2","floor":16},{"not_picked":["Dagger Spray+1","Riddle With Holes"],"picked":"Noxious Fumes","floor":18},{"not_picked":["Dodge and Roll","Deadly Poison"],"picked":"Leg Sweep","floor":22},{"not_picked":["Dagger Throw","Dagger Spray","Underhanded Strike"],"picked":"SKIP","floor":24}],"player_experience":1509575,"relics_obtained":[{"floor":7,"key":"Centennial Puzzle"},{"floor":9,"key":"War Paint"},{"floor":13,"key":"Dodecahedron"},{"floor":24,"key":"Frozen Egg 2"},{"floor":26,"key":"Du-Vu Doll"}],"event_choices":[{"damage_healed":0,"gold_gain":74,"player_choice":"Gained Gold","damage_taken":0,"max_hp_gain":0,"max_hp_loss":0,"event_name":"Golden Wing","floor":3,"gold_loss":0},{"damage_healed":0,"gold_gain":75,"player_choice":"Gather Gold","damage_taken":11,"max_hp_gain":0,"max_hp_loss":0,"event_name":"World of Goop","floor":14,"gold_loss":0},{"damage_healed":0,"gold_gain":0,"player_choice":"Read","damage_taken":0,"max_hp_gain":0,"max_hp_loss":0,"event_name":"The Library","floor":19,"gold_loss":0,"cards_obtained":["Catalyst"]},{"damage_healed":0,"gold_gain":0,"player_choice":"Joined the Cult","damage_taken":6,"max_hp_gain":0,"max_hp_loss":0,"event_name":"Nest","floor":21,"gold_loss":0,"cards_obtained":["RitualDagger"]},{"damage_healed":0,"gold_gain":0,"player_choice":"Simplicity","damage_taken":0,"max_hp_gain":0,"max_hp_loss":0,"event_name":"Back to Basics","floor":25,"gold_loss":0,"cards_upgraded":["Defend_G","Defend_G","Defend_G","Defend_G","Strike_G","Strike_G","Strike_G","Strike_G"]}],"is_beta":false,"boss_relics":[{"not_picked":["Empty Cage","Black Star"],"picked":"Runic Pyramid"}],"items_purged_floors":[20],"is_endless":false,"potions_floor_spawned":[1,2,7,12,16,18],"killed_by":"Gremlin Leader","ascension_level":20}