{"gold_per_floor":[112,112,187,34,50,50,50,50,50,50,65,90,90,129,129,129],"floor_reached":16,"playtime":452,"items_purged":[],"score":170,"play_id":"61d7e3e8-17b8-4c1a-8224-125ab91239d9","local_time":"20180922235305","is_ascension_mode":true,"campfire_choices":[{"data":"Inflame","floor":6,"key":"SMITH"},{"data":"Perfected Strike","floor":8,"key":"SMITH"},{"data":"Bash","floor":10,"key":"SMITH"},{"floor":15,"key":"REST"}],"neow_cost":"","seed_source_timestamp":9422036209507,"circlet_count":0,"master_deck":["Strike_R","Strike_R","Strike_R","Strike_R","Strike_R","Defend_R","Defend_R","Defend_R","Defend_R","Bash+1","AscendersBane","Inflame+1","Perfected Strike+1","Flex","Flex","Offering"],"relics":["Burning Blood","Bag of Marbles","Unceasing Top","Kunai","Golden Idol","Omamori"],"potions_floor_usage":[12,12],"damage_taken":[{"damage":5,"enemies":"Cultist","floor":1,"turns":5},{"damage":11,"enemies":"Jaw Worm","floor":5,"turns":4},{"damage":4,"enemies":"Small Slimes","floor":11,"turns":2},{"damage":15,"enemies":"Gremlin Nob","floor":12,"turns":3},{"damage":28,"enemies":"3 Sentries","floor":14,"turns":8},{"damage":54,"enemies":"The Guardian","floor":16,"turns":7}],"seed_played":"3051096578493385148","potions_obtained":[{"floor":1,"key":"Energy Potion"},{"floor":11,"key":"Swift Potion"}],"is_trial":false,"path_per_floor":["M","?","?","$","M","R","$","R","T","R","M","E","?","E","R"],"character_chosen":"IRONCLAD","items_purchased":["Bag of Marbles"],"campfire_rested":1,"item_purchase_floors":[4],"current_hp_per_floor":[73,73,62,62,57,57,57,57,57,57,59,50,50,28,50,0],"gold":129,"neow_bonus":"","is_prod":false,"is_daily":false,"chose_seed":false,"campfire_upgraded":3,"win_rate":0,"timestamp":1537653185,"path_taken":["M","?","?","$","M","R","$","R","T","R","M","E","?","E","R","BOSS"],"build_version":"2018-09-20","purchased_purges":0,"victory":false,"max_hp_per_floor":[80,80,80,80,80,80,80,80,80,80,80,80,74,74,74,74],"card_choices":[{"not_picked":["Rupture","Sword Boomerang"],"picked":"Inflame","floor":1},{"not_picked":["True Grit","Disarm"],"picked":"Perfected Strike","floor":5},{"not_picked":["Disarm","Clothesline"],"picked":"Flex","floor":11},{"not_picked":["Warcry","Havoc"],"picked":"Flex","floor":12},{"not_picked":["Carnage","Pommel Strike"],"picked":"Offering","floor":14}],"player_experience":482223,"relics_obtained":[{"floor":9,"key":"Unceasing Top"},{"floor":12,"key":"Kunai"},{"floor":14,"key":"Omamori"}],"event_choices":[{"event_name":"Golden Wing","player_choice":"Ignored","floor":2,"damage_taken":0},{"event_name":"World of Goop","player_choice":"Gather Gold","floor":3,"damage_taken":0},{"event_name":"Golden Idol","player_choice":"Lose Max HP","floor":13,"damage_taken":0}],"is_beta":true,"boss_relics":[],"items_purged_floors":[],"is_endless":false,"potions_floor_spawned":[1,11],"killed_by":"The Guardian","ascension_level":12}