{"gold_per_floor":[114,114,114,126,70,97,97,127,127,127],"floor_reached":10,"playtime":385,"items_purged":[],"score":148,"play_id":"ba7a18cd-25ef-48b2-9746-007c667e647f","local_time":"20190605004556","is_ascension_mode":true,"campfire_choices":[{"floor":7,"key":"REST"}],"neow_cost":"NONE","seed_source_timestamp":52132706375572,"circlet_count":0,"master_deck":["AscendersBane","Strike_B","Strike_B","Strike_B","Defend_B","Defend_B","Defend_B","Defend_B","Zap","Dualcast","Static Discharge","Lockon","Tempest","Reinforced Body","Electrodynamics"],"relics":["Cracked Core","Dodecahedron","Vajra","Strawberry","Smiling Mask"],"potions_floor_usage":[8,8],"damage_taken":[{"damage":4,"enemies":"Small Slimes","floor":1,"turns":3},{"damage":1,"enemies":"2 Louse","floor":4,"turns":2},{"damage":25,"enemies":"Lagavulin","floor":6,"turns":6},{"damage":25,"enemies":"3 Sentries","floor":8,"turns":6},{"damage":24,"enemies":"Jaw Worm","floor":10,"turns":3}],"seed_played":"-400871104916841672","potions_obtained":[{"floor":1,"key":"GamblersBrew"},{"floor":8,"key":"SpeedPotion"}],"is_trial":false,"path_per_floor":["M","?","?","M","$","E","R","E","T","M"],"character_chosen":"DEFECT","items_purchased":["AttackPotion"],"campfire_rested":1,"item_purchase_floors":[5],"current_hp_per_floor":[60,15,38,37,37,12,33,15,15,0],"gold":127,"neow_bonus":"TRANSFORM_CARD","is_prod":false,"is_daily":false,"chose_seed":false,"campfire_upgraded":0,"win_rate":0,"timestamp":1559688356,"path_taken":["M","?","?","M","$","E","R","E","T","M"],"build_version":"2019-01-23","purchased_purges":0,"victory":false,"max_hp_per_floor":[71,71,71,71,71,71,71,78,78,78],"card_choices":[{"not_picked":["Auto Shields","Conserve Battery"],"picked":"Lockon","floor":1},{"not_picked":["Blizzard","Hologram"],"picked":"Tempest","floor":4},{"not_picked":["Storm","Gash"],"picked":"Reinforced Body","floor":6},{"not_picked":["Tempest","Go for the Eyes"],"picked":"Electrodynamics","floor":8}],"player_experience":1719125,"relics_obtained":[{"floor":6,"key":"Vajra"},{"floor":8,"key":"Strawberry"},{"floor":9,"key":"Smiling Mask"}],"event_choices":[{"damage_healed":0,"gold_gain":0,"player_choice":"Success","damage_taken":45,"relics_obtained":["Dodecahedron"],"max_hp_gain":0,"max_hp_loss":0,"event_name":"Scrap Ooze","floor":2,"gold_loss":0},{"damage_healed":23,"gold_gain":0,"player_choice":"Banana","damage_taken":0,"max_hp_gain":0,"max_hp_loss":0,"event_name":"Big Fish","floor":3,"gold_loss":0}],"is_beta":false,"boss_relics":[],"items_purged_floors":[],"is_endless":false,"potions_floor_spawned":[1,8],"killed_by":"Jaw Worm","ascension_level":20}