{"gold_per_floor":[111,125,143,143,157,157,332,332,332,346,346,376,376,376,376,475,475,464,477,164,182,182,182,232,55,109,144,84,102,102,113,113,218,268,278,278,298,298],"floor_reached":38,"playtime":1253,"items_purged":["Doubt","Strike_B"],"score":394,"play_id":"f88ac3d5-09bd-4329-9497-279f3464fa07","local_time":"20190707233420","is_ascension_mode":false,"campfire_choices":[{"data":"White Noise","floor":6.0,"key":"SMITH"},{"floor":8.0,"key":"RECALL"},{"floor":13.0,"key":"REST"},{"floor":15.0,"key":"REST"},{"floor":23,"key":"REST"},{"floor":30,"key":"REST"},{"floor":32,"key":"REST"}],"neow_cost":"NONE","seed_source_timestamp":1818521813947243,"circlet_count":0,"master_deck":["Strike_B+1","Strike_B","Strike_B","Defend_B","Defend_B","Defend_B","Defend_B","Zap+1","Dualcast+1","White Noise","Leap","Chill","White Noise+1","Capacitor+1","Force Field","Amplify","Barrage+1","Mayhem+1","Static Discharge+1","Ball Lightning","Storm+1","Leap","Blizzard","Reinforced Body+1","Defragment+1","Echo Form+1","Conserve Battery","Leap+1","Aggregate+1"],"special_seed":0,"relics":["Cracked Core","Happy Flower","Letter Opener","Potion Belt","Frozen Egg 2","Eternal Feather","Dream Catcher","The Courier","Tiny House"],"potions_floor_usage":[18,21,29,29,33,38],"damage_taken":[{"damage":7.0,"enemies":"2 Louse","floor":1.0,"turns":3.0},{"damage":8.0,"enemies":"Jaw Worm","floor":2.0,"turns":3.0},{"damage":7.0,"enemies":"Small Slimes","floor":3.0,"turns":3.0},{"damage":3.0,"enemies":"Looter","floor":5.0,"turns":3.0},{"damage":0.0,"enemies":"Exordium Thugs","floor":10.0,"turns":3.0},{"damage":18.0,"enemies":"3 Sentries","floor":12.0,"turns":6.0},{"damage":44.0,"enemies":"Slime Boss","floor":16.0,"turns":11.0},{"damage":31,"enemies":"2 Thieves","floor":18,"turns":4},{"damage":6,"enemies":"Chosen","floor":19,"turns":5},{"damage":21,"enemies":"Snake Plant","floor":21,"turns":3},{"damage":36,"enemies":"Slavers","floor":27,"turns":4},{"damage":0,"enemies":"Cultist and Chosen","floor":29,"turns":4},{"damage":4,"enemies":"Shelled Parasite and Fungi","floor":31,"turns":3},{"damage":26,"enemies":"Collector","floor":33,"turns":8},{"damage":16,"enemies":"Orb Walker","floor":35,"turns":3},{"damage":34,"enemies":"3 Shapes","floor":37,"turns":5},{"damage":39,"enemies":"Sphere and 2 Shapes","floor":38,"turns":5}],"seed_played":"8371900414010710678","potions_obtained":[{"floor":2.0,"key":"Block Potion"},{"floor":5.0,"key":"Energy Potion"},{"floor":12.0,"key":"Fire Potion"},{"floor":16.0,"key":"SteroidPotion"},{"floor":19,"key":"SpeedPotion"},{"floor":27,"key":"FocusPotion"},{"floor":29,"key":"PowerPotion"},{"floor":34,"key":"FearPotion"},{"floor":37,"key":"Energy Potion"}],"is_trial":false,"path_per_floor":["M","M","M","?","M","R","?","R","T","M","?","E","R","T","R","B",null,"M","M","$","M","?","R","?","$","T","E","$","M","R","M","R","B",null,"M","?","M","M"],"character_chosen":"DEFECT","items_purchased":["Mayhem+1","Static Discharge+1","Storm+1","Blizzard"],"campfire_rested":5,"item_purchase_floors":[20,20,25,28],"current_hp_per_floor":[68,60,53,53,50,50,50,50,50,50,35,17,39,39,61,17,75,44,38,38,17,3,39,39,39,39,3,3,3,42,38,77,51,85,69,69,35,0],"gold":298,"neow_bonus":"RANDOM_COMMON_RELIC","is_prod":false,"is_daily":false,"chose_seed":false,"campfire_upgraded":1,"win_rate":0,"timestamp":1562510060,"path_taken":["M","M","M","?","M","R","?","R","T","M","?","E","R","?","R","BOSS","M","M","$","M","?","R","?","$","T","E","$","M","R","M","R","BOSS","M","?","M","M"],"build_version":"2019-07-05","purchased_purges":2,"victory":false,"max_hp_per_floor":[75,75,75,75,75,75,75,75,75,75,75,75,75,75,75,75,75,75,75,75,75,80,80,80,80,80,80,80,80,80,80,80,80,85,85,85,85,85],"card_choices":[{"not_picked":["Barrage","Steam"],"picked":"White Noise","floor":1.0},{"not_picked":["Aggregate","Rebound"],"picked":"Leap","floor":2.0},{"not_picked":["Conserve Battery","Streamline"],"picked":"Chill","floor":3.0},{"not_picked":["Steam","Coolheaded"],"picked":"White Noise","floor":5.0},{"not_picked":["Compile Driver","Beam Cell"],"picked":"Capacitor","floor":10.0},{"not_picked":["Melter","Redo"],"picked":"Force Field","floor":12.0},{"not_picked":["All For One","Buffer+1"],"picked":"Amplify","floor":16.0},{"not_picked":["Melter","Redo"],"picked":"Barrage+1","floor":18},{"not_picked":["Compile Driver","Gash"],"picked":"Ball Lightning","floor":19},{"not_picked":["Scrape+1","Recycle+1"],"picked":"Ball Lightning","floor":21},{"not_picked":["Skim","Steam"],"picked":"Leap","floor":27},{"not_picked":["Turbo","Fission"],"picked":"Reinforced Body+1","floor":29},{"not_picked":["Sweeping Beam+1","Redo"],"picked":"Defragment+1","floor":30},{"not_picked":["Rebound","Skim","Redo"],"picked":"SKIP","floor":31},{"not_picked":["Meteor Strike","Fission"],"picked":"Echo Form+1","floor":33},{"not_picked":["Turbo","Sweeping Beam"],"picked":"Conserve Battery","floor":34},{"not_picked":["Ball Lightning","Double Energy+1"],"picked":"Leap+1","floor":35},{"not_picked":["Barrage+1","Stack"],"picked":"Aggregate+1","floor":37}],"player_experience":211859,"relics_obtained":[{"floor":9.0,"key":"Letter Opener"},{"floor":12.0,"key":"Potion Belt"},{"floor":14.0,"key":"Frozen Egg 2"},{"floor":26,"key":"Dream Catcher"},{"floor":27,"key":"The Courier"}],"event_choices":[{"damage_healed":0.0,"max_hp_gain":0.0,"max_hp_loss":0.0,"gold_gain":0.0,"event_name":"Living Wall","player_choice":"Grow","floor":4.0,"gold_loss":0.0,"damage_taken":0.0,"cards_upgraded":["Zap"]},{"damage_healed":0.0,"max_hp_gain":0.0,"max_hp_loss":0.0,"gold_gain":175.0,"event_name":"Liars Game","player_choice":"AGREE","floor":7.0,"gold_loss":0.0,"damage_taken":0.0,"cards_obtained":["Doubt"]},{"damage_healed":0.0,"max_hp_gain":0.0,"max_hp_loss":0.0,"gold_gain":0.0,"event_name":"Shining Light","player_choice":"Entered Light","floor":11.0,"gold_loss":0.0,"damage_taken":15.0,"cards_upgraded":["Dualcast","Strike_B"]},{"damage_healed":0,"gold_gain":0,"player_choice":"Shed Blood","damage_taken":19,"max_hp_gain":5,"max_hp_loss":0,"event_name":"Forgotten Altar","floor":22,"gold_loss":0},{"damage_healed":0,"gold_gain":100,"player_choice":"Bet on Murderer","damage_taken":0,"max_hp_gain":0,"max_hp_loss":0,"event_name":"The Joust","floor":24,"gold_loss":50},{"cards_removed":["Ball Lightning"],"damage_healed":0,"gold_gain":0,"player_choice":"Removed Attack","damage_taken":0,"max_hp_gain":0,"max_hp_loss":0,"event_name":"Falling","floor":36,"gold_loss":0}],"is_beta":false,"boss_relics":[{"not_picked":["Runic Pyramid","Cursed Key"],"picked":"Eternal Feather"},{"not_picked":["Black Star","Sozu"],"picked":"Tiny House"}],"items_purged_floors":[20,25],"is_endless":false,"potions_floor_spawned":[2,5,12,16,19,27,29,37],"killed_by":"Sphere and 2 Shapes","ascension_level":0}