{"gold_per_floor":[118,118,136,154,128,139,172,185,240,259,259,291,291,321,321,426,426,442,85,85,85,104,4,4,4],"floor_reached":25,"playtime":1929,"items_purged":["Pain","Shame"],"score":317,"play_id":"8f622752-6c29-4e4d-bed3-6a86d0efc629","local_time":"20190424074354","is_ascension_mode":true,"campfire_choices":[{"floor":11,"key":"REST"},{"data":"Zap","floor":13,"key":"SMITH"},{"data":"Beam Cell","floor":15,"key":"SMITH"}],"neow_cost":"NONE","seed_source_timestamp":890476348184939,"circlet_count":0,"master_deck":["AscendersBane","Strike_B","Strike_B","Strike_B","Defend_B","Defend_B","Defend_B","Defend_B","Zap+1","Dualcast","Beam Cell+1","Lockon","Glacier","Conserve Battery","Rip and Tear","Lockon","Loop","Stack","Glacier","Capacitor","Ball Lightning","Echo Form","Shame","Seek","Defragment+1"],"relics":["Cracked Core","Dream Catcher","Tiny Chest","Boot","Odd Mushroom","Calling Bell","PreservedInsect","Mummified Hand","Bird Faced Urn","Frozen Egg 2"],"potions_floor_usage":[7,16,25],"damage_taken":[{"damage":0,"enemies":"Small Slimes","floor":1,"turns":3},{"damage":1,"enemies":"Cultist","floor":3,"turns":3},{"damage":0,"enemies":"2 Louse","floor":4,"turns":2},{"damage":2,"enemies":"Large Slime","floor":6,"turns":5},{"damage":18,"enemies":"Gremlin Nob","floor":7,"turns":6},{"damage":1,"enemies":"Looter","floor":8,"turns":3},{"damage":1,"enemies":"2 Fungi Beasts","floor":10,"turns":2},{"damage":14,"enemies":"Lagavulin","floor":12,"turns":7},{"damage":11,"enemies":"The Mushroom Lair","floor":14,"turns":4},{"damage":19,"enemies":"Hexaghost","floor":16,"turns":11},{"damage":18,"enemies":"Shell Parasite","floor":18,"turns":6},{"damage":0,"enemies":"Chosen","floor":22,"turns":5},{"damage":68,"enemies":"Gremlin Leader","floor":25,"turns":7}],"seed_played":"2108706786550126908","potions_obtained":[{"floor":1,"key":"Ancient Potion"},{"floor":3,"key":"Ancient Potion"},{"floor":8,"key":"Dexterity Potion"},{"floor":16,"key":"Swift Potion"},{"floor":22,"key":"FearPotion"}],"is_trial":false,"path_per_floor":["M","?","M","M","$","M","E","M","T","M","R","E","R","?","R","B",null,"M","$","?","?","M","$","?","E"],"character_chosen":"DEFECT","items_purchased":["Conserve Battery","Frozen Egg 2","Defragment+1"],"campfire_rested":1,"item_purchase_floors":[5,19,19],"current_hp_per_floor":[75,75,74,74,74,72,54,53,53,52,76,62,62,51,51,32,70,54,54,54,54,58,58,58,0],"gold":4,"neow_bonus":"TEN_PERCENT_HP_BONUS","is_prod":false,"is_daily":false,"chose_seed":false,"campfire_upgraded":2,"win_rate":0,"timestamp":1556117034,"path_taken":["M","?","M","M","$","M","E","?","T","M","R","E","R","?","R","BOSS","M","$","?","?","M","$","?","E"],"build_version":"2019-01-23","purchased_purges":2,"victory":false,"max_hp_per_floor":[82,82,82,82,82,82,82,82,82,82,82,82,82,82,82,82,82,82,82,82,82,82,82,82,82],"card_choices":[{"not_picked":["Force Field","Coolheaded"],"picked":"Beam Cell","floor":1},{"not_picked":["Recycle","Hello World"],"picked":"Lockon","floor":3},{"not_picked":["Leap","Scrape"],"picked":"Glacier","floor":4},{"not_picked":["Heatsinks","Beam Cell"],"picked":"Rip and Tear","floor":6},{"not_picked":["Streamline","Doom and Gloom"],"picked":"Lockon","floor":7},{"not_picked":["Cold Snap","Steam"],"picked":"Loop","floor":8},{"not_picked":["Barrage","Force Field"],"picked":"Stack","floor":10},{"not_picked":["Stack","Gash"],"picked":"Glacier","floor":11},{"not_picked":["Turbo","Auto Shields"],"picked":"Capacitor","floor":12},{"not_picked":["Reprogram","Recycle"],"picked":"Ball Lightning","floor":14},{"not_picked":["Creative AI","Buffer"],"picked":"Echo Form","floor":16},{"not_picked":["Beam Cell+1","Turbo"],"picked":"Seek","floor":18},{"not_picked":["Streamline","Coolheaded","Reprogram"],"picked":"SKIP","floor":22}],"player_experience":602263,"relics_obtained":[{"floor":7,"key":"Dream Catcher"},{"floor":9,"key":"Tiny Chest"},{"floor":12,"key":"Boot"},{"floor":14,"key":"Odd Mushroom"},{"floor":17,"key":"PreservedInsect"},{"floor":17,"key":"Mummified Hand"},{"floor":17,"key":"Bird Faced Urn"}],"event_choices":[{"cards_removed":["Strike_B"],"damage_healed":0,"gold_gain":0,"player_choice":"Offered Basic","damage_taken":0,"max_hp_gain":0,"max_hp_loss":0,"event_name":"Bonfire Elementals","floor":2,"gold_loss":0},{"damage_healed":0,"gold_gain":0,"player_choice":"Fought Mushrooms","damage_taken":0,"max_hp_gain":0,"max_hp_loss":0,"event_name":"Mushrooms","floor":14,"gold_loss":0},{"damage_healed":0,"gold_gain":0,"player_choice":"Ignored","damage_taken":0,"max_hp_gain":0,"max_hp_loss":0,"event_name":"Beggar","floor":21,"gold_loss":0},{"damage_healed":0,"gold_gain":0,"player_choice":"Ignored","damage_taken":0,"max_hp_gain":0,"max_hp_loss":0,"event_name":"The Mausoleum","floor":24,"gold_loss":0}],"is_beta":false,"boss_relics":[{"not_picked":["White Beast Statue","Eternal Feather"],"picked":"Calling Bell"}],"items_purged_floors":[19,23],"is_endless":false,"potions_floor_spawned":[1,3,8,16,22],"killed_by":"Gremlin Leader","ascension_level":10}