{"gold_per_floor":[109,109,119,130,144,144,173,193,218,229,229,257,276,276,276,350,350,364,364,383,743,180,180,191,218,218,237,237],"floor_reached":28,"playtime":1115,"items_purged":["Strike_G"],"score":529,"play_id":"1d9a3c88-3672-416a-b361-f24f487049e7","local_time":"20190902162351","is_ascension_mode":true,"campfire_choices":[{"data":"Skewer","floor":6.0,"key":"SMITH"},{"floor":11.0,"key":"REST"},{"floor":15.0,"key":"REST"},{"floor":23.0,"key":"REST"}],"neow_cost":"PERCENT_DAMAGE","seed_source_timestamp":113903995319539,"circlet_count":0,"master_deck":["AscendersBane","Strike_G","Strike_G","Defend_G","Defend_G","Defend_G+1","Defend_G+1","Defend_G","Survivor","Neutralize","Well Laid Plans","Poisoned Stab","Deadly Poison","Skewer+1","Leg Sweep","Bane","Poisoned Stab","Poisoned Stab","Poisoned Stab+1","Footwork","Footwork","Dodge and Roll","PiercingWail+1","Injury","Distraction"],"special_seed":0,"relics":["Ring of the Snake","Bird Faced Urn","PreservedInsect","Bag of Preparation","Cursed Key","War Paint","Art of War","Anchor","Dream Catcher"],"potions_floor_usage":[],"damage_taken":[{"damage":9.0,"enemies":"2 Louse","floor":1.0,"turns":3.0},{"damage":2.0,"enemies":"Cultist","floor":3.0,"turns":5.0},{"damage":1.0,"enemies":"Small Slimes","floor":4.0,"turns":5.0},{"damage":0.0,"enemies":"Blue Slaver","floor":5.0,"turns":4.0},{"damage":42.0,"enemies":"Lagavulin","floor":7.0,"turns":7.0},{"damage":0.0,"enemies":"Large Slime","floor":8.0,"turns":6.0},{"damage":0.0,"enemies":"Gremlin Gang","floor":10.0,"turns":5.0},{"damage":6.0,"enemies":"Gremlin Nob","floor":12.0,"turns":3.0},{"damage":0.0,"enemies":"2 Fungi Beasts","floor":13.0,"turns":3.0},{"damage":12.0,"enemies":"The Guardian","floor":16.0,"turns":9.0},{"damage":13.0,"enemies":"Spheric Guardian","floor":18.0,"turns":4.0},{"damage":0.0,"enemies":"3 Byrds","floor":20.0,"turns":7.0},{"damage":21.0,"enemies":"Cultist and Chosen","floor":24.0,"turns":8.0},{"damage":20,"enemies":"Slavers","floor":25,"turns":5},{"damage":6,"enemies":"Snecko","floor":27,"turns":6},{"damage":31,"enemies":"Gremlin Leader","floor":28,"turns":4}],"seed_played":"-1080152303759619407","potions_obtained":[{"floor":4.0,"key":"Energy Potion"},{"floor":5.0,"key":"AttackPotion"},{"floor":8.0,"key":"Ancient Potion"}],"is_trial":false,"path_per_floor":["M","?","M","M","M","R","E","M","T","M","R","E","M","?","R","B",null,"M","?","M","?","$","R","M","E","T","M","E"],"character_chosen":"THE_SILENT","items_purchased":["Footwork","SpeedPotion","War Paint","Dodge and Roll","Art of War"],"campfire_rested":3,"item_purchase_floors":[22,22,22,22,22],"current_hp_per_floor":[47,47,45,44,44,44,2,4,4,6,29,25,27,20,43,33,67,56,56,60,25,25,48,33,17,17,17,0],"gold":237,"neow_bonus":"TWENTY_PERCENT_HP_BONUS","is_prod":false,"is_daily":false,"chose_seed":false,"campfire_upgraded":1,"win_rate":0,"timestamp":1567434231,"path_taken":["M","?","M","M","M","R","E","?","T","M","R","E","M","?","R","BOSS","M","?","M","?","$","R","?","E","T","M","E"],"build_version":"2019-07-17","purchased_purges":1,"victory":false,"max_hp_per_floor":[78,78,78,78,78,78,78,78,78,78,78,78,78,78,78,78,78,78,78,78,78,78,78,78,78,78,78,78],"card_choices":[{"not_picked":["Outmaneuver","Eviscerate"],"picked":"Well Laid Plans","floor":1.0},{"not_picked":["Acrobatics","PiercingWail"],"picked":"Poisoned Stab","floor":3.0},{"not_picked":["Bane","Quick Slash"],"picked":"Deadly Poison","floor":4.0},{"not_picked":["Underhanded Strike","All Out Attack"],"picked":"Skewer","floor":5.0},{"not_picked":["Backflip","Choke"],"picked":"Leg Sweep","floor":7.0},{"not_picked":["Bane","Outmaneuver","Acrobatics"],"picked":"SKIP","floor":8.0},{"not_picked":["Outmaneuver","Acrobatics"],"picked":"Bane","floor":8.0},{"not_picked":["Underhanded Strike","Acrobatics"],"picked":"Poisoned Stab","floor":10.0},{"not_picked":["Caltrops","Underhanded Strike"],"picked":"Poisoned Stab","floor":12.0},{"not_picked":["Flechettes","Envenom","Quick Slash"],"picked":"SKIP","floor":13.0},{"not_picked":["Escape Plan","Blade Dance"],"picked":"Poisoned Stab+1","floor":18.0},{"not_picked":["Reflex","Quick Slash","Flechettes"],"picked":"SKIP","floor":20.0},{"not_picked":["Dagger Spray","Quick Slash","Poisoned Stab"],"picked":"SKIP","floor":24.0},{"not_picked":["Dagger Throw","Distraction"],"picked":"PiercingWail+1","floor":25},{"not_picked":["Accuracy","Deadly Poison"],"picked":"Distraction","floor":27}],"player_experience":1997453,"relics_obtained":[{"floor":7.0,"key":"Bird Faced Urn"},{"floor":9.0,"key":"PreservedInsect"},{"floor":12.0,"key":"Bag of Preparation"},{"floor":25,"key":"Anchor"},{"floor":26,"key":"Dream Catcher"}],"event_choices":[{"cards_removed":["Strike_G"],"damage_healed":0.0,"max_hp_gain":0.0,"max_hp_loss":0.0,"gold_gain":0.0,"event_name":"Bonfire Elementals","player_choice":"Offered Basic","floor":2.0,"gold_loss":0.0,"damage_taken":0.0},{"cards_removed":["Strike_G"],"damage_healed":0.0,"max_hp_gain":0.0,"max_hp_loss":0.0,"gold_gain":0.0,"event_name":"Golden Wing","player_choice":"Card Removal","floor":14.0,"gold_loss":0.0,"damage_taken":7.0},{"damage_healed":0.0,"max_hp_gain":0.0,"max_hp_loss":0.0,"gold_gain":0.0,"event_name":"The Library","player_choice":"Read","floor":19.0,"gold_loss":0.0,"damage_taken":0.0,"cards_obtained":["Footwork"]},{"damage_healed":0.0,"max_hp_gain":0.0,"max_hp_loss":0.0,"gold_gain":360.0,"event_name":"Knowing Skull","player_choice":"GOLD GOLD GOLD GOLD ","floor":21.0,"potions_obtained":[],"gold_loss":0.0,"damage_taken":35.0,"cards_obtained":[]}],"is_beta":false,"boss_relics":[{"not_picked":["Pandora\u0027s Box","Tiny House"],"picked":"Cursed Key"}],"items_purged_floors":[22],"is_endless":false,"potions_floor_spawned":[4,5,8,24],"killed_by":"Gremlin Leader","ascension_level":20}