{"gold_per_floor":[113,129,146,146,165,165,176,202,202,221,221],"floor_reached":11,"playtime":448,"items_purged":[],"score":154,"play_id":"b445d4d0-4c0d-4554-8c3a-b6d1fd242b3d","local_time":"20190413222758","is_ascension_mode":true,"campfire_choices":[{"data":"Twin Strike","floor":6,"key":"SMITH"}],"neow_cost":"TEN_PERCENT_HP_LOSS","seed_source_timestamp":18366454009382,"circlet_count":0,"master_deck":["AscendersBane","Strike_R","Strike_R","Strike_R","Strike_R","Strike_R","Defend_R","Defend_R","Defend_R","Defend_R","Bash+1","Brutality","Thunderclap","Twin Strike+1","Disarm","True Grit","Corruption","Rampage"],"relics":["Burning Blood","Dream Catcher","Ornamental Fan"],"potions_floor_usage":[8,10,10,11],"damage_taken":[{"damage":2,"enemies":"2 Louse","floor":1,"turns":5},{"damage":8,"enemies":"Cultist","floor":2,"turns":4},{"damage":10,"enemies":"Jaw Worm","floor":3,"turns":5},{"damage":24,"enemies":"Large Slime","floor":5,"turns":6},{"damage":9,"enemies":"Looter","floor":7,"turns":4},{"damage":29,"enemies":"Lagavulin","floor":8,"turns":5},{"damage":0,"enemies":"Gremlin Gang","floor":10,"turns":3},{"damage":25,"enemies":"3 Sentries","floor":11,"turns":3}],"seed_played":"4927262501821569437","potions_obtained":[{"floor":2,"key":"Explosive Potion"},{"floor":5,"key":"Energy Potion"},{"floor":8,"key":"PowerPotion"},{"floor":10,"key":"Explosive Potion"}],"is_trial":false,"path_per_floor":["M","M","M","?","M","R","M","E","T","M","E"],"character_chosen":"IRONCLAD","items_purchased":[],"campfire_rested":0,"item_purchase_floors":[],"current_hp_per_floor":[68,66,62,62,44,44,41,18,18,24,0],"gold":221,"neow_bonus":"THREE_RARE_CARDS","is_prod":false,"is_daily":false,"chose_seed":false,"campfire_upgraded":1,"win_rate":0,"timestamp":1555187278,"path_taken":["M","M","M","?","?","R","M","E","T","?","E"],"build_version":"2019-01-23","purchased_purges":0,"victory":false,"max_hp_per_floor":[68,68,68,68,68,68,68,68,68,68,68],"card_choices":[{"not_picked":["Barricade","Berserk"],"picked":"Brutality","floor":0},{"not_picked":["Cleave","Havoc"],"picked":"Thunderclap","floor":1},{"not_picked":["Dual Wield","Second Wind","Seeing Red"],"picked":"SKIP","floor":2},{"not_picked":["Pommel Strike","Cleave"],"picked":"Twin Strike","floor":3},{"not_picked":["Intimidate","Ghostly Armor"],"picked":"Disarm","floor":5},{"not_picked":["Havoc","Flex"],"picked":"True Grit","floor":7},{"not_picked":["Blood for Blood","Clash"],"picked":"Corruption","floor":8},{"not_picked":["Headbutt","Sword Boomerang"],"picked":"Rampage","floor":10}],"player_experience":1597473,"relics_obtained":[{"floor":8,"key":"Dream Catcher"},{"floor":9,"key":"Ornamental Fan"}],"event_choices":[{"damage_healed":0,"gold_gain":0,"player_choice":"Upgraded","damage_taken":0,"max_hp_gain":0,"max_hp_loss":0,"event_name":"Upgrade Shrine","floor":4,"gold_loss":0,"cards_upgraded":["Bash"]}],"is_beta":false,"boss_relics":[],"items_purged_floors":[],"is_endless":false,"potions_floor_spawned":[2,5,8,10],"killed_by":"3 Sentries","ascension_level":20}