{"gold_per_floor":[218,218,32,32,32,32,67,67,90,124,144,159,173,207,207,207],"floor_reached":16,"playtime":510,"items_purged":[],"score":236,"play_id":"3a4538ab-af6b-41a1-8bd6-6eecbe3e69d1","local_time":"20190226223300","is_ascension_mode":true,"campfire_choices":[{"data":"Shrug It Off","floor":6,"key":"SMITH"},{"data":"Disarm","floor":8,"key":"SMITH"},{"data":"Rampage","floor":15,"key":"SMITH"}],"neow_cost":"PERCENT_DAMAGE","seed_source_timestamp":41201338277789,"circlet_count":0,"master_deck":["AscendersBane","Strike_R","Strike_R","Strike_R","Strike_R","Strike_R","Defend_R","Defend_R","Defend_R","Defend_R","Bash+1","Immolate+1","Headbutt","Shrug It Off+1","Disarm+1","True Grit","Reaper","Inflame","Rampage+1","Warcry"],"relics":["Burning Blood","infinitespire:BottledMercury","Orichalcum","infinitespire:Lucky Rock","Art of War","hubris:ChampionShield","hubris:MysteriousPyramids"],"potions_floor_usage":[7,16,16],"damage_taken":[{"damage":10,"enemies":"Small Slimes","floor":1,"turns":4},{"damage":23,"enemies":"Lagavulin","floor":7,"turns":6},{"damage":4,"enemies":"3 Sentries","floor":10,"turns":2},{"damage":1,"enemies":"Cultist","floor":11,"turns":4},{"damage":0,"enemies":"2 Louse","floor":12,"turns":3},{"damage":6,"enemies":"Exordium Thugs","floor":13,"turns":4},{"damage":24,"enemies":"Lagavulin","floor":14,"turns":6},{"damage":40,"enemies":"Slime Boss","floor":16,"turns":7}],"seed_played":"7740300797212247849","potions_obtained":[{"floor":1,"key":"Regen Potion"},{"floor":12,"key":"AttackPotion"},{"floor":13,"key":"AttackPotion"}],"is_trial":false,"path_per_floor":["M","?","$","?","?","R","E","R","T","E","M","M","M","E","R","B"],"character_chosen":"IRONCLAD","items_purchased":["Shrug It Off","Orichalcum"],"campfire_rested":0,"item_purchase_floors":[3,3],"current_hp_per_floor":[46,35,35,35,35,35,32,32,32,34,39,53,53,35,35,0],"gold":207,"neow_bonus":"THREE_RARE_CARDS","is_prod":false,"is_daily":false,"chose_seed":false,"campfire_upgraded":3,"win_rate":0,"timestamp":1551216780,"path_taken":["M","?","$","?","?","R","E","R","T","E","M","?","?","E","R","BOSS"],"build_version":"2019-01-23","purchased_purges":0,"victory":false,"max_hp_per_floor":[75,75,75,75,75,75,75,75,75,75,75,75,75,75,75,75],"card_choices":[{"not_picked":["Dark Embrace","hubris:StunningStrike"],"picked":"Immolate","floor":0},{"not_picked":["Searing Blow","Heavy Blade"],"picked":"Headbutt","floor":1},{"not_picked":["Dropkick","Perfected Strike"],"picked":"Disarm","floor":7},{"not_picked":["Whirlwind","Heavy Blade"],"picked":"True Grit","floor":10},{"not_picked":["hubris:CleavingFinish","Wild Strike"],"picked":"Reaper","floor":11},{"not_picked":["Thunderclap","Clothesline"],"picked":"Inflame","floor":12},{"not_picked":["Carnage","Thunderclap"],"picked":"Rampage","floor":13},{"not_picked":["Combust","hubris:CleavingFinish"],"picked":"Warcry","floor":14}],"player_experience":1336762,"relics_obtained":[{"floor":7,"key":"infinitespire:Lucky Rock"},{"floor":9,"key":"Art of War"},{"floor":10,"key":"hubris:ChampionShield"},{"floor":14,"key":"hubris:MysteriousPyramids"}],"event_choices":[{"damage_healed":0,"gold_gain":0,"player_choice":"Success","damage_taken":11,"relics_obtained":["infinitespire:BottledMercury"],"max_hp_gain":0,"max_hp_loss":0,"event_name":"Scrap Ooze","floor":2,"gold_loss":0},{"damage_healed":0,"gold_gain":0,"player_choice":"Upgraded","damage_taken":0,"max_hp_gain":0,"max_hp_loss":0,"event_name":"Upgrade Shrine","floor":5,"gold_loss":0,"cards_upgraded":["Bash"]}],"is_beta":false,"boss_relics":[],"items_purged_floors":[],"is_endless":false,"potions_floor_spawned":[1,12,13],"killed_by":"Slime Boss","ascension_level":20}