{"gold_per_floor":[113,56,76,0,0,30,47,47,98,98,131,146,172,186,186,260,260,279,51,51,64,64,94,94,94],"floor_reached":25,"playtime":666,"items_purged":[],"score":628,"play_id":"3b6b9e79-1f90-4009-ba38-e979358831ac","local_time":"20190702230235","is_ascension_mode":true,"campfire_choices":[{"data":"Zap","floor":8,"key":"SMITH"},{"data":"Genetic Algorithm","floor":10,"key":"SMITH"},{"data":"Coolheaded","floor":15,"key":"SMITH"},{"floor":24,"key":"REST"}],"neow_cost":"NONE","seed_source_timestamp":132841939283702,"circlet_count":0,"master_deck":["AscendersBane","Strike_B","Strike_B","Strike_B","Defend_B","Defend_B","Defend_B","Defend_B","Zap+1","Dualcast","Conserve Battery","Ball Lightning","Defragment+1","Genetic Algorithm+1","Loop","Compile Driver","Coolheaded+1","Cold Snap","Ball Lightning","Rainbow","Capacitor","Force Field","Chill","Doom and Gloom","Recycle+1"],"relics":["Cracked Core","NeowsBlessing","Lantern","Cables","Art of War","Omamori","Oddly Smooth Stone","Sozu","ClockworkSouvenir","Peace Pipe"],"potions_floor_usage":[11,23,25],"damage_taken":[{"damage":0,"enemies":"Cultist","floor":1,"turns":1},{"damage":0,"enemies":"Jaw Worm","floor":3,"turns":1},{"damage":0,"enemies":"3 Sentries","floor":6,"turns":1},{"damage":0,"enemies":"Small Slimes","floor":7,"turns":2},{"damage":24,"enemies":"Gremlin Nob","floor":11,"turns":4},{"damage":5,"enemies":"Red Slaver","floor":12,"turns":3},{"damage":9,"enemies":"Lagavulin","floor":13,"turns":6},{"damage":0,"enemies":"Blue Slaver","floor":14,"turns":2},{"damage":0,"enemies":"Hexaghost","floor":16,"turns":9},{"damage":10,"enemies":"2 Thieves","floor":18,"turns":3},{"damage":1,"enemies":"Shell Parasite","floor":21,"turns":6},{"damage":43,"enemies":"Slavers","floor":23,"turns":7},{"damage":42,"enemies":"Gremlin Leader","floor":25,"turns":5}],"seed_played":"-5721809195291802254","potions_obtained":[{"floor":6,"key":"SneckoOil"},{"floor":7,"key":"Weak Potion"},{"floor":12,"key":"PowerPotion"},{"floor":13,"key":"FearPotion"}],"is_trial":false,"path_per_floor":["M","?","M","$","?","E","M","R","T","R","E","M","E","M","R","B",null,"M","$","?","M","?","E","R","E"],"character_chosen":"DEFECT","items_purchased":["Defragment","ClockworkSouvenir"],"campfire_rested":1,"item_purchase_floors":[4,19],"current_hp_per_floor":[64,64,64,64,64,64,64,64,64,64,40,35,26,26,26,26,60,50,50,50,49,49,6,27,0],"gold":94,"neow_bonus":"THREE_ENEMY_KILL","is_prod":false,"is_daily":false,"chose_seed":false,"campfire_upgraded":3,"win_rate":0,"timestamp":1562101355,"path_taken":["M","?","?","$","?","E","M","R","T","R","E","M","E","M","R","BOSS","M","$","?","?","?","E","R","E"],"build_version":"2019-07-01","purchased_purges":0,"victory":false,"max_hp_per_floor":[71,71,71,71,71,71,71,71,71,71,71,71,71,71,71,71,71,71,71,71,71,71,71,71,71],"card_choices":[{"not_picked":["Go for the Eyes","Capacitor"],"picked":"Conserve Battery","floor":1},{"not_picked":["Turbo","FTL"],"picked":"Ball Lightning","floor":3},{"not_picked":["Go for the Eyes","Hologram"],"picked":"Genetic Algorithm","floor":6},{"not_picked":["Conserve Battery","Turbo"],"picked":"Loop","floor":7},{"not_picked":["Redo","FTL"],"picked":"Compile Driver","floor":11},{"not_picked":["Steam","Fusion"],"picked":"Coolheaded","floor":12},{"not_picked":["Rip and Tear","Recycle"],"picked":"Cold Snap","floor":13},{"not_picked":["Cold Snap","Recycle"],"picked":"Ball Lightning","floor":14},{"not_picked":["All For One","Machine Learning"],"picked":"Rainbow","floor":16},{"not_picked":["Reinforced Body","Compile Driver"],"picked":"Capacitor","floor":18},{"not_picked":["Rip and Tear","Streamline+1"],"picked":"Chill","floor":21},{"not_picked":["Steam","Tempest"],"picked":"Recycle+1","floor":23}],"player_experience":1765880,"relics_obtained":[{"floor":6,"key":"Cables"},{"floor":9,"key":"Art of War"},{"floor":11,"key":"Omamori"},{"floor":13,"key":"Oddly Smooth Stone"},{"floor":23,"key":"Peace Pipe"}],"event_choices":[{"damage_healed":0,"gold_gain":0,"player_choice":"Paid Gold","damage_taken":0,"relics_obtained":["Lantern"],"max_hp_gain":0,"max_hp_loss":0,"event_name":"WeMeetAgain","floor":2,"gold_loss":57},{"damage_healed":0,"gold_gain":0,"player_choice":"Grow","damage_taken":0,"max_hp_gain":0,"max_hp_loss":0,"event_name":"Living Wall","floor":5,"gold_loss":0,"cards_upgraded":["Defragment"]},{"damage_healed":0,"gold_gain":0,"cards_transformed":["Strike_B"],"player_choice":"Transformed","damage_taken":0,"max_hp_gain":0,"max_hp_loss":0,"event_name":"Transmorgrifier","floor":20,"gold_loss":0,"cards_obtained":["Force Field"]},{"damage_healed":0,"gold_gain":0,"player_choice":"Read","damage_taken":0,"max_hp_gain":0,"max_hp_loss":0,"event_name":"The Library","floor":22,"gold_loss":0,"cards_obtained":["Doom and Gloom"]}],"is_beta":false,"boss_relics":[{"not_picked":["Runic Dome","White Beast Statue"],"picked":"Sozu"}],"items_purged_floors":[],"is_endless":false,"potions_floor_spawned":[6,7,12,13,18,21],"killed_by":"Gremlin Leader","ascension_level":20}