{"gold_per_floor":[118,134,84,84,100,100,125,143,143,143,168,168,203,203,203,302,302,313,326,346,365,43,43,68,68,94,105,124,124,142,161,161,260,260,279,279,333,344,344,344,371,371,371,399,224,36,47,67,67,67],"floor_reached":50,"playtime":5361,"items_purged":["Pain","Strike_B","Strike_B"],"score":892,"play_id":"e6b32d12-11d7-479d-9011-98fbcd24143c","local_time":"20190603131314","is_ascension_mode":true,"campfire_choices":[{"data":"Zap","floor":6.0,"key":"SMITH"},{"floor":10.0,"key":"REST"},{"floor":12.0,"key":"REST"},{"data":"Beam Cell","floor":15.0,"key":"SMITH"},{"floor":23.0,"key":"REST"},{"floor":29.0,"key":"REST"},{"data":"Dualcast","floor":32.0,"key":"SMITH"},{"floor":40,"key":"REST"},{"data":"Self Repair","floor":42,"key":"SMITH"},{"floor":49,"key":"REST"}],"neow_cost":"NONE","seed_source_timestamp":0,"circlet_count":0,"master_deck":["AscendersBane","Defend_B","Defend_B","Defend_B","Defend_B","Zap+1","Dualcast+1","Go for the Eyes","Beam Cell+1","Coolheaded","Ball Lightning","Seek","Genetic Algorithm","Reinforced Body","Machine Learning","Glacier+1","Reprogram","Genetic Algorithm+1","Self Repair+1","Core Surge","Necronomicurse","White Noise+1","Rip and Tear","Scrape","Electrodynamics","Heatsinks","Master of Strategy","Heatsinks+1","Machine Learning","Defragment","Capacitor","Sunder","Self Repair","Gash+1","White Noise"],"special_seed":0,"relics":["Cracked Core","Bronze Scales","PreservedInsect","Question Card","Emotion Chip","The Courier","WarpedTongs","Nuclear Battery","Cables","Oddly Smooth Stone","Necronomicon","Potion Belt","Lizard Tail","Turnip","Mercury Hourglass","Blood Vial","Sundial"],"potions_floor_usage":[37,37,50,50],"damage_taken":[{"damage":0.0,"enemies":"Small Slimes","floor":1.0,"turns":3.0},{"damage":8.0,"enemies":"2 Louse","floor":2.0,"turns":3.0},{"damage":0.0,"enemies":"Cultist","floor":5.0,"turns":3.0},{"damage":28.0,"enemies":"3 Sentries","floor":7.0,"turns":10.0},{"damage":9.0,"enemies":"Blue Slaver","floor":8.0,"turns":3.0},{"damage":13.0,"enemies":"Lagavulin","floor":11.0,"turns":5.0},{"damage":24.0,"enemies":"3 Sentries","floor":13.0,"turns":4.0},{"damage":18.0,"enemies":"Slime Boss","floor":16.0,"turns":10.0},{"damage":21.0,"enemies":"2 Thieves","floor":18.0,"turns":5.0},{"damage":5.0,"enemies":"Chosen","floor":19.0,"turns":5.0},{"damage":4.0,"enemies":"Snake Plant","floor":20.0,"turns":4.0},{"damage":27.0,"enemies":"Shelled Parasite and Fungi","floor":21.0,"turns":7.0},{"damage":7.0,"enemies":"Book of Stabbing","floor":24.0,"turns":6.0},{"damage":0.0,"enemies":"Cultist and Chosen","floor":27.0,"turns":6.0},{"damage":6.0,"enemies":"Chosen and Byrds","floor":28.0,"turns":5.0},{"damage":4.0,"enemies":"Snecko","floor":30.0,"turns":7.0},{"damage":2.0,"enemies":"Snake Plant","floor":31.0,"turns":2.0},{"damage":63.0,"enemies":"Automaton","floor":33.0,"turns":15.0},{"damage":8,"enemies":"Orb Walker","floor":35,"turns":4},{"damage":30,"enemies":"2 Orb Walkers","floor":37,"turns":5},{"damage":25,"enemies":"3 Darklings","floor":38,"turns":3},{"damage":60,"enemies":"Reptomancer","floor":41,"turns":6},{"damage":3,"enemies":"Nemesis","floor":44,"turns":7},{"damage":38,"enemies":"Jaw Worm Horde","floor":47,"turns":3},{"damage":26,"enemies":"Writhing Mass","floor":48,"turns":5},{"damage":53,"enemies":"Time Eater","floor":50,"turns":12}],"seed_played":"-5051214466533966028","potions_obtained":[{"floor":2.0,"key":"SkillPotion"},{"floor":7.0,"key":"Regen Potion"},{"floor":13.0,"key":"LiquidBronze"},{"floor":19.0,"key":"Swift Potion"},{"floor":27.0,"key":"Block Potion"},{"floor":28.0,"key":"FocusPotion"},{"floor":30.0,"key":"SkillPotion"},{"floor":33.0,"key":"Regen Potion"},{"floor":35,"key":"FocusPotion"},{"floor":41,"key":"PowerPotion"},{"floor":47,"key":"Ancient Potion"}],"is_trial":false,"path_per_floor":["M","M","?","?","M","R","E","M","T","R","E","R","E","?","R","B",null,"M","M","M","M","$","R","E","?","T","M","M","R","M","M","R","B",null,"M","?","?","M","?","R","E","R","T","E","$","$","M","M","R","B"],"character_chosen":"DEFECT","items_purchased":["Self Repair","Cables","Defragment","Capacitor","Sunder","Self Repair"],"campfire_rested":6,"item_purchase_floors":[22,22,45,45,46,46],"current_hp_per_floor":[68,60,60,60,60,60,32,23,23,45,32,54,42,42,42,24,62,41,36,32,5,5,27,30,14,14,21,35,57,60,65,65,9,59,61,61,52,37,37,59,47,47,47,56,56,56,30,13,35,0],"gold":67,"neow_bonus":"RANDOM_COMMON_RELIC","is_prod":false,"is_daily":false,"chose_seed":false,"campfire_upgraded":4,"win_rate":0,"timestamp":1559592794,"path_taken":["M","M","?","?","?","R","E","M","T","R","E","R","E","?","R","BOSS","M","M","M","M","$","R","E","?","T","M","M","R","M","M","R","BOSS","M","?","?","?","?","R","E","R","T","E","?","$","M","M","R","BOSS"],"build_version":"2019-01-23","purchased_purges":3,"victory":false,"max_hp_per_floor":[75,75,75,75,75,75,75,75,75,75,75,75,75,75,75,75,75,75,75,75,75,75,75,75,75,75,75,75,75,75,75,75,75,75,75,75,75,75,75,75,75,75,75,75,75,75,75,75,75,75],"card_choices":[{"not_picked":["Rebound","Hello World"],"picked":"Go for the Eyes","floor":1.0},{"not_picked":["Leap","Hologram"],"picked":"Beam Cell","floor":2.0},{"not_picked":["Beam Cell","Turbo"],"picked":"Coolheaded","floor":5.0},{"not_picked":["Hello World","Fusion"],"picked":"Ball Lightning","floor":7.0},{"not_picked":["Cold Snap","Barrage"],"picked":"Seek","floor":8.0},{"not_picked":["Tempest","Core Surge","Recycle"],"picked":"Genetic Algorithm","floor":11.0},{"not_picked":["Steam","Redo","Leap"],"picked":"Reinforced Body","floor":13.0},{"not_picked":["Buffer","Hyperbeam","Amplify"],"picked":"Machine Learning","floor":16.0},{"not_picked":["Fusion","Beam Cell","Steam"],"picked":"Glacier+1","floor":18.0},{"not_picked":["Double Energy","Recycle","Stack","Glacier"],"picked":"SKIP","floor":19.0},{"not_picked":["Reinforced Body","Lockon","Barrage"],"picked":"Reprogram","floor":20.0},{"not_picked":["Melter","Redo+1","Static Discharge+1"],"picked":"Genetic Algorithm+1","floor":21.0},{"not_picked":["Glacier","Aggregate","Steam Power"],"picked":"Core Surge","floor":24.0},{"not_picked":["Conserve Battery","Cold Snap","Force Field","Steam"],"picked":"SKIP","floor":27.0},{"not_picked":["Double Energy","Compile Driver","Steam Power+1"],"picked":"White Noise+1","floor":28.0},{"not_picked":["Ball Lightning","Streamline","Sweeping Beam"],"picked":"Rip and Tear","floor":30.0},{"not_picked":["Undo","Doom and Gloom","Thunder Strike"],"picked":"Scrape","floor":31.0},{"not_picked":["Rainbow","Amplify","Fission"],"picked":"Electrodynamics","floor":33.0},{"not_picked":["Barrage","Hello World","Turbo","Conserve Battery"],"picked":"SKIP","floor":35},{"not_picked":["Stack","Barrage","Steam"],"picked":"Heatsinks","floor":38},{"not_picked":["Purity","Forethought","Mayhem"],"picked":"Master of Strategy","floor":39},{"not_picked":["Go for the Eyes","Melter","Leap"],"picked":"Heatsinks+1","floor":41},{"not_picked":["Beam Cell","Conserve Battery+1","Barrage"],"picked":"Machine Learning","floor":44},{"not_picked":["Consume+1","Redo+1","Capacitor"],"picked":"Gash+1","floor":47},{"not_picked":["Gash","Storm","Stack"],"picked":"White Noise","floor":48}],"player_experience":620698,"relics_obtained":[{"floor":7.0,"key":"PreservedInsect"},{"floor":9.0,"key":"Question Card"},{"floor":11.0,"key":"Emotion Chip"},{"floor":13.0,"key":"The Courier"},{"floor":24.0,"key":"Oddly Smooth Stone"},{"floor":25.0,"key":"Necronomicon"},{"floor":26.0,"key":"Potion Belt"},{"floor":37,"key":"Turnip"},{"floor":41,"key":"Mercury Hourglass"},{"floor":43,"key":"Blood Vial"},{"floor":44,"key":"Sundial"}],"event_choices":[{"cards_removed":["Strike_B"],"damage_healed":0.0,"max_hp_gain":0.0,"max_hp_loss":0.0,"gold_gain":0.0,"event_name":"The Cleric","player_choice":"Card Removal","floor":3.0,"gold_loss":50.0,"damage_taken":0.0},{"cards_removed":["Strike_B"],"damage_healed":0.0,"max_hp_gain":0.0,"max_hp_loss":0.0,"gold_gain":0.0,"event_name":"Purifier","player_choice":"Purged","floor":4.0,"gold_loss":0.0,"damage_taken":0.0},{"damage_healed":0.0,"max_hp_gain":0.0,"max_hp_loss":0.0,"gold_gain":0.0,"event_name":"Accursed Blacksmith","player_choice":"Rummage","floor":14.0,"gold_loss":0.0,"damage_taken":0.0,"relics_obtained":["WarpedTongs"],"cards_obtained":["Pain"]},{"damage_healed":0.0,"max_hp_gain":0.0,"max_hp_loss":0.0,"gold_gain":0.0,"event_name":"Cursed Tome","player_choice":"Obtained Book","floor":25.0,"gold_loss":0.0,"damage_taken":16.0},{"damage_healed":0,"gold_gain":0,"player_choice":"Ignored","damage_taken":0,"max_hp_gain":0,"max_hp_loss":0,"event_name":"Tomb of Lord Red Mask","floor":36,"gold_loss":0},{"damage_healed":0,"gold_gain":0,"player_choice":"Fight","damage_taken":0,"max_hp_gain":0,"max_hp_loss":0,"event_name":"Mysterious Sphere","floor":37,"gold_loss":0},{"damage_healed":0,"gold_gain":0,"player_choice":"Memory 1","damage_taken":0,"max_hp_gain":0,"max_hp_loss":0,"event_name":"SensoryStone","floor":39,"gold_loss":0}],"is_beta":false,"boss_relics":[{"not_picked":["Sozu","Snecko Eye"],"picked":"Nuclear Battery"},{"not_picked":["Empty Cage","Eternal Feather"],"picked":"Lizard Tail"}],"items_purged_floors":[22,45,46],"is_endless":false,"potions_floor_spawned":[2,7,11,13,19,27,28,30,33,35,41,47],"killed_by":"Time Eater","ascension_level":12}