{"gold_per_floor":[11,11,61,72,72,72,103,103,151,151,166,199,211,238,238,312,312,331,98,117,42,42,42,369,369],"floor_reached":25,"playtime":1081,"items_purged":["Strike_B"],"score":474,"play_id":"249e447f-23e1-4dd2-ae9c-34db36a72196","local_time":"20190810221404","is_ascension_mode":true,"campfire_choices":[{"data":"Coolheaded","floor":6.0,"key":"SMITH"},{"data":"Compile Driver","floor":8.0,"key":"SMITH"},{"floor":15.0,"key":"REST"},{"data":"Sunder","floor":23.0,"key":"SMITH"}],"neow_cost":"NO_GOLD","seed_source_timestamp":0,"circlet_count":0,"master_deck":["AscendersBane","Defend_B","Defend_B+1","Defend_B","Defend_B","Zap+1","Dualcast+1","Coolheaded+1","Compile Driver+1","Gash","Core Surge","Sunder+1","Hologram","Gash","Reboot","Gash","Hologram","Genetic Algorithm","Coolheaded","Hologram+1"],"special_seed":0,"relics":["Cracked Core","Ginger","Vajra","Anchor","War Paint","Letter Opener","Empty Cage","Old Coin"],"potions_floor_usage":[],"damage_taken":[{"damage":0.0,"enemies":"2 Louse","floor":1.0,"turns":3.0},{"damage":2.0,"enemies":"Jaw Worm","floor":4.0,"turns":3.0},{"damage":25.0,"enemies":"3 Sentries","floor":7.0,"turns":9.0},{"damage":0.0,"enemies":"Cultist","floor":11.0,"turns":2.0},{"damage":19.0,"enemies":"Lagavulin","floor":12.0,"turns":7.0},{"damage":12.0,"enemies":"Exordium Thugs","floor":13.0,"turns":4.0},{"damage":3.0,"enemies":"3 Sentries","floor":14.0,"turns":5.0},{"damage":12.0,"enemies":"Slime Boss","floor":16.0,"turns":9.0},{"damage":18.0,"enemies":"Shell Parasite","floor":18.0,"turns":4.0},{"damage":0.0,"enemies":"2 Thieves","floor":20.0,"turns":2.0},{"damage":24.0,"enemies":"Book of Stabbing","floor":24.0,"turns":4.0},{"damage":25,"enemies":"Snecko","floor":25,"turns":5}],"seed_played":"6185080254126846606","potions_obtained":[{"floor":4.0,"key":"EssenceOfSteel"},{"floor":7.0,"key":"Regen Potion"},{"floor":14.0,"key":"Fire Potion"},{"floor":16.0,"key":"SpeedPotion"}],"is_trial":false,"path_per_floor":["M","?","?","M","$","R","E","R","T","?","M","E","M","E","R","B",null,"M","$","M","?","$","R","E","M"],"character_chosen":"DEFECT","items_purchased":["Gash","Hologram","Genetic Algorithm"],"campfire_rested":1,"item_purchase_floors":[19,19,19],"current_hp_per_floor":[64,64,64,62,62,62,37,37,37,37,37,33,21,18,39,27,60,42,42,42,42,42,42,18,0],"gold":369,"neow_bonus":"ONE_RARE_RELIC","is_prod":false,"is_daily":false,"chose_seed":false,"campfire_upgraded":3,"win_rate":0,"timestamp":1565468044,"path_taken":["M","?","?","?","?","R","E","R","T","?","?","E","M","E","R","BOSS","M","$","?","?","?","R","E","M"],"build_version":"2019-07-17","purchased_purges":1,"victory":false,"max_hp_per_floor":[71,71,71,71,71,71,71,71,71,71,71,71,71,71,71,71,71,71,71,71,71,71,71,71,71],"card_choices":[{"not_picked":["Hologram","BootSequence"],"picked":"Coolheaded","floor":1.0},{"not_picked":["Rebound","Barrage"],"picked":"Compile Driver","floor":4.0},{"not_picked":["Reboot","Barrage"],"picked":"Gash","floor":7.0},{"not_picked":["Beam Cell","Steam"],"picked":"Core Surge","floor":11.0},{"not_picked":["Compile Driver","Conserve Battery"],"picked":"Sunder","floor":12.0},{"not_picked":["Barrage","Steam"],"picked":"Hologram","floor":13.0},{"not_picked":["Chill","Self Repair"],"picked":"Gash","floor":14.0},{"not_picked":["Amplify","Hyperbeam"],"picked":"Reboot","floor":16.0},{"not_picked":["Reprogram+1","Compile Driver","Heatsinks"],"picked":"SKIP","floor":18.0},{"not_picked":["Compile Driver","Steam"],"picked":"Coolheaded","floor":20.0},{"not_picked":["Turbo","Redo"],"picked":"Hologram+1","floor":24.0}],"player_experience":1897612,"relics_obtained":[{"floor":7.0,"key":"Vajra"},{"floor":9.0,"key":"Anchor"},{"floor":12.0,"key":"War Paint"},{"floor":14.0,"key":"Letter Opener"},{"floor":24.0,"key":"Old Coin"}],"event_choices":[{"damage_healed":0.0,"max_hp_gain":0.0,"max_hp_loss":0.0,"gold_gain":0.0,"event_name":"Living Wall","player_choice":"Grow","floor":2.0,"gold_loss":0.0,"damage_taken":0.0,"cards_upgraded":["Zap"]},{"damage_healed":0.0,"max_hp_gain":0.0,"max_hp_loss":0.0,"gold_gain":50.0,"event_name":"Golden Shrine","player_choice":"Pray","floor":3.0,"gold_loss":0.0,"damage_taken":0.0},{"damage_healed":0.0,"max_hp_gain":0.0,"max_hp_loss":0.0,"gold_gain":0.0,"event_name":"Liars Game","player_choice":"Ignored","floor":10.0,"gold_loss":0.0,"damage_taken":0.0},{"cards_removed":["Strike_B"],"damage_healed":0.0,"max_hp_gain":0.0,"max_hp_loss":0.0,"gold_gain":0.0,"event_name":"Beggar","player_choice":"Gave Gold","floor":21.0,"gold_loss":75.0,"damage_taken":0.0}],"is_beta":false,"boss_relics":[{"not_picked":["White Beast Statue","Busted Crown"],"picked":"Empty Cage"}],"items_purged_floors":[19],"is_endless":false,"potions_floor_spawned":[4,7,11,14,16],"killed_by":"Snecko","ascension_level":20}