{"gold_per_floor":[118,118,118,118,27,27,68,68,93,132,150,174,310,333,333,424,424,449,470,486,253,253,594,594,632,632,703],"floor_reached":27,"playtime":1250,"items_purged":["Strike_R"],"score":638,"play_id":"cf52eb83-999b-4cbf-896d-e57b889f753d","local_time":"20190213184439","is_ascension_mode":true,"campfire_choices":[{"data":"infinitespire:OneForAll","floor":6,"key":"SMITH"},{"data":"Double Tap","floor":8,"key":"SMITH"},{"data":"Metallicize","floor":15,"key":"SMITH"},{"floor":24,"key":"REST"}],"neow_cost":"NONE","seed_source_timestamp":31988632540652,"circlet_count":0,"master_deck":["AscendersBane","Strike_R","Strike_R","Strike_R","Strike_R","Defend_R","Defend_R","Defend_R","Defend_R","Bash","infinitespire:OneForAll+1","Thunderclap","Double Tap+1","Metallicize+1","True Grit","Shrug It Off","Fiend Fire","Armaments","Demon Form","Corruption","Exhume","Feel No Pain","Enlightenment","Twin Strike","Shockwave"],"relics":["Burning Blood","NeowsBlessing","Golden Idol","Mango","hubris:Towel","Oddly Smooth Stone","infinitespire:Lucky Rock","hubris:ChampionShield","Sundial","Strawberry","Bronze Scales","Philosopher\u0027s Stone","infinitespire:Satchel","Old Coin","Regal Pillow","Juzu Bracelet"],"potions_floor_usage":[27],"damage_taken":[{"damage":0,"enemies":"Small Slimes","floor":1,"turns":1},{"damage":0,"enemies":"Lagavulin","floor":7,"turns":1},{"damage":0,"enemies":"Gremlin Nob","floor":10,"turns":1},{"damage":6,"enemies":"Jaw Worm","floor":11,"turns":5},{"damage":5,"enemies":"2 Louse","floor":12,"turns":4},{"damage":17,"enemies":"3 Sentries","floor":13,"turns":8},{"damage":3,"enemies":"Exordium Thugs","floor":14,"turns":4},{"damage":36,"enemies":"The Guardian","floor":16,"turns":20},{"damage":12,"enemies":"Spheric Guardian","floor":18,"turns":6},{"damage":12,"enemies":"3 Byrds","floor":19,"turns":3},{"damage":21,"enemies":"Shelled Parasite and Fungi","floor":20,"turns":4},{"damage":43,"enemies":"Gremlin Leader","floor":23,"turns":5},{"damage":28,"enemies":"Book of Stabbing","floor":25,"turns":4},{"damage":26,"enemies":"Gremlin Leader","floor":27,"turns":4}],"seed_played":"9005295727733554691","potions_obtained":[{"floor":1,"key":"SkillPotion"},{"floor":11,"key":"SpeedPotion"}],"is_trial":false,"path_per_floor":["M","?","T","?","$","R","E","R","T","E","M","M","E","M","R","B",null,"M","M","M","$","?","E","R","E","T","E"],"character_chosen":"IRONCLAD","items_purchased":["infinitespire:OneForAll","Thunderclap","Enlightenment","Twin Strike"],"campfire_rested":1,"item_purchase_floors":[5,5,21,21],"current_hp_per_floor":[74,68,82,82,82,82,82,82,82,82,82,82,78,81,81,51,80,74,68,53,53,53,16,42,20,20,0],"gold":703,"neow_bonus":"THREE_ENEMY_KILL","is_prod":false,"is_daily":false,"chose_seed":false,"campfire_upgraded":3,"win_rate":0,"timestamp":1550079879,"path_taken":["M","?","?","?","$","R","E","R","T","E","M","?","E","M","R","BOSS","M","M","M","$","?","E","R","E","T","E"],"build_version":"2019-01-23","purchased_purges":1,"victory":false,"max_hp_per_floor":[75,68,82,82,82,82,82,82,82,82,82,82,89,89,89,89,89,89,89,89,89,89,89,89,89,89,89],"card_choices":[{"not_picked":["Wild Strike","Perfected Strike"],"picked":"Cleave","floor":1},{"not_picked":["Ghostly Armor","Heavy Blade"],"picked":"Double Tap","floor":7},{"not_picked":["True Grit","Seeing Red"],"picked":"Metallicize","floor":10},{"not_picked":["Fire Breathing","Clash"],"picked":"True Grit","floor":11},{"not_picked":["Thunderclap","Anger"],"picked":"Shrug It Off","floor":12},{"not_picked":["Wild Strike","Burning Pact"],"picked":"Fiend Fire","floor":13},{"not_picked":["Intimidate","Bloodletting"],"picked":"Armaments","floor":14},{"not_picked":["hubris:StunningStrike","Reaper"],"picked":"Demon Form","floor":16},{"not_picked":["Clash","Havoc"],"picked":"Corruption","floor":18},{"not_picked":["Blood for Blood","Evolve"],"picked":"Exhume","floor":19},{"not_picked":["Twin Strike+1","Havoc"],"picked":"Feel No Pain","floor":20},{"not_picked":["Thunderclap","Dropkick","Intimidate"],"picked":"SKIP","floor":23},{"not_picked":["Havoc","Anger"],"picked":"Shockwave","floor":25}],"player_experience":1256727,"relics_obtained":[{"floor":3,"key":"Mango"},{"floor":7,"key":"Oddly Smooth Stone"},{"floor":9,"key":"infinitespire:Lucky Rock"},{"floor":10,"key":"hubris:ChampionShield"},{"floor":13,"key":"Bronze Scales"},{"floor":23,"key":"Old Coin"},{"floor":25,"key":"Regal Pillow"},{"floor":26,"key":"Juzu Bracelet"}],"event_choices":[{"damage_healed":0,"gold_gain":0,"player_choice":"Lose Max HP","damage_taken":0,"relics_obtained":["Golden Idol"],"max_hp_gain":0,"max_hp_loss":7,"event_name":"Golden Idol","floor":2,"gold_loss":0},{"cards_removed":["Cleave"],"damage_healed":0,"gold_gain":0,"player_choice":"Gave Card","damage_taken":0,"relics_obtained":["infinitespire:Satchel"],"max_hp_gain":0,"max_hp_loss":0,"event_name":"WeMeetAgain","floor":22,"gold_loss":0}],"is_beta":false,"boss_relics":[{"not_picked":["Orrery","Busted Crown"],"picked":"Philosopher\u0027s Stone"}],"items_purged_floors":[21],"is_endless":false,"potions_floor_spawned":[1,11,13,14,25],"killed_by":"Gremlin Leader","ascension_level":20}