{"gold_per_floor":[110,110,110,35,49,75,125,156,181,197,197,212,228,228,228,303,303,318,332,332,247,122,122],"floor_reached":23,"playtime":797,"items_purged":["Regret","Strike_G"],"score":448,"play_id":"11ab5f3b-18ea-4e78-97ad-bb6fef50dd30","local_time":"20190126171804","is_ascension_mode":true,"campfire_choices":[{"data":"Crippling Poison","floor":11,"key":"SMITH"},{"floor":15,"key":"REST"}],"neow_cost":"NONE","seed_source_timestamp":16472165445023,"circlet_count":0,"master_deck":["AscendersBane","Defend_G","Defend_G","Defend_G","Defend_G","Defend_G","Strike_G","Strike_G","Strike_G","Strike_G","Survivor","Neutralize","Deadly Poison","Dodge and Roll","Dagger Spray","Quick Slash","Crippling Poison+1","PiercingWail","Night Terror","Backstab","Backstab"],"relics":["Ring of the Snake","NeowsBlessing","Ancient Tea Set","hubris:ToyBattleship","Dodecahedron","hubris:TenFootPole","Smiling Mask","hubris:RunicObelisk","hubris:BottledHeart","Ornamental Fan"],"potions_floor_usage":[10,13,16,23],"damage_taken":[{"damage":0,"enemies":"Cultist","floor":1,"turns":1},{"damage":0,"enemies":"Small Slimes","floor":5,"turns":1},{"damage":0,"enemies":"Gremlin Nob","floor":6,"turns":1},{"damage":50,"enemies":"Lagavulin","floor":8,"turns":10},{"damage":0,"enemies":"Jaw Worm","floor":10,"turns":5},{"damage":0,"enemies":"Looter","floor":12,"turns":3},{"damage":0,"enemies":"Exordium Wildlife","floor":13,"turns":3},{"damage":17,"enemies":"The Guardian","floor":16,"turns":11},{"damage":1,"enemies":"3 Byrds","floor":18,"turns":4},{"damage":8,"enemies":"Chosen","floor":19,"turns":6},{"damage":8,"enemies":"Gremlin Leader","floor":23,"turns":9}],"seed_played":"587505619829317656","potions_obtained":[{"floor":5,"key":"Explosive Potion"},{"floor":6,"key":"Energy Potion"},{"floor":12,"key":"LiquidBronze"},{"floor":18,"key":"PowerPotion"}],"is_trial":false,"path_per_floor":["M","T","?","$","M","E","?","E","T","M","R","M","M","?","R","B",null,"M","M","?","?","$","E"],"character_chosen":"THE_SILENT","items_purchased":["Backstab"],"campfire_rested":1,"item_purchase_floors":[22],"current_hp_per_floor":[59,59,59,59,59,59,59,9,9,9,9,9,9,9,28,11,52,51,43,1,1,1,0],"gold":122,"neow_bonus":"THREE_ENEMY_KILL","is_prod":false,"is_daily":false,"chose_seed":false,"campfire_upgraded":1,"win_rate":0,"timestamp":1548519484,"path_taken":["M","?","?","$","M","E","?","E","T","?","R","M","M","?","R","BOSS","M","M","?","?","?","E"],"build_version":"2019-01-23","purchased_purges":2,"victory":false,"max_hp_per_floor":[66,66,66,66,66,66,66,66,66,66,66,66,66,66,66,66,66,66,66,1,1,1,1],"card_choices":[{"not_picked":["Slice","Blade Dance"],"picked":"Deadly Poison","floor":1},{"not_picked":["Underhanded Strike","Prepared"],"picked":"Dodge and Roll","floor":5},{"not_picked":["Choke","All Out Attack"],"picked":"Dagger Spray","floor":6},{"not_picked":["Well Laid Plans","hubris:TrickCloak"],"picked":"Quick Slash","floor":8},{"not_picked":["Predator","Deadly Poison"],"picked":"Crippling Poison","floor":10},{"not_picked":["Dagger Throw","Predator"],"picked":"PiercingWail","floor":12},{"not_picked":["Underhanded Strike","Outmaneuver","Blade Dance"],"picked":"SKIP","floor":13},{"not_picked":["Phantasmal Killer","Tools of the Trade"],"picked":"Night Terror","floor":16},{"not_picked":["Predator+1","Outmaneuver","Infinite Blades"],"picked":"SKIP","floor":18},{"not_picked":["Sucker Punch","Poisoned Stab"],"picked":"Backstab","floor":19}],"player_experience":1163017,"relics_obtained":[{"floor":2,"key":"Ancient Tea Set"},{"floor":6,"key":"Dodecahedron"},{"floor":8,"key":"hubris:TenFootPole"},{"floor":9,"key":"Smiling Mask"}],"event_choices":[{"damage_healed":0,"gold_gain":0,"player_choice":"Box","damage_taken":0,"relics_obtained":["hubris:ToyBattleship"],"max_hp_gain":0,"max_hp_loss":0,"event_name":"Big Fish","floor":3,"gold_loss":0,"cards_obtained":["Regret"]},{"damage_healed":0,"gold_gain":50,"player_choice":"Pray","damage_taken":0,"max_hp_gain":0,"max_hp_loss":0,"event_name":"Golden Shrine","floor":7,"gold_loss":0},{"damage_healed":0,"gold_gain":0,"player_choice":"Ignored","damage_taken":0,"max_hp_gain":0,"max_hp_loss":0,"event_name":"Golden Wing","floor":14,"gold_loss":0},{"damage_healed":0,"gold_gain":0,"player_choice":"Obtained Relic","damage_taken":0,"relics_obtained":["Ornamental Fan"],"max_hp_gain":0,"max_hp_loss":0,"event_name":"Addict","floor":21,"gold_loss":85}],"is_beta":false,"boss_relics":[{"not_picked":["hubris:GrandSneckoEye","Runic Dome"],"picked":"hubris:RunicObelisk"}],"items_purged_floors":[4,22],"is_endless":false,"potions_floor_spawned":[5,6,8,12,18],"killed_by":"Gremlin Leader","ascension_level":20}