{"gold_per_floor":[362,382,382,401,420,452,452,468,468,40,40,40,40,66,66,168,168,188,119,44,44,44,44,64,64,90,115,29,29,61,71,71,176,176,193,118,118,131,142,142,156,156],"floor_reached":42,"playtime":2122,"items_purged":["Strike_B"],"score":657,"play_id":"745c6b9e-de7a-4a21-bed5-e6e2c6037862","local_time":"20190415093758","is_ascension_mode":true,"campfire_choices":[{"data":"Defragment","floor":7.0,"key":"SMITH"},{"data":"Go for the Eyes","floor":11.0,"key":"SMITH"},{"data":"Loop","floor":13.0,"key":"SMITH"},{"floor":15.0,"key":"REST"},{"floor":23.0,"key":"REST"},{"floor":32.0,"key":"REST"},{"floor":40,"key":"REST"}],"neow_cost":"TEN_PERCENT_HP_LOSS","seed_source_timestamp":0,"circlet_count":0,"master_deck":["Strike_B","Strike_B","Defend_B","Defend_B","Defend_B","Defend_B","Zap+1","Dualcast","Hello World","Reinforced Body","Double Energy","Defragment+1","Ball Lightning","Go for the Eyes+1","Loop+1","Storm","Biased Cognition","Beam Cell+1","Loop","Necronomicurse","Streamline+1","Capacitor","White Noise","Amplify","Redo+1","FTL"],"special_seed":0,"relics":["FrozenCore","Sundial","Juzu Bracelet","PreservedInsect","Matryoshka","Boot","Necronomicon","Singing Bowl","Blood Vial","Unceasing Top","Question Card","Velvet Choker"],"potions_floor_usage":[39,41],"damage_taken":[{"damage":4.0,"enemies":"Jaw Worm","floor":1.0,"turns":4.0},{"damage":0.0,"enemies":"Cultist","floor":2.0,"turns":4.0},{"damage":0.0,"enemies":"2 Louse","floor":4.0,"turns":3.0},{"damage":3.0,"enemies":"Blue Slaver","floor":5.0,"turns":5.0},{"damage":15.0,"enemies":"Lagavulin","floor":6.0,"turns":5.0},{"damage":1.0,"enemies":"Exordium Wildlife","floor":8.0,"turns":4.0},{"damage":19.0,"enemies":"Gremlin Nob","floor":14.0,"turns":4.0},{"damage":19.0,"enemies":"The Guardian","floor":16.0,"turns":9.0},{"damage":3.0,"enemies":"Chosen","floor":18.0,"turns":4.0},{"damage":5.0,"enemies":"Shell Parasite","floor":24.0,"turns":5.0},{"damage":43.0,"enemies":"Slavers","floor":27.0,"turns":6.0},{"damage":0.0,"enemies":"Book of Stabbing","floor":30.0,"turns":4.0},{"damage":0.0,"enemies":"Centurion and Healer","floor":31.0,"turns":7.0},{"damage":28.0,"enemies":"Collector","floor":33.0,"turns":7.0},{"damage":4.0,"enemies":"3 Shapes","floor":35.0,"turns":5.0},{"damage":2.0,"enemies":"Orb Walker","floor":38.0,"turns":5.0},{"damage":42,"enemies":"Spire Growth","floor":39,"turns":5},{"damage":38,"enemies":"Maw","floor":41,"turns":6},{"damage":26,"enemies":"Giant Head","floor":42,"turns":5}],"seed_played":"-7007740848664195499","potions_obtained":[{"floor":1.0,"key":"SteroidPotion"},{"floor":2.0,"key":"AttackPotion"},{"floor":8.0,"key":"Weak Potion"},{"floor":16.0,"key":"Swift Potion"},{"floor":27.0,"key":"FearPotion"},{"floor":30.0,"key":"FearPotion"},{"floor":35.0,"key":"Weak Potion"},{"floor":39,"key":"AttackPotion"}],"is_trial":false,"path_per_floor":["M","M","?","M","M","E","R","M","T","$","R","$","R","E","R","B",null,"M","$","?","?","$","R","M","?","T","E","$","?","E","M","R","B",null,"M","$","?","M","M","R","M","E"],"character_chosen":"DEFECT","items_purchased":["PreservedInsect","Loop","Matryoshka","Loop","Capacitor","PowerPotion"],"campfire_rested":4,"item_purchase_floors":[10,10,10,19,28,28],"current_hp_per_floor":[64,64,64,64,61,46,46,45,45,45,45,45,45,26,46,27,58,55,55,55,39,39,59,54,42,42,3,3,3,5,9,32,6,59,57,57,59,61,21,45,11,0],"gold":156,"neow_bonus":"TWO_FIFTY_GOLD","is_prod":false,"is_daily":false,"chose_seed":false,"campfire_upgraded":3,"win_rate":0,"timestamp":1555346278,"path_taken":["M","M","?","M","?","E","R","M","T","$","R","$","R","E","R","BOSS","M","$","?","?","$","R","M","?","T","E","?","?","E","M","R","BOSS","M","$","?","M","M","R","M","E"],"build_version":"2019-01-23","purchased_purges":1,"victory":false,"max_hp_per_floor":[68,68,68,68,68,68,68,68,68,68,68,68,68,68,68,68,68,68,68,68,68,68,68,68,73,73,75,75,75,75,77,77,77,77,77,77,79,81,81,81,83,83],"card_choices":[{"not_picked":["Darkness","Turbo"],"picked":"Hello World","floor":1.0},{"not_picked":["Cold Snap","Rip and Tear"],"picked":"Reinforced Body","floor":2.0},{"not_picked":["Compile Driver","Hologram"],"picked":"Double Energy","floor":4.0},{"not_picked":["Turbo","Rip and Tear"],"picked":"Defragment","floor":5.0},{"not_picked":["Scrape","Beam Cell"],"picked":"Ball Lightning","floor":6.0},{"not_picked":["Streamline","Stack"],"picked":"Go for the Eyes","floor":8.0},{"not_picked":["Go for the Eyes","Steam"],"picked":"Storm","floor":14.0},{"not_picked":["Reboot","Meteor Strike"],"picked":"Biased Cognition","floor":16.0},{"not_picked":["Consume","Go for the Eyes"],"picked":"Beam Cell+1","floor":18.0},{"not_picked":["Ball Lightning+1","Redo"],"picked":"Streamline+1","floor":24.0},{"not_picked":["BootSequence+1","Core Surge","Steam Power"],"picked":"Singing Bowl","floor":27.0},{"not_picked":["Recycle","Coolheaded"],"picked":"White Noise","floor":30.0},{"not_picked":["Ball Lightning","Redo","Gash","Go for the Eyes"],"picked":"Singing Bowl","floor":31.0},{"not_picked":["Reboot","Machine Learning","Biased Cognition"],"picked":"Amplify","floor":33.0},{"not_picked":["Cold Snap","Gash","Leap"],"picked":"Redo+1","floor":35.0},{"not_picked":["Madness","Secret Technique","Forethought","Deep Breath"],"picked":"Singing Bowl","floor":37.0},{"not_picked":["Cold Snap","Rebound+1","Chill+1","Redo"],"picked":"Singing Bowl","floor":38.0},{"not_picked":["Gash","Go for the Eyes+1","Streamline+1"],"picked":"FTL","floor":39},{"not_picked":["Stack","Compile Driver","Rebound","Undo+1"],"picked":"Singing Bowl","floor":41}],"player_experience":570261,"relics_obtained":[{"floor":6.0,"key":"Sundial"},{"floor":9.0,"key":"Juzu Bracelet"},{"floor":14.0,"key":"Boot"},{"floor":21.0,"key":"Necronomicon"},{"floor":26.0,"key":"Singing Bowl"},{"floor":26.0,"key":"Blood Vial"},{"floor":27.0,"key":"Unceasing Top"},{"floor":30.0,"key":"Question Card"}],"event_choices":[{"damage_healed":0.0,"max_hp_gain":0.0,"max_hp_loss":0.0,"gold_gain":0.0,"event_name":"Upgrade Shrine","player_choice":"Upgraded","floor":3.0,"gold_loss":0.0,"damage_taken":0.0,"cards_upgraded":["Zap"]},{"cards_removed":["Strike_B"],"damage_healed":0.0,"max_hp_gain":0.0,"max_hp_loss":0.0,"gold_gain":0.0,"event_name":"Beggar","player_choice":"Gave Gold","floor":20.0,"gold_loss":75.0,"damage_taken":0.0},{"damage_healed":0.0,"max_hp_gain":0.0,"max_hp_loss":0.0,"gold_gain":0.0,"event_name":"Cursed Tome","player_choice":"Obtained Book","floor":21.0,"gold_loss":0.0,"damage_taken":16.0},{"damage_healed":0.0,"max_hp_gain":5.0,"max_hp_loss":0.0,"gold_gain":0.0,"event_name":"Forgotten Altar","player_choice":"Shed Blood","floor":25.0,"gold_loss":0.0,"damage_taken":17.0},{"damage_healed":0.0,"max_hp_gain":0.0,"max_hp_loss":0.0,"gold_gain":0.0,"event_name":"Ghosts","player_choice":"Ignored","floor":29.0,"gold_loss":0.0,"damage_taken":0.0},{"damage_healed":0.0,"max_hp_gain":0.0,"max_hp_loss":0.0,"gold_gain":0.0,"event_name":"SensoryStone","player_choice":"Memory 1","floor":37.0,"gold_loss":0.0,"damage_taken":0.0}],"is_beta":false,"boss_relics":[{"not_picked":["Runic Dome","Astrolabe"],"picked":"FrozenCore"},{"not_picked":["Pandora\u0027s Box","Inserter"],"picked":"Velvet Choker"}],"items_purged_floors":[36],"is_endless":false,"potions_floor_spawned":[1,2,8,16,27,30,35,39],"killed_by":"Giant Head","ascension_level":8}