{"gold_per_floor":[117,1,1,1,19,19,49,49,49,64,77,96,96,123,123,200,200,220,220,220,238,257,257,257],"floor_reached":24,"playtime":1301,"items_purged":["Doubt"],"score":381,"play_id":"fb26248b-0c7a-428a-a4c7-2eb0a45e3480","local_time":"20181206215338","is_ascension_mode":true,"campfire_choices":[{"data":"Noxious Fumes","floor":6,"key":"SMITH"},{"data":"Neutralize","floor":8,"key":"SMITH"},{"floor":13,"key":"REST"},{"data":"Deadly Poison","floor":15,"key":"SMITH"},{"floor":23,"key":"REST"}],"neow_cost":"CURSE","seed_source_timestamp":41456006387502,"circlet_count":0,"master_deck":["AscendersBane","Survivor","Neutralize+1","Terror","Blur","Noxious Fumes+1","Well Laid Plans","Poisoned Stab","Quick Slash","Bouncing Flask","Deadly Poison+1","After Image","Slice","Bane","Dagger Spray","Footwork","Backflip","Quick Slash","Outmaneuver","Well Laid Plans","Terror","Prepared","Noxious Fumes","Decay","Infinite Blades","Noxious Fumes+1"],"relics":["Ring of the Snake","Nunchaku","Pen Nib","The Courier","Bag of Marbles","Pandora\u0027s Box"],"potions_floor_usage":[21,21,24],"damage_taken":[{"damage":0,"enemies":"2 Louse","floor":1,"turns":3},{"damage":0,"enemies":"Cultist","floor":5,"turns":4},{"damage":22,"enemies":"3 Sentries","floor":7,"turns":8},{"damage":0,"enemies":"Small Slimes","floor":10,"turns":4},{"damage":30,"enemies":"Exordium Thugs","floor":11,"turns":6},{"damage":4,"enemies":"2 Fungi Beasts","floor":12,"turns":4},{"damage":5,"enemies":"Lagavulin","floor":14,"turns":6},{"damage":2,"enemies":"Hexaghost","floor":16,"turns":8},{"damage":19,"enemies":"Shell Parasite","floor":18,"turns":5},{"damage":37,"enemies":"2 Thieves","floor":21,"turns":3},{"damage":1,"enemies":"Snecko","floor":22,"turns":6},{"damage":28,"enemies":"Gremlin Leader","floor":24,"turns":3}],"seed_played":"-42395403255525683","potions_obtained":[{"floor":1,"key":"Strength Potion"},{"floor":10,"key":"GamblersBrew"},{"floor":18,"key":"Fire Potion"},{"floor":20,"key":"Regen Potion"},{"floor":21,"key":"Block Potion"}],"is_trial":false,"path_per_floor":["M","$","?","$","M","R","E","R","T","M","M","M","R","E","R","B",null,"M","?","?","M","M","R","E"],"character_chosen":"THE_SILENT","items_purchased":["Blur"],"campfire_rested":2,"item_purchase_floors":[2],"current_hp_per_floor":[59,59,59,59,59,59,37,37,37,37,7,3,22,17,17,15,53,34,34,34,9,8,27,0],"gold":257,"neow_bonus":"ONE_RARE_RELIC","is_prod":false,"is_daily":false,"chose_seed":false,"campfire_upgraded":3,"win_rate":0,"timestamp":1544129618,"path_taken":["M","$","?","$","M","R","E","R","T","M","M","M","R","E","R","BOSS","M","?","?","M","?","R","E"],"build_version":"2018-12-06","purchased_purges":1,"victory":false,"max_hp_per_floor":[66,66,66,66,66,66,66,66,66,66,66,66,66,66,66,66,66,66,66,66,66,66,66,66],"card_choices":[{"not_picked":["Tactician","PiercingWail"],"picked":"Terror","floor":1},{"not_picked":["Quick Slash","Dagger Spray"],"picked":"Noxious Fumes","floor":5},{"not_picked":["Deadly Poison","Backstab"],"picked":"Well Laid Plans","floor":7},{"not_picked":["Endless Agony","Acrobatics"],"picked":"Poisoned Stab","floor":10},{"not_picked":["Accuracy","Eviscerate"],"picked":"Quick Slash","floor":11},{"not_picked":["Bane","Terror"],"picked":"Bouncing Flask","floor":12},{"not_picked":["Poisoned Stab","Eviscerate"],"picked":"Deadly Poison","floor":14},{"not_picked":["Burst","Die Die Die"],"picked":"After Image","floor":16},{"not_picked":["Riddle With Holes","Well Laid Plans"],"picked":"Noxious Fumes","floor":18},{"not_picked":["Tactician","Flying Knee+1"],"picked":"Infinite Blades","floor":21},{"not_picked":["Bane","Slice"],"picked":"Noxious Fumes+1","floor":22}],"player_experience":970976,"relics_obtained":[{"floor":7,"key":"Pen Nib"},{"floor":9,"key":"The Courier"},{"floor":14,"key":"Bag of Marbles"}],"event_choices":[{"damage_healed":0,"gold_gain":0,"player_choice":"Leave","damage_taken":0,"max_hp_gain":0,"max_hp_loss":0,"event_name":"The Cleric","floor":3,"gold_loss":0},{"damage_healed":0,"gold_gain":0,"player_choice":"Smashed Altar","damage_taken":0,"max_hp_gain":0,"max_hp_loss":0,"event_name":"Forgotten Altar","floor":19,"gold_loss":0,"cards_obtained":["Decay"]},{"damage_healed":0,"gold_gain":0,"player_choice":"Got Potions","damage_taken":0,"max_hp_gain":0,"max_hp_loss":0,"event_name":"Lab","floor":20,"gold_loss":0}],"is_beta":true,"boss_relics":[{"not_picked":["Busted Crown","Runic Dome"],"picked":"Pandora\u0027s Box"}],"items_purged_floors":[2],"is_endless":false,"potions_floor_spawned":[1,10,16,18,21],"killed_by":"Gremlin Leader","ascension_level":17}