{"gold_per_floor":[111,111,135,60,78,78,111,111],"floor_reached":8,"playtime":291,"items_purged":[],"score":112,"play_id":"157c8f15-bb78-45d7-90f9-a6126a5b1c88","local_time":"20190918104851","is_ascension_mode":true,"campfire_choices":[{"data":"Dagger Spray","floor":6,"key":"SMITH"}],"neow_cost":"NONE","seed_source_timestamp":1702692912873,"circlet_count":0,"master_deck":["AscendersBane","Strike_G","Strike_G","Strike_G","Strike_G","Defend_G","Defend_G","Defend_G","Defend_G","Defend_G","Survivor","Neutralize","Deadly Poison","Dagger Spray+1","Dagger Spray","Quick Slash"],"relics":["Ring of the Snake","Ancient Tea Set","Golden Idol","Darkstone Periapt"],"potions_floor_usage":[],"damage_taken":[{"damage":3,"enemies":"Small Slimes","floor":1,"turns":4},{"damage":3,"enemies":"2 Louse","floor":3,"turns":4},{"damage":2,"enemies":"Jaw Worm","floor":5,"turns":5},{"damage":46,"enemies":"Gremlin Nob","floor":7,"turns":5},{"damage":6,"enemies":"Exordium Thugs","floor":8,"turns":2}],"seed_played":"-7190240501329749954","potions_obtained":[],"is_trial":false,"path_per_floor":["M","?","M","?","M","R","E","M"],"character_chosen":"THE_SILENT","items_purchased":[],"campfire_rested":0,"item_purchase_floors":[],"current_hp_per_floor":[56,56,53,53,51,51,5,0],"gold":111,"neow_bonus":"RANDOM_COMMON_RELIC","is_prod":false,"is_daily":false,"chose_seed":false,"campfire_upgraded":1,"win_rate":0,"timestamp":1568796531,"path_taken":["M","?","M","?","M","R","E","M"],"build_version":"2019-09-17","purchased_purges":0,"victory":false,"max_hp_per_floor":[66,60,60,60,60,60,60,60],"card_choices":[{"not_picked":["Blade Dance","Terror"],"picked":"Deadly Poison","floor":1},{"not_picked":["Prepared","Bane"],"picked":"Dagger Spray","floor":3},{"not_picked":["Heel Hook","Bullet Time"],"picked":"Dagger Spray","floor":5},{"not_picked":["Flying Knee","Prepared"],"picked":"Quick Slash","floor":7}],"player_experience":2070291,"relics_obtained":[{"floor":7,"key":"Darkstone Periapt"}],"event_choices":[{"damage_healed":0,"gold_gain":0,"player_choice":"Lose Max HP","damage_taken":0,"relics_obtained":["Golden Idol"],"max_hp_gain":0,"max_hp_loss":6,"event_name":"Golden Idol","floor":2,"gold_loss":0},{"cards_removed":["Strike_G"],"damage_healed":0,"gold_gain":0,"player_choice":"Card Removal","damage_taken":0,"max_hp_gain":0,"max_hp_loss":0,"event_name":"The Cleric","floor":4,"gold_loss":75}],"is_beta":true,"boss_relics":[],"items_purged_floors":[],"is_endless":false,"potions_floor_spawned":[],"killed_by":"Exordium Thugs","ascension_level":20}