{"gold_per_floor":[116,134,134,4,20,20,52,2,25,58,58,58,70,70,70,143,143,153,14,14,64,76,76,88,123,123,123,123,140,170,188,188,266,266,286,236,252,252,252,277,288,288],"floor_reached":42,"playtime":1458,"items_purged":["Strike_G","Strike_G","Strike_G"],"score":948,"play_id":"3bfe146f-656f-465b-8d16-88674292c8f8","local_time":"20190412200146","is_ascension_mode":true,"campfire_choices":[{"data":"Deadly Poison","floor":6,"key":"SMITH"},{"floor":11,"key":"REST"},{"data":"Deadly Poison","floor":15,"key":"SMITH"},{"floor":23,"key":"REST"},{"floor":28,"key":"REST"},{"floor":32,"key":"REST"}],"neow_cost":"NONE","seed_source_timestamp":33577814290748,"circlet_count":0,"master_deck":["AscendersBane","Defend_G","Defend_G","Defend_G","Defend_G","Strike_G","Survivor","Neutralize+1","Cloak And Dagger","Deadly Poison+1","Deadly Poison+1","Flying Knee","Crippling Poison+1","Dagger Spray","Burst","Noxious Fumes","Flechettes","Leg Sweep+1","After Image+1","PiercingWail","Concentrate","After Image+1","Dodge and Roll+1","Cloak And Dagger+1"],"relics":["Ring of the Snake","Juzu Bracelet","Smiling Mask","Bronze Scales","Shuriken","Runic Pyramid","Frozen Egg 2","The Specimen","Pen Nib","Philosopher\u0027s Stone","Matryoshka"],"potions_floor_usage":[7,22,25,30,33,42,42],"damage_taken":[{"damage":3,"enemies":"Cultist","floor":1,"turns":4},{"damage":11,"enemies":"Jaw Worm","floor":2,"turns":9},{"damage":0,"enemies":"2 Louse","floor":5,"turns":2},{"damage":9,"enemies":"Lagavulin","floor":7,"turns":6},{"damage":27,"enemies":"Gremlin Nob","floor":10,"turns":4},{"damage":11,"enemies":"Lots of Slimes","floor":13,"turns":4},{"damage":20,"enemies":"The Guardian","floor":16,"turns":8},{"damage":15,"enemies":"Shell Parasite","floor":18,"turns":4},{"damage":17,"enemies":"2 Thieves","floor":22,"turns":4},{"damage":12,"enemies":"3 Cultists","floor":24,"turns":4},{"damage":25,"enemies":"Slavers","floor":25,"turns":3},{"damage":13,"enemies":"Snake Plant","floor":29,"turns":4},{"damage":6,"enemies":"Book of Stabbing","floor":30,"turns":6},{"damage":0,"enemies":"Centurion and Healer","floor":31,"turns":6},{"damage":11,"enemies":"Automaton","floor":33,"turns":10},{"damage":0,"enemies":"Orb Walker","floor":35,"turns":4},{"damage":22,"enemies":"3 Darklings","floor":37,"turns":5},{"damage":5,"enemies":"Nemesis","floor":40,"turns":9},{"damage":0,"enemies":"Writhing Mass","floor":41,"turns":7},{"damage":30,"enemies":"Reptomancer","floor":42,"turns":3}],"seed_played":"7142170348605881659","potions_obtained":[{"floor":5,"key":"GamblersBrew"},{"floor":13,"key":"Explosive Potion"},{"floor":18,"key":"Explosive Potion"},{"floor":24,"key":"PowerPotion"},{"floor":25,"key":"EssenceOfSteel"},{"floor":30,"key":"Weak Potion"},{"floor":35,"key":"Swift Potion"}],"is_trial":false,"path_per_floor":["M","M","?","$","M","R","E","$","T","E","R","?","M","?","R","B",null,"M","$","?","?","M","R","M","E","T","?","R","M","E","M","R","B",null,"M","$","M","?","?","E","M","E"],"character_chosen":"THE_SILENT","items_purchased":["All Out Attack","Deadly Poison","Flechettes"],"campfire_rested":4,"item_purchase_floors":[4,4,19],"current_hp_per_floor":[56,45,45,45,45,45,36,36,36,9,28,66,55,55,55,35,58,43,43,43,43,26,45,33,8,8,8,27,14,8,8,27,16,54,54,54,32,32,32,27,27,0],"gold":288,"neow_bonus":"RANDOM_COMMON_RELIC","is_prod":false,"is_daily":false,"chose_seed":false,"campfire_upgraded":2,"win_rate":0,"timestamp":1555092106,"path_taken":["M","M","?","?","M","R","E","?","T","E","R","?","M","?","R","BOSS","M","$","?","?","M","R","M","E","T","?","R","M","E","M","R","BOSS","M","$","M","?","?","E","M","E"],"build_version":"2019-01-23","purchased_purges":3,"victory":false,"max_hp_per_floor":[66,66,66,66,66,66,66,66,66,66,66,66,66,66,66,66,66,66,66,66,66,66,66,66,66,66,66,66,66,66,66,66,66,66,66,66,66,66,66,66,66,66],"card_choices":[{"not_picked":["Blade Dance","Accuracy"],"picked":"Cloak And Dagger","floor":1},{"not_picked":["Slice","Deflect"],"picked":"Deadly Poison","floor":2},{"not_picked":["Reflex","Blade Dance"],"picked":"Flying Knee","floor":5},{"not_picked":["Deflect","Backflip"],"picked":"Crippling Poison","floor":7},{"not_picked":["Crippling Poison","Deadly Poison","Accuracy"],"picked":"SKIP","floor":10},{"not_picked":["Deadly Poison","Skewer"],"picked":"Dagger Spray","floor":13},{"not_picked":["Night Terror","Glass Knife"],"picked":"Burst","floor":16},{"not_picked":["Slice","Terror"],"picked":"Noxious Fumes","floor":18},{"not_picked":["Outmaneuver","Underhanded Strike","Tactician"],"picked":"SKIP","floor":22},{"not_picked":["Backflip","Acrobatics"],"picked":"Leg Sweep+1","floor":24},{"not_picked":["Infinite Blades","Sucker Punch"],"picked":"After Image","floor":25},{"not_picked":["Leg Sweep","Acrobatics"],"picked":"PiercingWail","floor":29},{"not_picked":["Sucker Punch","Quick Slash"],"picked":"Concentrate","floor":30},{"not_picked":["Dagger Throw","Poisoned Stab","Slice+1"],"picked":"SKIP","floor":31},{"not_picked":["Glass Knife","Tools of the Trade+1"],"picked":"After Image+1","floor":33},{"not_picked":["Outmaneuver+1","Prepared"],"picked":"Dodge and Roll+1","floor":35},{"not_picked":["Backstab","Poisoned Stab","Blade Dance"],"picked":"SKIP","floor":37},{"not_picked":["Backflip","Terror+1"],"picked":"Cloak And Dagger+1","floor":40},{"not_picked":["Dagger Throw","Quick Slash","Tools of the Trade+1"],"picked":"SKIP","floor":41}],"player_experience":1591280,"relics_obtained":[{"floor":7,"key":"Smiling Mask"},{"floor":9,"key":"Bronze Scales"},{"floor":10,"key":"Shuriken"},{"floor":25,"key":"Frozen Egg 2"},{"floor":26,"key":"The Specimen"},{"floor":30,"key":"Pen Nib"},{"floor":40,"key":"Matryoshka"}],"event_choices":[{"damage_healed":0,"gold_gain":0,"player_choice":"Upgraded","damage_taken":0,"max_hp_gain":0,"max_hp_loss":0,"event_name":"Upgrade Shrine","floor":3,"gold_loss":0,"cards_upgraded":["Neutralize"]},{"cards_removed":["All Out Attack"],"damage_healed":38,"gold_gain":0,"player_choice":"Offered Uncommon","damage_taken":0,"max_hp_gain":0,"max_hp_loss":0,"event_name":"Bonfire Elementals","floor":12,"gold_loss":0},{"damage_healed":0,"gold_gain":0,"player_choice":"Forge","damage_taken":0,"max_hp_gain":0,"max_hp_loss":0,"event_name":"Accursed Blacksmith","floor":14,"gold_loss":0,"cards_upgraded":["Crippling Poison"]},{"cards_removed":["Strike_G"],"damage_healed":0,"gold_gain":0,"player_choice":"Purged","damage_taken":0,"max_hp_gain":0,"max_hp_loss":0,"event_name":"Purifier","floor":20,"gold_loss":0},{"damage_healed":0,"gold_gain":50,"player_choice":"Stole From Cult","damage_taken":0,"max_hp_gain":0,"max_hp_loss":0,"event_name":"Nest","floor":21,"gold_loss":0},{"damage_healed":0,"gold_gain":0,"player_choice":"Smashed Altar","damage_taken":0,"max_hp_gain":0,"max_hp_loss":0,"event_name":"Forgotten Altar","floor":27,"gold_loss":0,"cards_obtained":["Decay"]},{"cards_removed":["Decay"],"damage_healed":0,"gold_gain":0,"player_choice":"Removed Curses","damage_taken":0,"max_hp_gain":0,"max_hp_loss":0,"event_name":"Fountain of Cleansing","floor":38,"gold_loss":0},{"cards_removed":["Defend_G"],"damage_healed":0,"gold_gain":0,"player_choice":"Removed Skill","damage_taken":0,"max_hp_gain":0,"max_hp_loss":0,"event_name":"Falling","floor":39,"gold_loss":0}],"is_beta":false,"boss_relics":[{"not_picked":["Eternal Feather","Pandora\u0027s Box"],"picked":"Runic Pyramid"},{"not_picked":["WristBlade","Calling Bell"],"picked":"Philosopher\u0027s Stone"}],"items_purged_floors":[8,19,36],"is_endless":false,"potions_floor_spawned":[5,13,18,24,25,30,35],"killed_by":"Reptomancer","ascension_level":20}