{"gold_per_floor":[109,129,145,145,26,26,56,86,124,162,193,231,243,266,278,368,380,408,18,30,30,58,58,85,85,85,85,112,112,112,143,143,222,222,236,34,134,181,181,216,236,262,285,285,314,314,189,411,411,411,411,411,411,12,46,46],"floor_reached":56,"playtime":3027,"items_purged":["Strike_R","Strike_R","Strike_R"],"score":2135,"play_id":"1ea81101-00c5-453b-aa33-6cbedd942398","local_time":"20190927131640","is_ascension_mode":true,"campfire_choices":[{"data":"Apotheosis","floor":6.0,"key":"SMITH"},{"data":"Inflame","floor":13.0,"key":"SMITH"},{"data":"Whirlwind","floor":15.0,"key":"SMITH"},{"floor":23.0,"key":"REST"},{"data":"Immolate","floor":25.0,"key":"SMITH"},{"floor":27.0,"key":"RECALL"},{"data":"Offering","floor":30.0,"key":"SMITH"},{"floor":32.0,"key":"REST"},{"floor":44.0,"key":"REST"},{"floor":49.0,"key":"REST"},{"floor":53.0,"key":"REST"}],"neow_cost":"PERCENT_DAMAGE","seed_source_timestamp":87164421671420,"circlet_count":0,"master_deck":["AscendersBane","Defend_R","Defend_R","Defend_R","Defend_R","Bash","Apotheosis+1","Clothesline","Whirlwind+1","Ghostly Armor","Metallicize","Inflame+1","Iron Wave","Shrug It Off","Anger","Immolate+1","True Grit","Seeing Red","Anger","Seeing Red","Offering+1","Shrug It Off+1","Demon Form","Feel No Pain","Heavy Blade","Feel No Pain","Disarm","Whirlwind+1","Exhume","Secret Technique","Disarm"],"special_seed":0,"relics":["Burning Blood","MawBank","Juzu Bracelet","Regal Pillow","Boot","Runic Pyramid","Question Card","Red Mask","Mercury Hourglass","Dream Catcher","FossilizedHelix","Letter Opener","Fusion Hammer","Chemical X","WingedGreaves","Pocketwatch","Pantograph","Akabeko","Toy Ornithopter","Membership Card","Shuriken","Dead Branch"],"potions_floor_usage":[56],"damage_taken":[{"damage":0.0,"enemies":"Cultist","floor":1.0,"turns":3.0},{"damage":18.0,"enemies":"Small Slimes","floor":2.0,"turns":6.0},{"damage":2.0,"enemies":"2 Louse","floor":3.0,"turns":2.0},{"damage":21.0,"enemies":"Lagavulin","floor":7.0,"turns":11.0},{"damage":5.0,"enemies":"Large Slime","floor":8.0,"turns":8.0},{"damage":8.0,"enemies":"Gremlin Nob","floor":10.0,"turns":3.0},{"damage":10.0,"enemies":"2 Fungi Beasts","floor":11.0,"turns":4.0},{"damage":3.0,"enemies":"Lagavulin","floor":12.0,"turns":9.0},{"damage":0.0,"enemies":"Blue Slaver","floor":14.0,"turns":4.0},{"damage":0.0,"enemies":"The Guardian","floor":16.0,"turns":14.0},{"damage":2.0,"enemies":"Spheric Guardian","floor":18.0,"turns":7.0},{"damage":11.0,"enemies":"Shell Parasite","floor":20.0,"turns":6.0},{"damage":50.0,"enemies":"Masked Bandits","floor":22.0,"turns":4.0},{"damage":10.0,"enemies":"Gremlin Leader","floor":24.0,"turns":5.0},{"damage":33.0,"enemies":"Book of Stabbing","floor":28.0,"turns":6.0},{"damage":5.0,"enemies":"Slavers","floor":31.0,"turns":3.0},{"damage":52.0,"enemies":"Collector","floor":33.0,"turns":8.0},{"damage":0.0,"enemies":"Orb Walker","floor":35.0,"turns":3.0},{"damage":0.0,"enemies":"Mind Bloom Boss Battle","floor":37.0,"turns":6.0},{"damage":31.0,"enemies":"2 Orb Walkers","floor":38.0,"turns":4.0},{"damage":13.0,"enemies":"Nemesis","floor":40.0,"turns":7.0},{"damage":0.0,"enemies":"3 Darklings","floor":41.0,"turns":2.0},{"damage":19.0,"enemies":"Reptomancer","floor":42.0,"turns":4.0},{"damage":37.0,"enemies":"Giant Head","floor":45.0,"turns":7.0},{"damage":13.0,"enemies":"Awakened One","floor":50.0,"turns":9.0},{"damage":52.0,"enemies":"Time Eater","floor":51.0,"turns":11.0},{"damage":12.0,"enemies":"Shield and Spear","floor":55.0,"turns":3.0},{"damage":88,"enemies":"The Heart","floor":56,"turns":6}],"seed_played":"-4297875775350307116","potions_obtained":[{"floor":2.0,"key":"BloodPotion"},{"floor":8.0,"key":"AttackPotion"},{"floor":10.0,"key":"LiquidBronze"},{"floor":11.0,"key":"Explosive Potion"},{"floor":16.0,"key":"Strength Potion"},{"floor":28.0,"key":"HeartOfIron"},{"floor":38.0,"key":"Ancient Potion"}],"is_trial":false,"path_per_floor":["M","M","M","?","$","R","E","M","T","E","M","E","R","M","R","B",null,"M","$","M","?","?","R","E","R","T","R","E","?","R","E","R","B",null,"M","$","?","?","?","E","M","E","T","R","E","?","$","?","R","B","B",null,"R","$","E","B"],"character_chosen":"IRONCLAD","items_purchased":["Ghostly Armor","Seeing Red","Question Card","Chemical X","Heavy Blade","Membership Card","Secret Technique","Shuriken"],"campfire_rested":5,"item_purchase_floors":[5,19,19,36,36,54,54,54],"current_hp_per_floor":[56,44,48,48,48,48,33,34,34,32,43,46,46,52,52,58,71,75,75,70,70,26,63,59,59,59,59,32,32,32,33,70,24,62,68,68,74,49,49,42,48,35,35,72,41,41,41,41,71,64,30,61,71,71,65,0],"gold":46,"neow_bonus":"RANDOM_COLORLESS_2","is_prod":false,"is_daily":false,"chose_seed":false,"campfire_upgraded":5,"win_rate":0,"timestamp":1569583000,"path_taken":["M","M","M","?","$","R","E","?","T","E","M","E","R","M","R","BOSS","M","$","M","?","?","R","E","R","T","R","E","?","R","E","R","BOSS","M","$","?","?","?","E","M","E","T","R","E","?","$","?","R","BOSS","BOSS","R","$","E","BOSS"],"build_version":"2019-09-26","purchased_purges":3,"victory":false,"max_hp_per_floor":[75,75,75,75,75,75,75,75,75,75,75,75,75,75,75,75,75,75,75,75,75,75,75,75,75,75,75,75,75,75,75,75,75,75,75,75,75,75,75,75,75,75,75,75,75,71,71,71,71,71,71,71,71,71,71,71],"card_choices":[{"not_picked":["Secret Weapon","Transmutation"],"picked":"Apotheosis","floor":0.0},{"not_picked":["Rage","Second Wind","Armaments"],"picked":"SKIP","floor":1.0},{"not_picked":["Clash","Ghostly Armor"],"picked":"Clothesline","floor":2.0},{"not_picked":["Infernal Blade","Cleave"],"picked":"Whirlwind","floor":3.0},{"not_picked":["Burning Pact","Blood for Blood"],"picked":"Metallicize","floor":7.0},{"not_picked":["Perfected Strike","True Grit"],"picked":"Inflame","floor":8.0},{"not_picked":["Perfected Strike","Clothesline"],"picked":"Iron Wave","floor":10.0},{"not_picked":["Pommel Strike","Thunderclap"],"picked":"Shrug It Off","floor":11.0},{"not_picked":["Intimidate","Body Slam"],"picked":"Anger","floor":12.0},{"not_picked":["Warcry","Anger","Searing Blow"],"picked":"SKIP","floor":14.0},{"not_picked":["Brutality","Dark Embrace"],"picked":"Immolate","floor":16.0},{"not_picked":["Blood for Blood","Body Slam"],"picked":"True Grit","floor":18.0},{"not_picked":["Perfected Strike","Power Through","Clash","Pommel Strike"],"picked":"SKIP","floor":20.0},{"not_picked":["Havoc","Flex","Rampage"],"picked":"Anger","floor":22.0},{"not_picked":["Anger","Carnage","Entrench"],"picked":"Seeing Red","floor":24.0},{"not_picked":["Cleave","Metallicize","Armaments"],"picked":"Offering","floor":28.0},{"not_picked":["Evolve+1","Thunderclap","Hemokinesis","Flex+1"],"picked":"SKIP","floor":31.0},{"not_picked":["Combust","Twin Strike+1","True Grit"],"picked":"Shrug It Off+1","floor":32.0},{"not_picked":["Reaper","Berserk","Barricade"],"picked":"Demon Form","floor":33.0},{"not_picked":["Cleave","Combust","Intimidate"],"picked":"Feel No Pain","floor":35.0},{"not_picked":["Flex","Pommel Strike","Armaments+1"],"picked":"Feel No Pain","floor":37.0},{"not_picked":["Demon Form","Body Slam","Seeing Red"],"picked":"Disarm","floor":40.0},{"not_picked":["Evolve","Flex","Shrug It Off"],"picked":"Whirlwind+1","floor":41.0},{"not_picked":["Anger","Cleave+1","Perfected Strike+1","Pummel"],"picked":"SKIP","floor":42.0},{"not_picked":["Carnage","Searing Blow","Body Slam","Blood for Blood"],"picked":"SKIP","floor":45.0},{"not_picked":["Warcry","Burning Pact","Thunderclap"],"picked":"Exhume","floor":49.0},{"not_picked":["Thunderclap+1","Rampage+1","Inflame"],"picked":"Disarm","floor":55.0}],"player_experience":2121087,"relics_obtained":[{"floor":7.0,"key":"MawBank"},{"floor":9.0,"key":"Juzu Bracelet"},{"floor":10.0,"key":"Regal Pillow"},{"floor":12.0,"key":"Boot"},{"floor":22.0,"key":"Red Mask"},{"floor":24.0,"key":"Mercury Hourglass"},{"floor":26.0,"key":"Dream Catcher"},{"floor":28.0,"key":"FossilizedHelix"},{"floor":31.0,"key":"Letter Opener"},{"floor":37.0,"key":"WingedGreaves"},{"floor":38.0,"key":"Pocketwatch"},{"floor":40.0,"key":"Pantograph"},{"floor":42.0,"key":"Akabeko"},{"floor":45.0,"key":"Toy Ornithopter"},{"floor":55.0,"key":"Dead Branch"}],"event_choices":[{"cards_removed":["Strike_R"],"damage_healed":0.0,"max_hp_gain":0.0,"max_hp_loss":0.0,"gold_gain":0.0,"event_name":"Purifier","player_choice":"Purged","floor":4.0,"gold_loss":0.0,"damage_taken":0.0},{"cards_removed":["Strike_R"],"damage_healed":0.0,"max_hp_gain":0.0,"max_hp_loss":0.0,"gold_gain":0.0,"event_name":"Purifier","player_choice":"Purged","floor":21.0,"gold_loss":0.0,"damage_taken":0.0},{"damage_healed":0.0,"max_hp_gain":0.0,"max_hp_loss":0.0,"gold_gain":0.0,"event_name":"Masked Bandits","player_choice":"Fought Bandits","floor":22.0,"gold_loss":0.0,"damage_taken":0.0},{"damage_healed":0.0,"max_hp_gain":0.0,"max_hp_loss":0.0,"gold_gain":0.0,"event_name":"The Mausoleum","player_choice":"Ignored","floor":29.0,"gold_loss":0.0,"damage_taken":0.0},{"damage_healed":0.0,"max_hp_gain":0.0,"max_hp_loss":0.0,"gold_gain":0.0,"event_name":"MindBloom","player_choice":"Fight","floor":37.0,"gold_loss":0.0,"damage_taken":0.0},{"damage_healed":0.0,"max_hp_gain":0.0,"max_hp_loss":0.0,"gold_gain":0.0,"event_name":"Mysterious Sphere","player_choice":"Fight","floor":38.0,"gold_loss":0.0,"damage_taken":0.0},{"damage_healed":0.0,"max_hp_gain":0.0,"max_hp_loss":0.0,"gold_gain":0.0,"event_name":"SensoryStone","player_choice":"Memory 1","floor":39.0,"gold_loss":0.0,"damage_taken":0.0},{"damage_healed":0.0,"max_hp_gain":0.0,"max_hp_loss":4.0,"gold_gain":0.0,"event_name":"Winding Halls","player_choice":"Max HP","floor":46.0,"gold_loss":0.0,"damage_taken":0.0},{"damage_healed":0.0,"max_hp_gain":0.0,"max_hp_loss":0.0,"gold_gain":222.0,"event_name":"Tomb of Lord Red Mask","player_choice":"Wore Mask","floor":48.0,"gold_loss":0.0,"damage_taken":0.0}],"is_beta":true,"boss_relics":[{"not_picked":["Tiny House","Ectoplasm"],"picked":"Runic Pyramid"},{"not_picked":["Busted Crown","Runic Dome"],"picked":"Fusion Hammer"}],"items_purged_floors":[5,19,47],"is_endless":false,"potions_floor_spawned":[2,8,10,11,16,18,28,38,40,41,45],"killed_by":"The Heart","ascension_level":20}