{"gold_per_floor":[114,125,125,125,50,76,87,116,116,116,126,126,126,136,136,210,210,224,234,181,199,218,218,61,61,139,166,166,193,205,222,222,296,296,312,327,327,347,366,392,392,392],"floor_reached":42,"playtime":1535,"items_purged":[],"score":1084,"play_id":"f86556e2-2bfd-4fac-92bb-0d11f7309fcf","local_time":"20181030005206","is_ascension_mode":true,"campfire_choices":[{"floor":10,"key":"DIG"},{"floor":15,"key":"REST"},{"floor":23,"key":"DIG"},{"floor":25,"key":"DIG"},{"floor":28,"key":"REST"},{"floor":32,"key":"REST"},{"floor":41,"key":"DIG"}],"neow_cost":"NONE","seed_source_timestamp":6932180202317,"circlet_count":0,"master_deck":["Strike_B","Strike_B","Strike_B","Defend_B","Defend_B","Defend_B","Defend_B","Zap","Dualcast","AscendersBane","White Noise+1","Gash","Compile Driver","Gash","Biased Cognition","Tempest","Coolheaded","Electrodynamics","Glacier","Cold Snap+1","Gash","Hologram","Coolheaded","Defragment","Regret","Storm","All For One","Rebound","Double Energy+1","Rainbow","Parasite","Writhe","Doubt","Self Repair","FTL+1","Writhe","Echo Form","Gash"],"relics":["Cracked Core","NeowsBlessing","Pen Nib","Shovel","Ice Cream","Symbiotic Virus","Boot","Cursed Key","Gambling Chip","Ornamental Fan","Question Card","StoneCalendar","Mummified Hand","Calling Bell","Bag of Marbles","Singing Bowl","Thread and Needle","Mango","DataDisk"],"potions_floor_usage":[21,27,27,27,42],"damage_taken":[{"damage":0,"enemies":"Jaw Worm","floor":1,"turns":1},{"damage":0,"enemies":"Cultist","floor":2,"turns":1},{"damage":0,"enemies":"Gremlin Nob","floor":6,"turns":1},{"damage":4,"enemies":"Small Slimes","floor":7,"turns":3},{"damage":30,"enemies":"3 Sentries","floor":8,"turns":8},{"damage":12,"enemies":"Exordium Thugs","floor":11,"turns":4},{"damage":7,"enemies":"Looter","floor":14,"turns":3},{"damage":31,"enemies":"Slime Boss","floor":16,"turns":5},{"damage":0,"enemies":"Spheric Guardian","floor":18,"turns":3},{"damage":15,"enemies":"2 Thieves","floor":19,"turns":3},{"damage":17,"enemies":"Snake Plant","floor":21,"turns":3},{"damage":3,"enemies":"Cultist and Chosen","floor":22,"turns":5},{"damage":31,"enemies":"Slavers","floor":27,"turns":5},{"damage":9,"enemies":"Book of Stabbing","floor":29,"turns":7},{"damage":6,"enemies":"Snecko","floor":30,"turns":4},{"damage":12,"enemies":"Snake Plant","floor":31,"turns":3},{"damage":18,"enemies":"Collector","floor":33,"turns":7},{"damage":15,"enemies":"Orb Walker","floor":35,"turns":4},{"damage":0,"enemies":"3 Shapes","floor":36,"turns":4},{"damage":20,"enemies":"Sphere and 2 Shapes","floor":38,"turns":3},{"damage":10,"enemies":"Maw","floor":39,"turns":5},{"damage":24,"enemies":"Nemesis","floor":40,"turns":6},{"damage":55,"enemies":"Reptomancer","floor":42,"turns":2}],"seed_played":"-866743221905972608","potions_obtained":[{"floor":2,"key":"Explosive Potion"},{"floor":8,"key":"EntropicBrew"},{"floor":16,"key":"FocusPotion"},{"floor":29,"key":"SteroidPotion"}],"is_trial":false,"path_per_floor":["M","M","?","?","?","E","M","E","T","R","M","?","?","M","R","B",null,"M","M","$","M","M","R","$","R","T","E","R","E","M","M","R","B",null,"M","M","?","M","M","E","R"],"character_chosen":"DEFECT","items_purchased":["Gash","Regen Potion","Defragment"],"campfire_rested":3,"item_purchase_floors":[20,24,24],"current_hp_per_floor":[64,64,64,64,64,64,60,30,30,30,18,18,18,11,32,1,54,54,39,39,22,19,19,19,19,19,22,43,34,28,16,37,19,58,43,43,57,44,43,40,40,0],"gold":392,"neow_bonus":"THREE_ENEMY_KILL","is_prod":false,"is_daily":false,"chose_seed":false,"campfire_upgraded":0,"win_rate":0,"timestamp":1540857126,"path_taken":["M","M","?","?","?","E","?","E","T","R","M","?","?","M","R","BOSS","M","M","$","?","M","R","?","R","T","E","R","E","M","M","R","BOSS","M","M","?","M","M","E","R","E"],"build_version":"2018-10-29v2","purchased_purges":0,"victory":false,"max_hp_per_floor":[71,71,71,71,71,71,71,71,71,71,71,71,71,71,71,71,71,71,71,71,71,71,71,71,71,71,71,71,71,71,71,71,71,71,71,71,71,71,73,87,87,87],"card_choices":[{"not_picked":["Stack","Aggregate"],"picked":"White Noise","floor":1},{"not_picked":["Beam Cell","Sweeping Beam"],"picked":"Gash","floor":2},{"not_picked":["Hologram","Steam"],"picked":"Compile Driver","floor":6},{"not_picked":["Steam Power","Undo"],"picked":"Gash","floor":7},{"not_picked":["Seek","Static Discharge"],"picked":"Biased Cognition","floor":8},{"not_picked":["Rip and Tear","Redo"],"picked":"Tempest","floor":11},{"not_picked":["Compile Driver","Barrage"],"picked":"Coolheaded","floor":14},{"not_picked":["Biased Cognition","Thunder Strike"],"picked":"Electrodynamics","floor":16},{"not_picked":["Rebound","Fusion"],"picked":"Glacier","floor":18},{"not_picked":["Coolheaded+1","Sweeping Beam"],"picked":"Cold Snap+1","floor":19},{"not_picked":["Steam","Steam Power"],"picked":"Hologram","floor":21},{"not_picked":["Rebound","Beam Cell"],"picked":"Coolheaded","floor":22},{"not_picked":["Consume","Compile Driver","Beam Cell"],"picked":"Storm","floor":27},{"not_picked":["Sweeping Beam","Multi-Cast","Self Repair"],"picked":"All For One","floor":29},{"not_picked":["Ball Lightning","Compile Driver","Skim"],"picked":"Rebound","floor":30},{"not_picked":["Go for the Eyes","Genetic Algorithm","Turbo"],"picked":"Double Energy+1","floor":31},{"not_picked":["Buffer","Thunder Strike","Hyperbeam"],"picked":"Rainbow","floor":33},{"not_picked":["Heatsinks","Hello World","Barrage"],"picked":"Self Repair","floor":35},{"not_picked":["Cold Snap+1","Steam","BootSequence"],"picked":"FTL+1","floor":36},{"not_picked":["Barrage+1","White Noise","Beam Cell+1"],"picked":"Echo Form","floor":38},{"not_picked":["BootSequence","Ball Lightning+1","Streamline","Go for the Eyes"],"picked":"Singing Bowl","floor":39},{"not_picked":["Conserve Battery","Sweeping Beam","Glacier"],"picked":"Gash","floor":40}],"player_experience":707521,"relics_obtained":[{"floor":6,"key":"Shovel"},{"floor":8,"key":"Ice Cream"},{"floor":9,"key":"Symbiotic Virus"},{"floor":10,"key":"Boot"},{"floor":23,"key":"Gambling Chip"},{"floor":25,"key":"Ornamental Fan"},{"floor":26,"key":"Question Card"},{"floor":27,"key":"StoneCalendar"},{"floor":29,"key":"Mummified Hand"},{"floor":34,"key":"Bag of Marbles"},{"floor":34,"key":"Singing Bowl"},{"floor":34,"key":"Thread and Needle"},{"floor":40,"key":"Mango"},{"floor":41,"key":"DataDisk"}],"event_choices":[{"damage_healed":0,"gold_gain":0,"player_choice":"Gave Potion","damage_taken":0,"relics_obtained":["Pen Nib"],"max_hp_gain":0,"max_hp_loss":0,"event_name":"WeMeetAgain","floor":3,"gold_loss":0},{"damage_healed":0,"gold_gain":0,"player_choice":"Forge","damage_taken":0,"max_hp_gain":0,"max_hp_loss":0,"event_name":"Accursed Blacksmith","floor":4,"gold_loss":0,"cards_upgraded":["White Noise"]},{"cards_removed":["Strike_B"],"damage_healed":0,"gold_gain":0,"player_choice":"Card Removal","damage_taken":0,"max_hp_gain":0,"max_hp_loss":0,"event_name":"The Cleric","floor":5,"gold_loss":75},{"damage_healed":0,"gold_gain":0,"player_choice":"Fled","damage_taken":0,"max_hp_gain":0,"max_hp_loss":0,"event_name":"Scrap Ooze","floor":12,"gold_loss":0},{"damage_healed":0,"gold_gain":0,"player_choice":"Ignored","damage_taken":0,"max_hp_gain":0,"max_hp_loss":0,"event_name":"Shining Light","floor":13,"gold_loss":0},{"damage_healed":14,"gold_gain":0,"player_choice":"Writhe","damage_taken":0,"max_hp_gain":0,"max_hp_loss":0,"event_name":"Winding Halls","floor":37,"gold_loss":0,"cards_obtained":["Writhe"]}],"is_beta":true,"boss_relics":[{"not_picked":["Pandora\u0027s Box","Snecko Eye"],"picked":"Cursed Key"},{"not_picked":["FrozenCore","Velvet Choker"],"picked":"Calling Bell"}],"items_purged_floors":[],"is_endless":false,"potions_floor_spawned":[2,8,16,18,19,29,35,39],"killed_by":"Reptomancer","ascension_level":17}