{"gold_per_floor":[110,110,122,150,172,184,216,228],"floor_reached":8,"playtime":557,"items_purged":[],"score":96,"play_id":"49fc5a64-43b9-40f9-8eda-d400fc6088ed","local_time":"20190126210547","is_ascension_mode":true,"campfire_choices":[{"data":"Deadly Poison","floor":6,"key":"SMITH"}],"neow_cost":"CURSE","seed_source_timestamp":30378571216935,"circlet_count":0,"master_deck":["AscendersBane","Defend_G","Defend_G","Defend_G","Defend_G","Defend_G","Strike_G","Strike_G","Strike_G","Strike_G","Strike_G","Survivor","Neutralize","hubris:Compulsion","Blur","Backflip","Acrobatics","Deadly Poison+1","Quick Slash"],"relics":["Ring of the Snake","Tingsha","MawBank"],"potions_floor_usage":[8],"damage_taken":[{"damage":4,"enemies":"Cultist","floor":1,"turns":5},{"damage":0,"enemies":"Jaw Worm","floor":4,"turns":6},{"damage":0,"enemies":"2 Louse","floor":5,"turns":5},{"damage":10,"enemies":"Large Slime","floor":7,"turns":7},{"damage":30,"enemies":"Gremlin Gang","floor":8,"turns":3}],"seed_played":"8187515020011567401","potions_obtained":[{"floor":1,"key":"Poison Potion"}],"is_trial":false,"path_per_floor":["M","?","?","M","M","R","M","M"],"character_chosen":"THE_SILENT","items_purchased":[],"campfire_rested":0,"item_purchase_floors":[],"current_hp_per_floor":[55,37,37,37,37,37,27,0],"gold":228,"neow_bonus":"ONE_RARE_RELIC","is_prod":false,"is_daily":false,"chose_seed":false,"campfire_upgraded":1,"win_rate":0,"timestamp":1548533147,"path_taken":["M","?","?","M","?","R","M","?"],"build_version":"2019-01-23","purchased_purges":0,"victory":false,"max_hp_per_floor":[66,66,66,66,66,66,66,66],"card_choices":[{"not_picked":["Outmaneuver","Dodge and Roll"],"picked":"Blur","floor":1},{"not_picked":["Distraction","hubris:SlightOfHand"],"picked":"Acrobatics","floor":4},{"not_picked":["Dagger Throw","Footwork"],"picked":"Deadly Poison","floor":5},{"not_picked":["hubris:SlightOfHand","Slice"],"picked":"Quick Slash","floor":7}],"player_experience":1167297,"relics_obtained":[],"event_choices":[{"damage_healed":0,"gold_gain":0,"player_choice":"Success","damage_taken":18,"relics_obtained":["MawBank"],"max_hp_gain":0,"max_hp_loss":0,"event_name":"Scrap Ooze","floor":2,"gold_loss":0},{"damage_healed":0,"gold_gain":0,"player_choice":"1 cards matched","damage_taken":0,"max_hp_gain":0,"max_hp_loss":0,"event_name":"Match and Keep!","floor":3,"gold_loss":0,"cards_obtained":["Backflip"]}],"is_beta":false,"boss_relics":[],"items_purged_floors":[],"is_endless":false,"potions_floor_spawned":[1],"killed_by":"Gremlin Gang","ascension_level":20}