{"gold_per_floor":[112,112,130,90,103,103,115,115,115,127,127,159,176,141,141,246,246,264,264],"floor_reached":19,"playtime":981,"items_purged":[],"score":262,"play_id":"c5f1de9f-edfc-4820-819b-cd3f9d0c8e02","local_time":"20180928094042","is_ascension_mode":true,"campfire_choices":[{"data":"Noxious Fumes","floor":6,"key":"SMITH"},{"data":"Leg Sweep","floor":8,"key":"SMITH"},{"data":"Crippling Poison","floor":11,"key":"SMITH"},{"data":"Adrenaline","floor":15,"key":"SMITH"}],"neow_cost":"NONE","seed_source_timestamp":3695535250007,"circlet_count":0,"master_deck":["Defend_G","Defend_G","Defend_G","Defend_G","Defend_G","Strike_G","Strike_G","Strike_G","Strike_G","Strike_G","Survivor","Neutralize+1","AscendersBane","Blade Dance","Underhanded Strike","Leg Sweep+1","Noxious Fumes+1","Deadly Poison","Crippling Poison+1","Bane","Adrenaline+1","Corpse Explosion","Injury","Injury","Doubt","Slice+1"],"relics":["Sozu","Kunai","Question Card","Calling Bell","Oddly Smooth Stone","Gremlin Horn","Tingsha"],"potions_floor_usage":[],"damage_taken":[{"damage":2,"enemies":"2 Louse","floor":1,"turns":3},{"damage":0,"enemies":"Jaw Worm","floor":3,"turns":4},{"damage":0,"enemies":"Small Slimes","floor":5,"turns":4},{"damage":19,"enemies":"3 Louse","floor":7,"turns":4},{"damage":0,"enemies":"2 Fungi Beasts","floor":10,"turns":5},{"damage":16,"enemies":"3 Sentries","floor":12,"turns":6},{"damage":7,"enemies":"Exordium Thugs","floor":13,"turns":4},{"damage":26,"enemies":"Hexaghost","floor":16,"turns":8},{"damage":9,"enemies":"Shell Parasite","floor":18,"turns":6},{"damage":48,"enemies":"Colosseum Slavers","floor":19,"turns":3}],"seed_played":"-8659668194792344657","potions_obtained":[],"is_trial":false,"path_per_floor":["M","?","M","$","M","R","M","R","T","M","R","E","M","?","R","B",null,"M"],"character_chosen":"THE_SILENT","items_purchased":["Leg Sweep"],"campfire_rested":0,"item_purchase_floors":[4],"current_hp_per_floor":[61,61,61,61,61,61,42,42,42,42,42,26,19,36,36,10,55,46,0],"gold":264,"neow_bonus":"BOSS_RELIC","is_prod":false,"is_daily":false,"chose_seed":false,"campfire_upgraded":4,"win_rate":0,"timestamp":1538120442,"path_taken":["M","?","M","$","M","R","M","R","T","M","R","E","M","?","R","BOSS","M","?"],"build_version":"2018-09-26v2","purchased_purges":0,"victory":false,"max_hp_per_floor":[70,70,70,70,70,70,70,70,70,70,70,70,70,70,70,70,70,70,70],"card_choices":[{"not_picked":["Slice","Dodge and Roll"],"picked":"Blade Dance","floor":1},{"not_picked":["Riddle With Holes","Flechettes"],"picked":"Underhanded Strike","floor":3},{"not_picked":["Predator","Poisoned Stab"],"picked":"Noxious Fumes","floor":5},{"not_picked":["Acrobatics","PiercingWail"],"picked":"Deadly Poison","floor":7},{"not_picked":["Flechettes","Dagger Spray"],"picked":"Crippling Poison","floor":10},{"not_picked":["Sucker Punch","Underhanded Strike"],"picked":"Bane","floor":12},{"not_picked":["Outmaneuver","Dagger Spray","Crippling Poison"],"picked":"Adrenaline","floor":13},{"not_picked":["Envenom","Burst","Wraith Form v2"],"picked":"Corpse Explosion","floor":16},{"not_picked":["Leg Sweep","PiercingWail","Cloak And Dagger"],"picked":"Slice+1","floor":18}],"player_experience":535456,"relics_obtained":[{"floor":9,"key":"Kunai"},{"floor":12,"key":"Question Card"},{"floor":17,"key":"Oddly Smooth Stone"},{"floor":17,"key":"Gremlin Horn"},{"floor":17,"key":"Tingsha"}],"event_choices":[{"event_name":"Living Wall","player_choice":"Grow","floor":2,"damage_taken":0},{"event_name":"The Cleric","player_choice":"Healed","floor":14,"damage_taken":0},{"event_name":"Colosseum","player_choice":"Fight","floor":19,"damage_taken":0}],"is_beta":true,"boss_relics":[{"not_picked":["Runic Pyramid","Eternal Feather"],"picked":"Calling Bell"}],"items_purged_floors":[],"is_endless":false,"potions_floor_spawned":[5,10,13,16,18],"killed_by":"Colosseum Slavers","ascension_level":11}