{"path_per_floor":["M","?","M","$","M","E","R","M","T","?","R","M","E","T","R","B",null,"M","M","M","$","?","E","R","?","T","R","E","M","$","M","R"],"character_chosen":"IRONCLAD","items_purchased":["Metallicize","Cleave","Ornamental Fan","Mind Blast"],"gold_per_floor":[109,109,129,60,77,108,108,98,98,127,127,145,179,179,179,274,274,292,309,320,35,35,66,66,66,90,90,119,132,26,42,42,42],"floor_reached":33,"campfire_rested":1,"playtime":2549,"current_hp_per_floor":[80,80,80,80,78,68,68,66,66,56,56,62,64,64,64,34,80,66,54,48,48,32,49,49,34,34,59,54,58,58,65,65,0],"items_purged":[],"gold":42,"score":295,"play_id":"fd84e775-9e0a-4c4a-a27a-d99fff128866","local_time":"20180513110621","is_prod":false,"is_daily":false,"chose_seed":false,"is_ascension_mode":false,"campfire_upgraded":5,"timestamp":1526202381,"path_taken":["M","?","M","$","?","E","R","?","T","?","R","M","E","?","R","BOSS","M","M","M","$","?","E","R","?","T","R","E","M","?","?","R","BOSS"],"build_version":"2018-05-10","seed_source_timestamp":324040150584,"purchased_purges":0,"victory":false,"master_deck":["Strike_R","Strike_R","Strike_R","Strike_R","Strike_R","Defend_R","Defend_R","Defend_R","Defend_R","Bash","Brutality","Heavy Blade+1","Sword Boomerang","Metallicize+1","Flex+1","Twin Strike","Thunderclap","Twin Strike","Rage+1","Infernal Blade+1","Demon Form+1","Pommel Strike","Shrug It Off+1","Flex+1","Cleave","Dark Shackles","Iron Wave","Intimidate","Heavy Blade","Mind Blast","Heavy Blade+1"],"max_hp_per_floor":[80,80,80,80,80,80,80,80,80,80,80,80,80,80,80,80,80,80,80,80,80,80,80,80,85,85,85,85,85,85,88,88,88],"relics":["Burning Blood","Torii","Centennial Puzzle","Odd Mushroom","Meat on the Bone","Dodecahedron","Lizard Tail","Ornamental Fan","Bag of Marbles","Anchor","Frozen Egg 2"],"card_choices":[{"not_picked":["Sword Boomerang","Perfected Strike"],"picked":"Heavy Blade","floor":1},{"not_picked":["True Grit","Flex"],"picked":"Sword Boomerang","floor":3},{"not_picked":["Perfected Strike","Bloodletting"],"picked":"Flex","floor":5},{"not_picked":["Clothesline","Second Wind"],"picked":"Twin Strike","floor":6},{"not_picked":["Bloodletting","Flex"],"picked":"Thunderclap","floor":8},{"not_picked":["Sword Boomerang","Thunderclap"],"picked":"Twin Strike","floor":10},{"not_picked":["Feel No Pain","Dual Wield"],"picked":"Rage","floor":12},{"not_picked":["Disarm","Cleave"],"picked":"Infernal Blade","floor":13},{"not_picked":["Limit Break","Bludgeon"],"picked":"Demon Form","floor":16},{"not_picked":["Clash","Perfected Strike"],"picked":"Pommel Strike","floor":18},{"not_picked":["Headbutt","Iron Wave"],"picked":"Shrug It Off","floor":19},{"not_picked":["Flame Barrier","Perfected Strike"],"picked":"Flex","floor":20},{"not_picked":["Clothesline","True Grit"],"picked":"Iron Wave","floor":23},{"not_picked":["Perfected Strike","Thunderclap"],"picked":"Intimidate","floor":28},{"not_picked":["Shockwave","Sword Boomerang"],"picked":"Heavy Blade","floor":29},{"not_picked":["Clash","Battle Trance"],"picked":"Heavy Blade","floor":31}],"player_experience":20536,"potions_floor_usage":[6,10,13,13,28,31,31,33],"damage_taken":[{"damage":6,"enemies":"2 Louse","floor":1,"turns":3},{"damage":1,"enemies":"Cultist","floor":3,"turns":3},{"damage":8,"enemies":"Small Slimes","floor":5,"turns":3},{"damage":16,"enemies":"Gremlin Nob","floor":6,"turns":4},{"damage":8,"enemies":"Exordium Thugs","floor":8,"turns":4},{"damage":16,"enemies":"The Mushroom Lair","floor":10,"turns":5},{"damage":0,"enemies":"Large Slime","floor":12,"turns":4},{"damage":4,"enemies":"3 Sentries","floor":13,"turns":5},{"damage":48,"enemies":"The Guardian","floor":16,"turns":10},{"damage":20,"enemies":"2 Thieves","floor":18,"turns":4},{"damage":18,"enemies":"Spheric Guardian","floor":19,"turns":4},{"damage":24,"enemies":"Centurion and Healer","floor":20,"turns":5},{"damage":44,"enemies":"Book of Stabbing","floor":23,"turns":6},{"damage":11,"enemies":"Gremlin Leader","floor":28,"turns":6},{"damage":2,"enemies":"Snake Plant","floor":29,"turns":4},{"damage":2,"enemies":"Slaver and Parasite","floor":31,"turns":4},{"damage":82,"enemies":"Collector","floor":33,"turns":6}],"event_choices":[{"event_name":"Upgrade Shrine","player_choice":"Upgraded","floor":2,"damage_taken":0},{"event_name":"Mushrooms","player_choice":"Fought Mushrooms","floor":10,"damage_taken":0},{"event_name":"Knowing Skull","player_choice":"CARD ","floor":22,"damage_taken":0},{"event_name":"Forgotten Altar","player_choice":"Shed Blood","floor":25,"damage_taken":0}],"boss_relics":[{"not_picked":["Orrery","Astrolabe"],"picked":"Lizard Tail"}],"potions_floor_spawned":[3,8,10,12,18,23,28,29],"seed_played":"-8046318450915767162","killed_by":"Collector","ascension_level":0,"is_trial":false}