{"path_per_floor":["M","M","M","M","?","E","R","E","T","E","R","?","R","M","R","B",null,"M","M","M","$","M","R"],"character_chosen":"DEFECT","items_purchased":["Cables","Anchor"],"gold_per_floor":[112,125,137,147,322,355,355,388,388,423,423,423,423,442,442,540,540,551,562,576,108,126,126,126],"floor_reached":24,"campfire_rested":1,"playtime":1249,"item_purchase_floors":[21,21],"current_hp_per_floor":[67,65,64,57,57,33,33,21,21,20,42,47,47,35,35,9,80,60,68,61,61,50,50,0],"items_purged":["Doubt"],"gold":126,"score":240,"play_id":"e3dbd340-5204-448b-99cd-38219fb8e3c7","local_time":"20180528013602","is_prod":false,"is_daily":false,"chose_seed":false,"is_ascension_mode":true,"campfire_upgraded":4,"win_rate":0,"timestamp":1527464162,"campfire_choices":[{"data":"Darkness","floor":7,"key":"SMITH"},{"floor":11,"key":"REST"},{"data":"Defragment","floor":13,"key":"SMITH"},{"data":"Zap","floor":15,"key":"SMITH"},{"data":"Defragment","floor":23,"key":"SMITH"}],"path_taken":["M","M","M","M","?","E","R","E","T","E","R","?","R","M","R","BOSS","M","M","M","$","?","R","E"],"build_version":"2018-05-25","seed_source_timestamp":48907519590632,"purchased_purges":1,"victory":false,"master_deck":["Strike_B","Strike_B","Strike_B","Strike_B","Defend_B","Defend_B","Defend_B","Defend_B","Zap+1","Dualcast","Reboot","Beam Cell","Darkness+1","Auto Shields","Self Repair","Steam","Defragment+1","Lockon","Self Repair","Fission","Defragment+1","Defragment","Sweeping Beam+1","Ball Lightning+1"],"max_hp_per_floor":[75,75,75,75,75,75,75,75,75,75,75,80,80,80,80,80,80,80,80,80,80,80,80,80],"relics":["Cracked Core","Darkstone Periapt","Ornamental Fan","Symbiotic Virus","Centennial Puzzle","Nuclear Battery","Cables","Anchor"],"card_choices":[{"not_picked":["Storm","Compile Driver"],"picked":"Beam Cell","floor":1},{"not_picked":["Ball Lightning","Sweeping Beam"],"picked":"Darkness","floor":2},{"not_picked":["Barrage","Turbo"],"picked":"Auto Shields","floor":3},{"not_picked":["Redo","Go for the Eyes"],"picked":"Self Repair","floor":4},{"not_picked":["Reinforced Body","Sweeping Beam"],"picked":"Steam","floor":6},{"not_picked":["Undo","Reboot"],"picked":"Defragment","floor":8},{"not_picked":["Streamline","Barrage"],"picked":"Lockon","floor":10},{"not_picked":["Compile Driver","Undo"],"picked":"Self Repair","floor":14},{"not_picked":["Machine Learning","Rainbow"],"picked":"Fission","floor":16},{"not_picked":["Skim","Stack+1"],"picked":"Defragment","floor":18},{"not_picked":["Melter","Static Discharge"],"picked":"Defragment","floor":19},{"not_picked":["Beam Cell","Blizzard+1"],"picked":"Sweeping Beam+1","floor":20},{"not_picked":["Recycle","Compile Driver+1"],"picked":"Ball Lightning+1","floor":22}],"player_experience":227981,"potions_floor_usage":[4,8,20,24,24],"damage_taken":[{"damage":8,"enemies":"Small Slimes","floor":1,"turns":2},{"damage":2,"enemies":"Jaw Worm","floor":2,"turns":3},{"damage":1,"enemies":"Cultist","floor":3,"turns":3},{"damage":7,"enemies":"Large Slime","floor":4,"turns":5},{"damage":31,"enemies":"3 Sentries","floor":6,"turns":9},{"damage":19,"enemies":"Gremlin Nob","floor":8,"turns":5},{"damage":8,"enemies":"Lagavulin","floor":10,"turns":5},{"damage":12,"enemies":"Lots of Slimes","floor":14,"turns":4},{"damage":33,"enemies":"Slime Boss","floor":16,"turns":11},{"damage":34,"enemies":"Shell Parasite","floor":18,"turns":8},{"damage":6,"enemies":"Chosen","floor":19,"turns":3},{"damage":30,"enemies":"Snake Plant","floor":20,"turns":5},{"damage":25,"enemies":"Chosen and Byrds","floor":22,"turns":6},{"damage":50,"enemies":"Gremlin Leader","floor":24,"turns":6}],"relics_obtained":[{"floor":6,"key":"Darkstone Periapt"},{"floor":8,"key":"Ornamental Fan"},{"floor":9,"key":"Symbiotic Virus"},{"floor":10,"key":"Centennial Puzzle"}],"event_choices":[{"event_name":"Liars Game","player_choice":"agreed","floor":5,"damage_taken":0},{"event_name":"Big Fish","player_choice":"Donut","floor":12,"damage_taken":0}],"boss_relics":[{"not_picked":["Astrolabe","Eternal Feather"],"picked":"Nuclear Battery"}],"items_purged_floors":[21],"potions_floor_spawned":[1,6,14,16,22],"seed_played":"4662489906828318286","killed_by":"Gremlin Leader","ascension_level":2,"potions_obtained":[{"floor":1,"key":"SteroidPotion"},{"floor":6,"key":"Weak Potion"},{"floor":14,"key":"Regen Potion"},{"floor":16,"key":"FearPotion"},{"floor":22,"key":"EssenceOfSteel"}],"is_trial":false}