{"gold_per_floor":[118,118,43,118,133,133,165,165,246,246,273,283,295,323,323,397,397,412,426,426,274,284,284,312,312,312,324,354,370,403,418,418,418],"floor_reached":33,"playtime":1305,"items_purged":["Strike_G"],"score":725,"play_id":"d1e96e9a-b418-4ed1-aa7f-144707590bf6","local_time":"20190902113322","is_ascension_mode":true,"campfire_choices":[{"data":"Skewer","floor":6,"key":"SMITH"},{"data":"Terror","floor":8,"key":"SMITH"},{"data":"Quick Slash","floor":10,"key":"SMITH"},{"data":"Cloak And Dagger","floor":15,"key":"SMITH"},{"data":"Footwork","floor":23,"key":"SMITH"},{"data":"Footwork","floor":32,"key":"SMITH"}],"neow_cost":"NONE","seed_source_timestamp":96507179581676,"circlet_count":0,"master_deck":["AscendersBane","Strike_G","Strike_G","Strike_G","Defend_G","Defend_G","Defend_G","Defend_G","Defend_G","Survivor","Neutralize+1","Terror+1","Skewer+1","Quick Slash+1","Sucker Punch","Cloak And Dagger+1","Deflect","PiercingWail","Leg Sweep","Footwork+1","Well Laid Plans","Crippling Poison","Poisoned Stab","Dagger Spray","Footwork+1"],"relics":["Ring of the Snake","NeowsBlessing","Vajra","Darkstone Periapt","Bottled Flame","Lantern","Sozu","NlothsMask","Happy Flower","Boot","Mango"],"potions_floor_usage":[11,16,28,33],"damage_taken":[{"damage":0,"enemies":"Small Slimes","floor":1,"turns":1},{"damage":0,"enemies":"2 Louse","floor":5,"turns":1},{"damage":0,"enemies":"Lagavulin","floor":7,"turns":1},{"damage":6,"enemies":"Gremlin Nob","floor":11,"turns":3},{"damage":0,"enemies":"Cultist","floor":12,"turns":2},{"damage":6,"enemies":"2 Fungi Beasts","floor":13,"turns":3},{"damage":6,"enemies":"Lagavulin","floor":14,"turns":6},{"damage":16,"enemies":"Slime Boss","floor":16,"turns":7},{"damage":5,"enemies":"2 Thieves","floor":18,"turns":4},{"damage":17,"enemies":"Chosen","floor":19,"turns":4},{"damage":5,"enemies":"Snecko","floor":22,"turns":4},{"damage":19,"enemies":"Gremlin Leader","floor":24,"turns":9},{"damage":0,"enemies":"Centurion and Healer","floor":27,"turns":6},{"damage":30,"enemies":"Book of Stabbing","floor":28,"turns":6},{"damage":0,"enemies":"3 Cultists","floor":29,"turns":7},{"damage":14,"enemies":"Gremlin Leader","floor":30,"turns":7},{"damage":2,"enemies":"Snecko","floor":31,"turns":3},{"damage":57,"enemies":"Collector","floor":33,"turns":13}],"seed_played":"7453776632169126722","potions_obtained":[{"floor":1,"key":"Swift Potion"},{"floor":7,"key":"Strength Potion"},{"floor":11,"key":"Fruit Juice"},{"floor":12,"key":"AttackPotion"},{"floor":16,"key":"Dexterity Potion"}],"is_trial":false,"path_per_floor":["M","?","?","?","M","R","E","R","T","R","E","M","M","E","R","B",null,"M","M","?","$","M","R","E","?","T","M","E","M","E","M","R","B"],"character_chosen":"THE_SILENT","items_purchased":["Well Laid Plans"],"campfire_rested":0,"item_purchase_floors":[21],"current_hp_per_floor":[59,59,59,48,48,48,48,48,48,48,47,47,41,35,35,19,58,53,36,36,36,31,31,12,81,81,81,51,51,51,49,49,0],"gold":418,"neow_bonus":"THREE_ENEMY_KILL","is_prod":false,"is_daily":false,"chose_seed":false,"campfire_upgraded":6,"win_rate":0,"timestamp":1567416802,"path_taken":["M","?","?","?","M","R","E","R","T","R","E","M","M","E","R","BOSS","M","M","?","$","?","R","E","?","T","M","E","?","E","M","R","BOSS"],"build_version":"2019-07-17","purchased_purges":1,"victory":false,"max_hp_per_floor":[66,66,66,66,66,66,66,66,66,66,71,71,71,71,71,71,71,71,71,71,71,71,71,71,81,81,81,81,81,95,95,95,95],"card_choices":[{"not_picked":["Dodge and Roll","Accuracy"],"picked":"Terror","floor":1},{"not_picked":["Masterful Stab","Deadly Poison"],"picked":"Skewer","floor":5},{"not_picked":["Setup","Deflect"],"picked":"Quick Slash","floor":7},{"not_picked":["Terror","Bullet Time"],"picked":"Sucker Punch","floor":11},{"not_picked":["Riddle With Holes","Bane"],"picked":"Cloak And Dagger","floor":12},{"not_picked":["Outmaneuver","Slice"],"picked":"Deflect","floor":13},{"not_picked":["Night Terror","Slice"],"picked":"PiercingWail","floor":14},{"not_picked":["Endless Agony","Predator+1"],"picked":"Leg Sweep","floor":18},{"not_picked":["Quick Slash","Poisoned Stab"],"picked":"Footwork","floor":19},{"not_picked":["Flying Knee","Dagger Throw","Sucker Punch"],"picked":"SKIP","floor":22},{"not_picked":["Dagger Spray","Quick Slash"],"picked":"Malaise","floor":24},{"not_picked":["Slice","PiercingWail"],"picked":"Crippling Poison","floor":27},{"not_picked":["Underhanded Strike","Setup+1"],"picked":"Poisoned Stab","floor":28},{"not_picked":["Acrobatics","Escape Plan"],"picked":"Dagger Spray","floor":29},{"not_picked":["Bane","Distraction","Blade Dance"],"picked":"SKIP","floor":30},{"not_picked":["Dodge and Roll","Poisoned Stab"],"picked":"Footwork","floor":31}],"player_experience":1994337,"relics_obtained":[{"floor":7,"key":"Vajra"},{"floor":9,"key":"Darkstone Periapt"},{"floor":11,"key":"Bottled Flame"},{"floor":14,"key":"Lantern"},{"floor":24,"key":"Happy Flower"},{"floor":28,"key":"Boot"},{"floor":30,"key":"Mango"}],"event_choices":[{"damage_healed":0,"gold_gain":0,"player_choice":"Grow","damage_taken":0,"max_hp_gain":0,"max_hp_loss":0,"event_name":"Living Wall","floor":2,"gold_loss":0,"cards_upgraded":["Neutralize"]},{"cards_removed":["Strike_G"],"damage_healed":0,"gold_gain":0,"player_choice":"Card Removal","damage_taken":0,"max_hp_gain":0,"max_hp_loss":0,"event_name":"The Cleric","floor":3,"gold_loss":75},{"damage_healed":0,"gold_gain":75,"player_choice":"Gather Gold","damage_taken":11,"max_hp_gain":0,"max_hp_loss":0,"event_name":"World of Goop","floor":4,"gold_loss":0},{"damage_healed":0,"gold_gain":0,"player_choice":"Trade","damage_taken":0,"relics_obtained":["NlothsMask"],"max_hp_gain":0,"max_hp_loss":0,"event_name":"FaceTrader","floor":20,"gold_loss":0},{"cards_removed":["Malaise"],"damage_healed":59,"gold_gain":0,"player_choice":"Offered Rare","damage_taken":0,"max_hp_gain":10,"max_hp_loss":0,"event_name":"Bonfire Elementals","floor":25,"gold_loss":0}],"is_beta":false,"boss_relics":[{"not_picked":["Ring of the Serpent","Fusion Hammer"],"picked":"Sozu"}],"items_purged_floors":[21],"is_endless":false,"potions_floor_spawned":[1,7,11,12,16,24,28,29],"killed_by":"Collector","ascension_level":20}