{"gold_per_floor":[119,129,147,158,177,177,210,210,259,184,209,209,230,247,247,325,325,295,45,45,45,45,45,45,45,45,45,45,45,45,45,45,45],"floor_reached":33,"playtime":5565,"items_purged":["Defend_R"],"score":683,"play_id":"47de41ef-4b6d-4765-87d1-8a46c84286a5","local_time":"20181017180711","is_ascension_mode":true,"campfire_choices":[{"data":"Rampage","floor":6,"key":"SMITH"},{"data":"Whirlwind","floor":8,"key":"SMITH"},{"data":"Rage","floor":12,"key":"SMITH"},{"data":"Perfected Strike","floor":15,"key":"SMITH"},{"data":"Double Tap","floor":30,"key":"SMITH"},{"data":"Armaments","floor":32,"key":"SMITH"}],"neow_cost":"NONE","seed_source_timestamp":28933214746416,"circlet_count":0,"master_deck":["Strike_R","Strike_R","Strike_R","Strike_R","Strike_R","Defend_R","Defend_R","Defend_R","Bash","AscendersBane","Rampage+1","Ghostly Armor","Headbutt","Perfected Strike+1","Iron Wave","Whirlwind+1","Rage+1","Perfected Strike","Double Tap+1","Intimidate","Flex+1","Shame","Disarm","Dual Wield","Inflame","Armaments+1","Armaments+1","Pommel Strike"],"relics":["Burning Blood","Ancient Tea Set","Blood Vial","Bottled Flame","Odd Mushroom","Ectoplasm","Mercury Hourglass","Anchor","Sundial","Red Mask","Question Card","Red Skull","PreservedInsect"],"potions_floor_usage":[18,23,28,31,33],"damage_taken":[{"damage":4,"enemies":"Jaw Worm","floor":1,"turns":5},{"damage":0,"enemies":"Small Slimes","floor":2,"turns":3},{"damage":6,"enemies":"Cultist","floor":3,"turns":3},{"damage":1,"enemies":"3 Louse","floor":4,"turns":5},{"damage":0,"enemies":"Red Slaver","floor":5,"turns":4},{"damage":19,"enemies":"Gremlin Nob","floor":7,"turns":4},{"damage":5,"enemies":"3 Sentries","floor":11,"turns":3},{"damage":0,"enemies":"The Mushroom Lair","floor":13,"turns":1},{"damage":7,"enemies":"Looter","floor":14,"turns":3},{"damage":0,"enemies":"Slime Boss","floor":16,"turns":8},{"damage":12,"enemies":"2 Thieves","floor":18,"turns":3},{"damage":0,"enemies":"3 Byrds","floor":20,"turns":3},{"damage":0,"enemies":"Snake Plant","floor":23,"turns":2},{"damage":0,"enemies":"Gremlin Leader","floor":24,"turns":5},{"damage":0,"enemies":"Masked Bandits","floor":25,"turns":1},{"damage":0,"enemies":"Cultist and Chosen","floor":27,"turns":3},{"damage":10,"enemies":"Book of Stabbing","floor":28,"turns":4},{"damage":23,"enemies":"Gremlin Leader","floor":31,"turns":5},{"damage":65,"enemies":"Collector","floor":33,"turns":5}],"seed_played":"816336931299701510","potions_obtained":[{"floor":2,"key":"Fire Potion"},{"floor":3,"key":"AttackPotion"},{"floor":20,"key":"SneckoOil"},{"floor":25,"key":"SneckoOil"},{"floor":31,"key":"Energy Potion"}],"is_trial":false,"path_per_floor":["M","M","M","M","M","R","E","R","T","$","E","R","?","M","R","B",null,"M","$","M","?","$","M","E","?","T","M","E","?","R","E","R"],"character_chosen":"IRONCLAD","items_purchased":["Mercury Hourglass"],"campfire_rested":0,"item_purchase_floors":[19],"current_hp_per_floor":[77,82,82,82,82,82,69,69,69,69,72,72,80,81,81,82,82,76,76,82,82,82,82,82,82,82,82,78,78,78,63,63,0],"gold":45,"neow_bonus":"TEN_PERCENT_HP_BONUS","is_prod":false,"is_daily":false,"chose_seed":false,"campfire_upgraded":6,"win_rate":0,"timestamp":1539792431,"path_taken":["M","M","M","M","M","R","E","R","T","$","E","R","?","M","R","BOSS","M","$","M","?","?","M","E","?","T","M","E","?","R","E","R","BOSS"],"build_version":"2018-10-16","purchased_purges":1,"victory":false,"max_hp_per_floor":[82,82,82,82,82,82,82,82,82,82,82,82,82,82,82,82,82,82,82,82,82,82,82,82,82,82,82,82,82,82,82,82,82],"card_choices":[{"not_picked":["True Grit","Body Slam"],"picked":"Rampage","floor":1},{"not_picked":["Intimidate","Sword Boomerang"],"picked":"Ghostly Armor","floor":2},{"not_picked":["Havoc","Feel No Pain"],"picked":"Headbutt","floor":3},{"not_picked":["Pommel Strike","Anger"],"picked":"Perfected Strike","floor":4},{"not_picked":["Entrench","Havoc"],"picked":"Iron Wave","floor":5},{"not_picked":["Body Slam","Havoc"],"picked":"Whirlwind","floor":7},{"not_picked":["Double Tap","Body Slam"],"picked":"Rage","floor":11},{"not_picked":["Sword Boomerang","Cleave"],"picked":"Perfected Strike","floor":13},{"not_picked":["Corruption","Reckless Charge","True Grit"],"picked":"SKIP","floor":14},{"not_picked":["Fiend Fire","Impervious"],"picked":"Double Tap","floor":16},{"not_picked":["Burning Pact","Power Through+1"],"picked":"Intimidate","floor":18},{"not_picked":["Entrench","Clash"],"picked":"Flex+1","floor":20},{"not_picked":["Blood for Blood","Heavy Blade"],"picked":"Disarm","floor":23},{"not_picked":["Iron Wave","Sentinel+1"],"picked":"Dual Wield","floor":24},{"not_picked":["Seeing Red","Warcry"],"picked":"Inflame","floor":25},{"not_picked":["Sword Boomerang","Reaper","Clothesline"],"picked":"Armaments","floor":27},{"not_picked":["Sword Boomerang","Thunderclap","Twin Strike"],"picked":"Armaments+1","floor":28},{"not_picked":["Havoc","Immolate","Clothesline","Dropkick+1"],"picked":"SKIP","floor":31}],"player_experience":631881,"relics_obtained":[{"floor":7,"key":"Ancient Tea Set"},{"floor":9,"key":"Blood Vial"},{"floor":11,"key":"Bottled Flame"},{"floor":13,"key":"Odd Mushroom"},{"floor":24,"key":"Sundial"},{"floor":25,"key":"Red Mask"},{"floor":26,"key":"Question Card"},{"floor":28,"key":"Red Skull"},{"floor":31,"key":"PreservedInsect"}],"event_choices":[{"damage_healed":0,"gold_gain":0,"player_choice":"Fought Mushrooms","damage_taken":0,"max_hp_gain":0,"max_hp_loss":0,"event_name":"Mushrooms","floor":13,"gold_loss":0},{"damage_healed":0,"gold_gain":0,"player_choice":"Stole Relic","damage_taken":0,"relics_obtained":["Anchor"],"max_hp_gain":0,"max_hp_loss":0,"event_name":"Addict","floor":21,"gold_loss":0,"cards_obtained":["Shame"]},{"damage_healed":0,"gold_gain":0,"player_choice":"Fought Bandits","damage_taken":0,"max_hp_gain":0,"max_hp_loss":0,"event_name":"Masked Bandits","floor":25,"gold_loss":0},{"damage_healed":0,"gold_gain":0,"player_choice":"Read","damage_taken":0,"max_hp_gain":0,"max_hp_loss":0,"event_name":"The Library","floor":29,"gold_loss":0,"cards_obtained":["Pommel Strike"]}],"is_beta":true,"boss_relics":[{"not_picked":["Coffee Dripper","Eternal Feather"],"picked":"Ectoplasm"}],"items_purged_floors":[10],"is_endless":false,"potions_floor_spawned":[2,3,4,20,25,31],"killed_by":"Collector","ascension_level":15}