{"gold_per_floor":[109,127,127,145,95,95,128,148,172,186,186,202,220,249,249,344,344,355,366,379,393,405,405,423,423,423,423,267,280,295,210,210,210],"floor_reached":33,"playtime":1830,"items_purged":["Regret"],"score":318,"play_id":"c842c5aa-7ee3-4327-933a-7aa24d4d84cb","local_time":"20181214212703","is_ascension_mode":true,"campfire_choices":[{"data":"Glacier","floor":6.0,"key":"SMITH"},{"data":"Zap","floor":11.0,"key":"SMITH"},{"data":"Cold Snap","floor":15.0,"key":"SMITH"},{"floor":23.0,"key":"REST"},{"floor":25.0,"key":"REST"},{"data":"Leap","floor":27.0,"key":"SMITH"},{"floor":32.0,"key":"REST"}],"neow_cost":"NONE","seed_source_timestamp":164273539760348,"circlet_count":0,"master_deck":["Strike_B","Strike_B","Strike_B","Strike_B","Defend_B","Defend_B","Defend_B","Zap+1","Dualcast","Glacier+1","Compile Driver","Gash","Leap+1","Cold Snap+1","Gash","Rainbow","Gash","Scrape","Capacitor"],"special_seed":0,"relics":["Cursed Key","Lantern","Oddly Smooth Stone","Strawberry","Regal Pillow","Lizard Tail","Matryoshka"],"potions_floor_usage":[33],"damage_taken":[{"damage":0.0,"enemies":"Small Slimes","floor":1.0,"turns":4.0},{"damage":0.0,"enemies":"Jaw Worm","floor":2.0,"turns":4.0},{"damage":0.0,"enemies":"2 Louse","floor":4.0,"turns":3.0},{"damage":25.0,"enemies":"Lagavulin","floor":7.0,"turns":9.0},{"damage":6.0,"enemies":"2 Fungi Beasts","floor":8.0,"turns":3.0},{"damage":3.0,"enemies":"Exordium Thugs","floor":10.0,"turns":5.0},{"damage":10.0,"enemies":"3 Louse","floor":12.0,"turns":4.0},{"damage":3.0,"enemies":"Exordium Wildlife","floor":13.0,"turns":5.0},{"damage":3.0,"enemies":"Gremlin Nob","floor":14.0,"turns":4.0},{"damage":22.0,"enemies":"Hexaghost","floor":16.0,"turns":12.0},{"damage":15.0,"enemies":"2 Thieves","floor":18.0,"turns":4.0},{"damage":2.0,"enemies":"Shell Parasite","floor":19.0,"turns":7.0},{"damage":45.0,"enemies":"3 Cultists","floor":20.0,"turns":6.0},{"damage":26.0,"enemies":"Snake Plant","floor":21.0,"turns":6.0},{"damage":10.0,"enemies":"Centurion and Healer","floor":22.0,"turns":6.0},{"damage":48.0,"enemies":"Cultist and Chosen","floor":24.0,"turns":8.0},{"damage":25.0,"enemies":"Snake Plant","floor":29.0,"turns":5.0},{"damage":18.0,"enemies":"3 Cultists","floor":30.0,"turns":6.0},{"damage":60,"enemies":"Collector","floor":33,"turns":7}],"seed_played":"-4851021173226631583","potions_obtained":[{"floor":4.0,"key":"PowerPotion"},{"floor":7.0,"key":"Poison Potion"},{"floor":13.0,"key":"Swift Potion"},{"floor":14.0,"key":"Energy Potion"},{"floor":20.0,"key":"Fire Potion"},{"floor":21.0,"key":"EssenceOfSteel"},{"floor":24.0,"key":"PowerPotion"},{"floor":29.0,"key":"FearPotion"}],"is_trial":false,"path_per_floor":["M","M","?","M","?","R","E","M","T","M","R","M","M","E","R","B",null,"M","M","M","M","M","R","M","R","T","R","$","M","M","?","R","B"],"character_chosen":"DEFECT","items_purchased":["Scrape"],"campfire_rested":3,"item_purchase_floors":[28],"current_hp_per_floor":[75,75,72,72,72,72,47,41,48,45,45,35,32,29,29,7,82,67,65,20,36,26,65,17,56,56,56,56,31,13,13,52,0],"gold":210,"neow_bonus":"BOSS_RELIC","is_prod":false,"is_daily":false,"chose_seed":false,"campfire_upgraded":4,"win_rate":0,"timestamp":1544794023,"path_taken":["M","M","?","M","?","R","E","M","T","M","R","M","M","E","R","BOSS","M","M","M","M","M","R","M","R","T","R","$","M","M","?","R","BOSS"],"build_version":"2018-12-13","purchased_purges":1,"victory":false,"max_hp_per_floor":[75,75,75,75,75,75,75,75,82,82,82,82,82,82,82,82,82,82,82,82,82,82,82,82,82,82,82,82,82,82,82,82,82],"card_choices":[{"not_picked":["Redo","BootSequence"],"picked":"Glacier","floor":1.0},{"not_picked":["Turbo","Self Repair","Loop"],"picked":"SKIP","floor":2.0},{"not_picked":["Compile Driver","Beam Cell","Rebound"],"picked":"SKIP","floor":4.0},{"not_picked":["Beam Cell","Rebound"],"picked":"Compile Driver","floor":4.0},{"not_picked":["Stack","Steam","Buffer"],"picked":"SKIP","floor":7.0},{"not_picked":["Self Repair","Ball Lightning"],"picked":"Gash","floor":8.0},{"not_picked":["Melter","Streamline"],"picked":"Leap","floor":10.0},{"not_picked":["Beam Cell","Ball Lightning","Leap"],"picked":"SKIP","floor":12.0},{"not_picked":["Reinforced Body","Streamline"],"picked":"Cold Snap","floor":13.0},{"not_picked":["Thunder Strike","Go for the Eyes"],"picked":"Gash","floor":14.0},{"not_picked":["Amplify","Multi-Cast"],"picked":"Rainbow","floor":16.0},{"not_picked":["Rebound+1","Beam Cell"],"picked":"Gash","floor":18.0},{"not_picked":["Beam Cell","Undo+1","Barrage"],"picked":"SKIP","floor":19.0},{"not_picked":["Redo","Lockon","Undo"],"picked":"SKIP","floor":20.0},{"not_picked":["Darkness","Rip and Tear","Compile Driver"],"picked":"SKIP","floor":21.0},{"not_picked":["Sunder","BootSequence+1","Go for the Eyes"],"picked":"SKIP","floor":22.0},{"not_picked":["Fusion+1","Darkness","Hologram+1"],"picked":"SKIP","floor":24.0},{"not_picked":["Turbo","Conserve Battery","Ball Lightning+1"],"picked":"SKIP","floor":29.0},{"not_picked":["Redo","Aggregate"],"picked":"Capacitor","floor":30.0}],"player_experience":284823,"relics_obtained":[{"floor":7.0,"key":"Oddly Smooth Stone"},{"floor":9.0,"key":"Strawberry"},{"floor":14.0,"key":"Regal Pillow"}],"event_choices":[{"damage_healed":0.0,"max_hp_gain":0.0,"max_hp_loss":0.0,"gold_gain":0.0,"event_name":"Scrap Ooze","player_choice":"Success","floor":3.0,"gold_loss":0.0,"damage_taken":3.0,"relics_obtained":["Lantern"]},{"cards_removed":["Defend_B"],"damage_healed":0.0,"max_hp_gain":0.0,"max_hp_loss":0.0,"gold_gain":0.0,"event_name":"The Cleric","player_choice":"Card Removal","floor":5.0,"gold_loss":50.0,"damage_taken":0.0},{"damage_healed":0.0,"max_hp_gain":0.0,"max_hp_loss":0.0,"gold_gain":0.0,"event_name":"Addict","player_choice":"Obtained Relic","floor":31.0,"gold_loss":85.0,"damage_taken":0.0,"relics_obtained":["Matryoshka"]}],"is_beta":false,"boss_relics":[{"not_picked":["Sozu","Snecko Eye"],"picked":"Lizard Tail"}],"items_purged_floors":[28],"is_endless":false,"potions_floor_spawned":[4,7,13,14,20,21,24,29],"killed_by":"Collector","ascension_level":4}