{"gold_per_floor":[12,23,41,61,76,105,105,133,133,144,154,154,154,173,173,273,273,285,33,49,64,74,100,135,170,170,180,180,193,210,239,239,343,343,354,132,151,166,166,194,194,224,224,234,234,254,154,187,187,187],"floor_reached":50,"playtime":7365,"items_purged":["Defend_R","Parasite"],"score":830,"play_id":"29033533-745f-44a8-9c81-bc6d60a0e032","local_time":"20190204144849","is_ascension_mode":false,"campfire_choices":[{"data":"Armaments","floor":7,"key":"SMITH"},{"floor":12,"key":"REST"},{"data":"Armaments","floor":15,"key":"SMITH"},{"floor":28,"key":"REST"},{"floor":32,"key":"REST"},{"floor":41,"key":"REST"},{"floor":45,"key":"REST"},{"data":"Defend_R","floor":49,"key":"PURGE"}],"neow_cost":"NO_GOLD","seed_source_timestamp":22606815759447,"circlet_count":0,"master_deck":["Strike_R","Strike_R","Strike_R","Strike_R+1","Strike_R","Defend_R","Defend_R","Bash","Pommel Strike","Armaments+1","Armaments+1","Body Slam+1","Seeing Red+1","Whirlwind","Second Wind","Feel No Pain","Perfected Strike","Seeing Red","Battle Trance+1","Impervious","Pommel Strike","Twin Strike+1","Inflame+1","Clothesline","Carnage+1","Inflame","Pommel Strike+1","Shrug It Off+1","Iron Wave+1","Shrug It Off","Perfected Strike+1","Pommel Strike+1","Dark Embrace","Heavy Blade+1","Infernal Blade+1","Iron Wave+1","Brutality","Perfected Strike+1","Seeing Red","Burning Pact+1","Sword Boomerang+1","Dropkick+1","Metallicize+1","Iron Wave+1"],"relics":["Burning Blood","Boot","Dream Catcher","Gremlin Horn","WingedGreaves","Black Star","Mercury Hourglass","PreservedInsect","Molten Egg 2","Orichalcum","War Paint","Peace Pipe","Letter Opener","Happy Flower","Shuriken","Meat on the Bone","Mark of Pain","Pen Nib","Charon\u0027s Ashes","Oddly Smooth Stone","Bottled Flame","Whetstone","Regal Pillow","Bag of Marbles","Pear"],"potions_floor_usage":[6,6,8,16,16,23,25,27,31,50],"damage_taken":[{"damage":0,"enemies":"Cultist","floor":1,"turns":4},{"damage":0,"enemies":"Small Slimes","floor":2,"turns":3},{"damage":0,"enemies":"2 Louse","floor":3,"turns":3},{"damage":7,"enemies":"Large Slime","floor":4,"turns":7},{"damage":5,"enemies":"Looter","floor":5,"turns":4},{"damage":45,"enemies":"3 Sentries","floor":6,"turns":12},{"damage":12,"enemies":"Gremlin Nob","floor":8,"turns":5},{"damage":0,"enemies":"Gremlin Gang","floor":10,"turns":2},{"damage":11,"enemies":"Blue Slaver","floor":11,"turns":5},{"damage":0,"enemies":"3 Louse","floor":14,"turns":1},{"damage":76,"enemies":"Hexaghost","floor":16,"turns":11},{"damage":12,"enemies":"Shell Parasite","floor":18,"turns":5},{"damage":0,"enemies":"3 Byrds","floor":20,"turns":4},{"damage":10,"enemies":"Snecko","floor":21,"turns":5},{"damage":17,"enemies":"Sentry and Sphere","floor":22,"turns":5},{"damage":51,"enemies":"Book of Stabbing","floor":23,"turns":5},{"damage":0,"enemies":"Gremlin Leader","floor":24,"turns":4},{"damage":25,"enemies":"Slavers","floor":25,"turns":5},{"damage":0,"enemies":"Centurion and Healer","floor":27,"turns":3},{"damage":8,"enemies":"Chosen and Byrds","floor":29,"turns":5},{"damage":0,"enemies":"3 Cultists","floor":30,"turns":3},{"damage":12,"enemies":"Gremlin Leader","floor":31,"turns":4},{"damage":71,"enemies":"Automaton","floor":33,"turns":10},{"damage":12,"enemies":"3 Shapes","floor":35,"turns":2},{"damage":9,"enemies":"Orb Walker","floor":37,"turns":3},{"damage":28,"enemies":"Writhing Mass","floor":38,"turns":6},{"damage":28,"enemies":"Giant Head","floor":40,"turns":7},{"damage":51,"enemies":"Nemesis","floor":42,"turns":4},{"damage":10,"enemies":"3 Darklings","floor":44,"turns":3},{"damage":16,"enemies":"Maw","floor":46,"turns":5},{"damage":0,"enemies":"Giant Head","floor":48,"turns":5},{"damage":102,"enemies":"Donu and Deca","floor":50,"turns":6}],"seed_played":"-2928558135609187096","potions_obtained":[{"floor":2,"key":"EssenceOfSteel"},{"floor":4,"key":"Regen Potion"},{"floor":5,"key":"Ancient Potion"},{"floor":8,"key":"Regen Potion"},{"floor":11,"key":"Fire Potion"},{"floor":18,"key":"Swift Potion"},{"floor":22,"key":"Strength Potion"},{"floor":23,"key":"EssenceOfSteel"},{"floor":24,"key":"SkillPotion"},{"floor":33,"key":"Poison Potion"},{"floor":37,"key":"Fire Potion"},{"floor":40,"key":"Explosive Potion"},{"floor":48,"key":"Fire Potion"}],"is_trial":false,"path_per_floor":["M","M","M","M","M","E","R","E","T","M","M","R","T","M","R","B",null,"M","$","M","M","M","E","E","E","T","M","R","M","M","E","R","B",null,"M","$","M","M","?","E","R","E","T","M","R","M","$","E","R","B"],"character_chosen":"IRONCLAD","items_purchased":["Mercury Hourglass","Pen Nib"],"campfire_rested":5,"item_purchase_floors":[19,36],"current_hp_per_floor":[96,96,96,95,96,72,72,66,66,72,67,95,95,96,96,41,96,90,90,96,92,81,36,42,23,23,29,57,55,61,55,83,30,96,90,90,87,65,65,55,83,50,50,58,96,86,86,102,102,0],"gold":187,"neow_bonus":"TWENTY_PERCENT_HP_BONUS","is_prod":false,"is_daily":false,"chose_seed":false,"campfire_upgraded":2,"win_rate":0.0,"timestamp":1549320529,"path_taken":["M","M","M","M","M","E","R","E","T","?","M","R","?","M","R","BOSS","M","$","M","M","M","E","E","E","T","M","R","M","M","E","R","BOSS","M","$","M","M","?","E","R","E","T","M","R","M","?","E","R","BOSS"],"build_version":"2019-01-23","purchased_purges":2,"victory":false,"max_hp_per_floor":[96,96,96,96,96,96,96,96,96,96,96,96,96,96,96,96,96,96,96,96,96,96,96,96,96,96,96,96,96,96,96,96,96,96,96,96,96,96,96,96,96,96,96,96,96,96,93,103,103,103],"card_choices":[{"not_picked":["Twin Strike","Rage"],"picked":"Pommel Strike","floor":1},{"not_picked":["Fire Breathing","Thunderclap"],"picked":"Armaments","floor":2},{"not_picked":["Iron Wave","Corruption"],"picked":"Armaments","floor":3},{"not_picked":["Blood for Blood","Dual Wield"],"picked":"Body Slam","floor":4},{"not_picked":["Flex","True Grit"],"picked":"Seeing Red","floor":5},{"not_picked":["Armaments","Dual Wield"],"picked":"Whirlwind","floor":6},{"not_picked":["Cleave","Spot Weakness"],"picked":"Second Wind","floor":8},{"not_picked":["Burning Pact","Inflame"],"picked":"Feel No Pain","floor":10},{"not_picked":["Flex","Bludgeon"],"picked":"Perfected Strike","floor":11},{"not_picked":["Perfected Strike","Headbutt"],"picked":"Seeing Red","floor":12},{"not_picked":["Fire Breathing","Thunderclap"],"picked":"Battle Trance","floor":14},{"not_picked":["Brutality","Reaper"],"picked":"Impervious","floor":16},{"not_picked":["Intimidate","Battle Trance"],"picked":"Pommel Strike","floor":18},{"not_picked":["Clash","Armaments"],"picked":"Twin Strike+1","floor":20},{"not_picked":["Cleave","Body Slam+1"],"picked":"Inflame+1","floor":21},{"not_picked":["Clash+1","Flex+1"],"picked":"Clothesline","floor":22},{"not_picked":["Juggernaut","Anger"],"picked":"Carnage+1","floor":23},{"not_picked":["Power Through+1","Warcry"],"picked":"Inflame","floor":24},{"not_picked":["Thunderclap+1","Clash+1"],"picked":"Pommel Strike+1","floor":25},{"not_picked":["Perfected Strike+1","Cleave+1"],"picked":"Shrug It Off+1","floor":27},{"not_picked":["Reckless Charge+1","Twin Strike+1"],"picked":"Iron Wave+1","floor":28},{"not_picked":["Flame Barrier","Flex"],"picked":"Warcry","floor":29},{"not_picked":["Thunderclap+1","Clash+1"],"picked":"Shrug It Off","floor":30},{"not_picked":["Thunderclap+1","Pummel+1"],"picked":"Perfected Strike+1","floor":31},{"not_picked":["Shrug It Off+1","Anger+1"],"picked":"Pommel Strike+1","floor":32},{"not_picked":["Brutality","Berserk"],"picked":"Dark Embrace","floor":33},{"not_picked":["Headbutt+1","Spot Weakness+1"],"picked":"Heavy Blade+1","floor":35},{"not_picked":["Pummel+1","Cleave+1"],"picked":"Infernal Blade+1","floor":37},{"not_picked":["Battle Trance+1","Sword Boomerang+1"],"picked":"Iron Wave+1","floor":38},{"not_picked":["Armaments+1","Cleave+1"],"picked":"Perfected Strike+1","floor":40},{"not_picked":["Sever Soul+1","True Grit"],"picked":"Seeing Red","floor":41},{"not_picked":["Rampage+1","Thunderclap+1"],"picked":"Burning Pact+1","floor":42},{"not_picked":["Reckless Charge+1","Cleave+1"],"picked":"Sword Boomerang+1","floor":44},{"not_picked":["Flame Barrier+1","Blood for Blood+1"],"picked":"Dropkick+1","floor":45},{"not_picked":["Bloodletting+1","Perfected Strike+1"],"picked":"Metallicize+1","floor":46},{"not_picked":["Reaper+1","Shockwave"],"picked":"Iron Wave+1","floor":48}],"player_experience":10965,"relics_obtained":[{"floor":6,"key":"Boot"},{"floor":8,"key":"Dream Catcher"},{"floor":9,"key":"Gremlin Horn"},{"floor":13,"key":"WingedGreaves"},{"floor":23,"key":"PreservedInsect"},{"floor":23,"key":"Molten Egg 2"},{"floor":24,"key":"Orichalcum"},{"floor":24,"key":"War Paint"},{"floor":25,"key":"Peace Pipe"},{"floor":25,"key":"Letter Opener"},{"floor":26,"key":"Happy Flower"},{"floor":31,"key":"Shuriken"},{"floor":31,"key":"Meat on the Bone"},{"floor":40,"key":"Charon\u0027s Ashes"},{"floor":40,"key":"Oddly Smooth Stone"},{"floor":42,"key":"Bottled Flame"},{"floor":42,"key":"Whetstone"},{"floor":43,"key":"Regal Pillow"},{"floor":48,"key":"Bag of Marbles"},{"floor":48,"key":"Pear"}],"event_choices":[{"damage_healed":0,"gold_gain":0,"cards_transformed":["Warcry"],"player_choice":"Transformed","damage_taken":0,"max_hp_gain":0,"max_hp_loss":0,"event_name":"Transmorgrifier","floor":39,"gold_loss":0,"cards_obtained":["Brutality"]}],"is_beta":false,"boss_relics":[{"not_picked":["Snecko Eye","Velvet Choker"],"picked":"Black Star"},{"not_picked":["Philosopher\u0027s Stone","Empty Cage"],"picked":"Mark of Pain"}],"items_purged_floors":[36,47],"is_endless":false,"potions_floor_spawned":[2,4,5,8,11,18,22,23,24,33,37,40,44,48],"killed_by":"Donu and Deca","ascension_level":0}