{"gold_per_floor":[116,129,142,40,40,40,73,73,145,145,179,179,179,193,193,267,267,267,267,267,267,38,38,38,38,38,38,38,38,38,38,38,38],"floor_reached":33,"playtime":1792,"items_purged":[],"score":536,"play_id":"e3dfcd24-0921-4c2d-aa9b-dd0b7b66757f","local_time":"20181128091233","is_ascension_mode":true,"campfire_choices":[{"data":"Chill","floor":6,"key":"SMITH"},{"data":"Loop","floor":10,"key":"SMITH"},{"data":"Zap","floor":15,"key":"SMITH"},{"data":"Biased Cognition","floor":23,"key":"SMITH"},{"floor":28,"key":"REST"},{"data":"Go for the Eyes","floor":32,"key":"SMITH"}],"neow_cost":"NONE","seed_source_timestamp":3852638133959,"circlet_count":0,"master_deck":["AscendersBane","Strike_B","Strike_B","Strike_B","Strike_B","Defend_B","Defend_B","Defend_B","Defend_B","Zap+1","Dualcast","Chill+1","Sweeping Beam","Rebound","Panacea+1","Loop+1","Undo","Ball Lightning","Biased Cognition+1","Sweeping Beam","Go for the Eyes+1","Hologram","Conserve Battery","Skim","Decay","Stack","Hologram+1"],"relics":["Cracked Core","NeowsBlessing","Bronze Scales","Pantograph","Ornamental Fan","Oddly Smooth Stone","Gremlin Horn","Bottled Tornado","Ectoplasm","Unceasing Top","ClockworkSouvenir","Dream Catcher","Girya"],"potions_floor_usage":[16,24,30,33],"damage_taken":[{"damage":0,"enemies":"Cultist","floor":1,"turns":1},{"damage":0,"enemies":"2 Louse","floor":2,"turns":1},{"damage":0,"enemies":"Small Slimes","floor":3,"turns":1},{"damage":34,"enemies":"Gremlin Nob","floor":7,"turns":5},{"damage":6,"enemies":"3 Sentries","floor":11,"turns":9},{"damage":2,"enemies":"3 Louse","floor":14,"turns":2},{"damage":22,"enemies":"Hexaghost","floor":16,"turns":8},{"damage":10,"enemies":"Chosen","floor":18,"turns":5},{"damage":10,"enemies":"Spheric Guardian","floor":20,"turns":4},{"damage":18,"enemies":"Snake Plant","floor":21,"turns":3},{"damage":6,"enemies":"Shelled Parasite and Fungi","floor":24,"turns":4},{"damage":0,"enemies":"Snecko","floor":25,"turns":4},{"damage":5,"enemies":"Centurion and Healer","floor":29,"turns":6},{"damage":17,"enemies":"Slavers","floor":30,"turns":5},{"damage":40,"enemies":"Collector","floor":33,"turns":6}],"seed_played":"-496022661515045282","potions_obtained":[{"floor":1,"key":"GamblersBrew"},{"floor":2,"key":"LiquidBronze"},{"floor":18,"key":"LiquidBronze"},{"floor":20,"key":"SkillPotion"},{"floor":25,"key":"Swift Potion"},{"floor":30,"key":"Weak Potion"}],"is_trial":false,"path_per_floor":["M","M","M","$","?","R","E","?","T","R","E","?","T","M","R","B",null,"M","?","M","M","$","R","M","M","T","?","R","M","E","$","R","B"],"character_chosen":"DEFECT","items_purchased":["Panacea","ClockworkSouvenir"],"campfire_rested":1,"item_purchase_floors":[4,22],"current_hp_per_floor":[64,64,64,64,64,64,30,30,30,30,24,13,13,11,11,14,57,47,47,37,19,19,19,13,13,13,13,34,29,12,12,12,0],"gold":38,"neow_bonus":"THREE_ENEMY_KILL","is_prod":false,"is_daily":false,"chose_seed":false,"campfire_upgraded":5,"win_rate":0,"timestamp":1543392753,"path_taken":["M","?","?","$","?","R","E","?","T","R","E","?","?","M","R","BOSS","M","?","M","M","$","R","?","?","T","?","R","M","E","?","R","BOSS"],"build_version":"2018-11-15","purchased_purges":0,"victory":false,"max_hp_per_floor":[71,71,71,71,71,71,71,71,71,71,71,71,71,71,71,71,71,71,71,71,71,71,71,71,71,71,71,71,71,71,71,71,71],"card_choices":[{"not_picked":["Go for the Eyes","Beam Cell"],"picked":"Chill","floor":1},{"not_picked":["Gash","Conserve Battery"],"picked":"Sweeping Beam","floor":2},{"not_picked":["Turbo","Barrage"],"picked":"Rebound","floor":3},{"not_picked":["Reboot","Undo"],"picked":"Loop","floor":7},{"not_picked":["Fusion","Leap"],"picked":"Undo","floor":11},{"not_picked":["Conserve Battery","Chill"],"picked":"Ball Lightning","floor":14},{"not_picked":["Meteor Strike","All For One"],"picked":"Biased Cognition","floor":16},{"not_picked":["Barrage","Turbo+1"],"picked":"Sweeping Beam","floor":18},{"not_picked":["Gash","Steam"],"picked":"Go for the Eyes","floor":20},{"not_picked":["Skim","White Noise"],"picked":"Hologram","floor":21},{"not_picked":["Gash","Steam Power"],"picked":"Conserve Battery","floor":24},{"not_picked":["Barrage","Turbo"],"picked":"Skim","floor":25},{"not_picked":["Turbo","Reprogram"],"picked":"Stack","floor":29},{"not_picked":["Rebound","Conserve Battery"],"picked":"Hologram+1","floor":30}],"player_experience":905004,"relics_obtained":[{"floor":7,"key":"Bronze Scales"},{"floor":9,"key":"Ornamental Fan"},{"floor":11,"key":"Oddly Smooth Stone"},{"floor":13,"key":"Bottled Tornado"},{"floor":26,"key":"Dream Catcher"},{"floor":30,"key":"Girya"}],"event_choices":[{"damage_healed":0,"gold_gain":0,"player_choice":"Grow","damage_taken":0,"max_hp_gain":0,"max_hp_loss":0,"event_name":"Living Wall","floor":5,"gold_loss":0,"cards_upgraded":["Panacea"]},{"damage_healed":0,"gold_gain":0,"player_choice":"Searched \u00272\u0027 times","damage_taken":0,"relics_obtained":["Pantograph"],"max_hp_gain":0,"max_hp_loss":0,"event_name":"Dead Adventurer","floor":8,"gold_loss":0},{"damage_healed":0,"gold_gain":0,"player_choice":"Success","damage_taken":11,"relics_obtained":["Gremlin Horn"],"max_hp_gain":0,"max_hp_loss":0,"event_name":"Scrap Ooze","floor":12,"gold_loss":0},{"damage_healed":0,"gold_gain":0,"player_choice":"Gave Potion","damage_taken":0,"relics_obtained":["Unceasing Top"],"max_hp_gain":0,"max_hp_loss":0,"event_name":"WeMeetAgain","floor":19,"gold_loss":0},{"damage_healed":0,"gold_gain":0,"player_choice":"Smashed Altar","damage_taken":0,"max_hp_gain":0,"max_hp_loss":0,"event_name":"Forgotten Altar","floor":27,"gold_loss":0,"cards_obtained":["Decay"]}],"is_beta":true,"boss_relics":[{"not_picked":["Black Star","Runic Dome"],"picked":"Ectoplasm"}],"items_purged_floors":[],"is_endless":false,"potions_floor_spawned":[1,2,11,18,20,25,30],"killed_by":"Collector","ascension_level":19}