{"path_per_floor":["M","M","?","M","M","R","M","R","T","E","M","?","E","M","R","B",null,"M","?","?","M","M","E","R","E","T","R","M","M","?","M","R"],"character_chosen":"THE_SILENT","items_purchased":[],"gold_per_floor":[99,99,99,99,99,99,99,99,99,99,99,99,99,99,99,99,99,39,39,39,39,39,39,39,39,39,39,39,39,39,39,39,39],"floor_reached":33,"campfire_rested":1,"playtime":1906,"item_purchase_floors":[],"current_hp_per_floor":[63,63,56,56,56,56,50,50,50,40,40,40,40,38,38,38,62,42,42,42,44,49,47,47,38,38,38,37,17,17,4,18,0],"items_purged":[],"gold":39,"score":551,"play_id":"04105651-b77e-47e7-b099-103034ba4922","local_time":"20180613171756","is_prod":false,"is_daily":false,"chose_seed":false,"is_ascension_mode":true,"campfire_upgraded":5,"win_rate":0,"timestamp":1528903076,"campfire_choices":[{"data":"Choke","floor":6,"key":"SMITH"},{"data":"Dash","floor":8,"key":"SMITH"},{"data":"Crippling Poison","floor":15,"key":"SMITH"},{"data":"Crippling Poison","floor":24,"key":"SMITH"},{"data":"Noxious Fumes","floor":27,"key":"SMITH"},{"floor":32,"key":"REST"}],"path_taken":["M","M","?","M","M","R","M","R","T","E","M","?","E","M","R","BOSS","M","?","?","M","M","E","R","E","T","R","M","M","?","M","R","BOSS"],"build_version":"2018-06-12","seed_source_timestamp":30212109009079,"purchased_purges":0,"victory":false,"master_deck":["Defend_G","Defend_G","Defend_G","Defend_G","Survivor","Neutralize","Riddle With Holes","Dash+1","PiercingWail+1","Choke+1","Deadly Poison+1","Footwork+1","Quick Slash","Crippling Poison+1","Acrobatics","Storm of Steel","Crippling Poison+1","Bite","Bite","Bite","Bite","Bite","Sucker Punch","Sucker Punch+1","Bouncing Flask","Noxious Fumes+1","Dodge and Roll+1","Heel Hook+1","Well Laid Plans"],"max_hp_per_floor":[70,70,70,70,70,70,70,70,70,70,70,70,70,70,70,70,70,70,70,49,49,49,49,49,49,49,49,49,49,49,49,49,49],"special_seed":0,"relics":["Ectoplasm","Blue Candle","Matryoshka","War Paint","Philosopher\u0027s Stone","Ancient Tea Set","Art of War","Orichalcum","Nloth\u0027s Gift"],"card_choices":[{"not_picked":["Flying Knee","Underhanded Strike"],"picked":"Riddle With Holes","floor":1},{"not_picked":["Deflect","Outmaneuver"],"picked":"Dash","floor":2},{"not_picked":["Deflect","Dagger Throw"],"picked":"PiercingWail","floor":4},{"not_picked":["Poisoned Stab","Underhanded Strike"],"picked":"Choke","floor":5},{"not_picked":["Underhanded Strike","Predator"],"picked":"Deadly Poison","floor":7},{"not_picked":["Finisher","Terror"],"picked":"Footwork","floor":10},{"not_picked":["Deadly Poison","Dagger Throw"],"picked":"Quick Slash","floor":11},{"not_picked":["Deadly Poison","Outmaneuver"],"picked":"Crippling Poison","floor":13},{"not_picked":["Tactician","Leg Sweep"],"picked":"Acrobatics","floor":14},{"not_picked":["Doppelganger","Die Die Die"],"picked":"Storm of Steel","floor":16},{"not_picked":["PiercingWail","Backflip"],"picked":"Crippling Poison","floor":18},{"not_picked":["Distraction","Slice"],"picked":"Sucker Punch","floor":21},{"not_picked":["Quick Slash","Dagger Spray"],"picked":"Sucker Punch+1","floor":22},{"not_picked":["Flying Knee","Sucker Punch"],"picked":"Bouncing Flask","floor":23},{"not_picked":["Venomology","Prepared"],"picked":"Noxious Fumes","floor":25},{"not_picked":["Endless Agony","Slice+1"],"picked":"Dodge and Roll+1","floor":28},{"not_picked":["PiercingWail","Flying Knee"],"picked":"Heel Hook+1","floor":29},{"not_picked":["Distraction","Calculated Gamble"],"picked":"Well Laid Plans","floor":31}],"player_experience":326157,"potions_floor_usage":[13,13,13,16,22,22,23,29],"damage_taken":[{"damage":0,"enemies":"2 Louse","floor":1,"turns":3},{"damage":0,"enemies":"Jaw Worm","floor":2,"turns":3},{"damage":0,"enemies":"Cultist","floor":4,"turns":3},{"damage":0,"enemies":"2 Fungi Beasts","floor":5,"turns":4},{"damage":6,"enemies":"Lots of Slimes","floor":7,"turns":5},{"damage":10,"enemies":"3 Sentries","floor":10,"turns":8},{"damage":0,"enemies":"Large Slime","floor":11,"turns":4},{"damage":0,"enemies":"Lagavulin","floor":13,"turns":5},{"damage":2,"enemies":"Blue Slaver","floor":14,"turns":3},{"damage":0,"enemies":"Hexaghost","floor":16,"turns":8},{"damage":20,"enemies":"2 Thieves","floor":18,"turns":4},{"damage":0,"enemies":"Chosen","floor":21,"turns":3},{"damage":15,"enemies":"Snake Plant","floor":22,"turns":4},{"damage":6,"enemies":"Gremlin Leader","floor":23,"turns":4},{"damage":17,"enemies":"Book of Stabbing","floor":25,"turns":4},{"damage":5,"enemies":"Chosen and Byrds","floor":28,"turns":4},{"damage":30,"enemies":"Centurion and Healer","floor":29,"turns":5},{"damage":17,"enemies":"Cultist and Chosen","floor":31,"turns":5},{"damage":34,"enemies":"Champ","floor":33,"turns":9}],"relics_obtained":[{"floor":9,"key":"Blue Candle"},{"floor":10,"key":"Matryoshka"},{"floor":13,"key":"War Paint"},{"floor":23,"key":"Ancient Tea Set"},{"floor":25,"key":"Art of War"},{"floor":26,"key":"Orichalcum"},{"floor":26,"key":"Centennial Puzzle"}],"event_choices":[{"event_name":"Golden Wing","player_choice":"Card Removal","floor":3,"damage_taken":0},{"event_name":"Accursed Blacksmith","player_choice":"Forge","floor":12,"damage_taken":0},{"event_name":"Purifier","player_choice":"One Purge","floor":19,"damage_taken":0},{"event_name":"Vampires","player_choice":"Became a vampire","floor":20,"damage_taken":0},{"event_name":"N\u0027loth","player_choice":"Traded a Centennial Puzzle","floor":30,"damage_taken":0}],"boss_relics":[{"not_picked":["Lizard Tail","White Beast Statue"],"picked":"Philosopher\u0027s Stone"}],"items_purged_floors":[],"potions_floor_spawned":[1,7,10,13,16,18,21,28],"seed_played":"-3759304537278931911","killed_by":"Champ","ascension_level":8,"potions_obtained":[{"floor":1,"key":"Dexterity Potion"},{"floor":7,"key":"SpeedPotion"},{"floor":10,"key":"Energy Potion"},{"floor":13,"key":"PowerPotion"},{"floor":16,"key":"Regen Potion"},{"floor":18,"key":"SkillPotion"},{"floor":21,"key":"Fire Potion"},{"floor":28,"key":"SkillPotion"}],"is_trial":false}