{"path_per_floor":["M","M","T","$","M","E","R","M","T","M","R","M","$","E","R","B",null,"M","$","M","M","M","R","E","?","T","R","?","E","M","?","R"],"character_chosen":"THE_SILENT","items_purchased":["Infinite Blades","Apotheosis","Footwork"],"gold_per_floor":[119,136,136,67,82,112,112,124,202,222,222,234,54,81,81,182,212,226,145,165,181,201,201,228,228,252,252,252,281,293,208,208,208],"floor_reached":33,"campfire_rested":2,"playtime":1616,"item_purchase_floors":[4,13,19],"current_hp_per_floor":[62,62,62,62,62,43,43,35,35,32,32,34,34,33,33,29,65,63,63,41,42,39,39,26,26,26,48,48,32,32,32,54,0],"items_purged":[],"gold":208,"score":386,"play_id":"654875f4-ae81-4ce6-ad54-e4e371c92817","local_time":"20180601120109","is_prod":false,"is_daily":false,"chose_seed":false,"is_ascension_mode":true,"campfire_upgraded":4,"win_rate":0,"timestamp":1527847269,"campfire_choices":[{"data":"Crippling Poison","floor":7,"key":"SMITH"},{"data":"Skewer","floor":11,"key":"SMITH"},{"data":"Apotheosis","floor":15,"key":"SMITH"},{"data":"Adrenaline","floor":23,"key":"SMITH"},{"floor":27,"key":"REST"},{"floor":32,"key":"REST"}],"path_taken":["M","M","?","?","?","E","R","M","T","M","R","M","$","E","R","BOSS","M","$","M","M","M","R","E","?","T","R","?","E","M","?","R","BOSS"],"build_version":"2018-05-30v2","seed_source_timestamp":8652320100590,"purchased_purges":0,"victory":false,"master_deck":["Defend_G","Defend_G","Defend_G","Defend_G","Defend_G","Strike_G","Strike_G","Strike_G","Strike_G","Strike_G","Survivor","Neutralize","Cloak And Dagger","Backstab","Infinite Blades","Crippling Poison+1","Skewer+1","Flying Knee","Outmaneuver+1","Night Terror","Apotheosis+1","Cloak And Dagger","Adrenaline+1","Dash","Dagger Spray+1","Footwork","Flying Knee","Endless Agony","Heel Hook+1","Setup+1","Die Die Die","Acrobatics","Flying Knee+1","Well Laid Plans"],"max_hp_per_floor":[70,70,70,70,70,70,70,70,70,70,70,70,70,70,70,70,75,75,75,75,75,75,75,75,75,75,75,75,75,75,75,75,75],"relics":["Lizard Tail","Matryoshka","Ancient Tea Set","Boot","Meat on the Bone","Ginger","Tiny House","Orichalcum","Juzu Bracelet","Bronze Scales","Pen Nib","Dream Catcher"],"card_choices":[{"not_picked":["Sucker Punch","Flying Knee"],"picked":"Cloak And Dagger","floor":1},{"not_picked":["Infinite Blades","Deadly Poison"],"picked":"Backstab","floor":2},{"not_picked":["Underhanded Strike","Backflip"],"picked":"Crippling Poison","floor":5},{"not_picked":["PiercingWail","Poisoned Stab"],"picked":"Skewer","floor":6},{"not_picked":["Finisher","PiercingWail"],"picked":"Flying Knee","floor":8},{"not_picked":["Caltrops","Bane"],"picked":"Outmaneuver","floor":10},{"not_picked":["Calculated Gamble","Deflect"],"picked":"Night Terror","floor":12},{"not_picked":["Underhanded Strike","Prepared"],"picked":"Cloak And Dagger","floor":14},{"not_picked":["Burst","Tools of the Trade"],"picked":"Adrenaline","floor":16},{"not_picked":["Eviscerate","Leg Sweep"],"picked":"Dash","floor":17},{"not_picked":["Reflex","Dodge and Roll"],"picked":"Dagger Spray+1","floor":18},{"not_picked":["Expertise","Choke"],"picked":"Flying Knee","floor":20},{"not_picked":["Flying Knee","Choke"],"picked":"Endless Agony","floor":21},{"not_picked":["Cloak And Dagger+1","Dagger Throw+1"],"picked":"Heel Hook+1","floor":22},{"not_picked":["Glass Knife","Predator"],"picked":"Setup+1","floor":24},{"not_picked":["Expertise+1","Bane"],"picked":"Acrobatics","floor":29},{"not_picked":["Prepared+1","Outmaneuver"],"picked":"Flying Knee+1","floor":30},{"not_picked":["Quick Slash","Corpse Explosion"],"picked":"Well Laid Plans","floor":32}],"player_experience":253785,"potions_floor_usage":[14,16,16,18,18,20,20,24,24,33,33],"damage_taken":[{"damage":1,"enemies":"Cultist","floor":1,"turns":4},{"damage":0,"enemies":"Jaw Worm","floor":2,"turns":7},{"damage":0,"enemies":"2 Louse","floor":5,"turns":2},{"damage":19,"enemies":"3 Sentries","floor":6,"turns":10},{"damage":8,"enemies":"Red Slaver","floor":8,"turns":2},{"damage":15,"enemies":"Exordium Thugs","floor":10,"turns":5},{"damage":10,"enemies":"Exordium Wildlife","floor":12,"turns":3},{"damage":13,"enemies":"Gremlin Nob","floor":14,"turns":3},{"damage":16,"enemies":"Hexaghost","floor":16,"turns":10},{"damage":2,"enemies":"3 Byrds","floor":18,"turns":4},{"damage":22,"enemies":"2 Thieves","floor":20,"turns":4},{"damage":11,"enemies":"3 Cultists","floor":21,"turns":6},{"damage":3,"enemies":"Chosen and Byrds","floor":22,"turns":5},{"damage":25,"enemies":"Book of Stabbing","floor":24,"turns":7},{"damage":28,"enemies":"Slavers","floor":29,"turns":3},{"damage":12,"enemies":"Centurion and Healer","floor":30,"turns":6},{"damage":124,"enemies":"Collector","floor":33,"turns":10}],"relics_obtained":[{"floor":3,"key":"Matryoshka"},{"floor":6,"key":"Ancient Tea Set"},{"floor":9,"key":"Boot"},{"floor":9,"key":"Meat on the Bone"},{"floor":14,"key":"Ginger"},{"floor":24,"key":"Orichalcum"},{"floor":26,"key":"Juzu Bracelet"},{"floor":26,"key":"Bronze Scales"},{"floor":29,"key":"Pen Nib"}],"event_choices":[{"event_name":"Match and Keep!","player_choice":"1 cards matched","floor":25,"damage_taken":0},{"event_name":"Drug Dealer","player_choice":"Ignored","floor":28,"damage_taken":0},{"event_name":"Addict","player_choice":"Obtained Relic","floor":31,"damage_taken":0}],"boss_relics":[{"not_picked":["Pandora\u0027s Box","Orrery"],"picked":"Tiny House"}],"items_purged_floors":[],"potions_floor_spawned":[5,6,8,18,20,24,30],"seed_played":"-5593053979290988980","killed_by":"Collector","ascension_level":6,"potions_obtained":[{"floor":5,"key":"Dexterity Potion"},{"floor":6,"key":"Dexterity Potion"},{"floor":8,"key":"GamblersBrew"},{"floor":17,"key":"EntropicBrew"},{"floor":18,"key":"Dexterity Potion"},{"floor":20,"key":"Dexterity Potion"},{"floor":24,"key":"GamblersBrew"},{"floor":30,"key":"EssenceOfSteel"}],"is_trial":false}