{"gold_per_floor":[113,113,130,149,149,149,184,155,155,174,196,196,60,118,118,197,197,210,210,210,135,146,146,160,160,160,160,172,172,198,211,211,290,290,309,28,28],"floor_reached":37,"playtime":1845,"items_purged":["Writhe"],"score":737,"play_id":"9e4aa2ca-7ea5-4e1b-a439-dee93a45fdc7","local_time":"20181031150929","is_ascension_mode":true,"campfire_choices":[{"data":"Loop","floor":6,"key":"SMITH"},{"floor":12,"key":"REST"},{"data":"Streamline","floor":15,"key":"SMITH"},{"data":"Defragment","floor":23,"key":"SMITH"},{"data":"Beam Cell","floor":25,"key":"SMITH"},{"data":"Electrodynamics","floor":27,"key":"SMITH"},{"floor":29,"key":"REST"},{"floor":32,"key":"REST"}],"neow_cost":"NONE","seed_source_timestamp":11195056608006,"circlet_count":0,"master_deck":["Zap","Dualcast","AscendersBane","Hologram+1","Gash","Glacier","Loop+1","Go for the Eyes","Streamline+1","Compile Driver","Stack","Gash","Electrodynamics+1","Rebound","Go for the Eyes","Stack","Beam Cell+1","Streamline","Skim","Doom and Gloom","Compile Driver","Gash+1","Defragment+1","Compile Driver","Sweeping Beam+1","Scrape+1","Capacitor","Auto Shields+1","Buffer","Aggregate+1","Self Repair"],"relics":["FrozenCore","Peace Pipe","Letter Opener","Mercury Hourglass","Odd Mushroom","Pandora\u0027s Box","DataDisk","Mango","The Courier","Pear"],"potions_floor_usage":[10,16,16,37],"damage_taken":[{"damage":5,"enemies":"Small Slimes","floor":1,"turns":3},{"damage":4,"enemies":"Jaw Worm","floor":3,"turns":3},{"damage":0,"enemies":"2 Louse","floor":4,"turns":1},{"damage":19,"enemies":"3 Sentries","floor":7,"turns":12},{"damage":12,"enemies":"Exordium Wildlife","floor":10,"turns":3},{"damage":9,"enemies":"The Mushroom Lair","floor":11,"turns":3},{"damage":22,"enemies":"Hexaghost","floor":16,"turns":10},{"damage":7,"enemies":"Chosen","floor":18,"turns":4},{"damage":12,"enemies":"3 Byrds","floor":22,"turns":2},{"damage":16,"enemies":"Centurion and Healer","floor":24,"turns":5},{"damage":5,"enemies":"3 Cultists","floor":28,"turns":3},{"damage":4,"enemies":"Gremlin Leader","floor":30,"turns":4},{"damage":42,"enemies":"Snake Plant","floor":31,"turns":3},{"damage":59,"enemies":"Collector","floor":33,"turns":7},{"damage":26,"enemies":"Orb Walker","floor":35,"turns":4},{"damage":81,"enemies":"2 Orb Walkers","floor":37,"turns":3}],"seed_played":"-5149378738284275885","potions_obtained":[{"floor":7,"key":"AttackPotion"},{"floor":10,"key":"FairyPotion"},{"floor":16,"key":"Fruit Juice"},{"floor":18,"key":"SteroidPotion"},{"floor":33,"key":"Regen Potion"}],"is_trial":false,"path_per_floor":["M","?","M","M","?","R","E","$","T","M","?","R","$","?","R","B",null,"M","?","?","$","M","R","M","R","T","R","M","R","E","M","R","B",null,"M","$","?"],"character_chosen":"DEFECT","items_purchased":["Streamline","Gash","Regen Potion","Self Repair","Pear"],"campfire_rested":3,"item_purchase_floors":[8,13,13,36,36],"current_hp_per_floor":[59,48,44,44,44,44,25,25,25,13,4,25,25,25,25,23,63,56,56,56,56,44,44,28,28,42,42,37,64,60,18,45,9,70,44,54,0],"gold":28,"neow_bonus":"THREE_CARDS","is_prod":false,"is_daily":false,"chose_seed":false,"campfire_upgraded":5,"win_rate":0,"timestamp":1540994969,"path_taken":["M","?","M","M","?","R","E","$","T","M","?","R","$","?","R","BOSS","M","?","?","$","M","R","M","R","T","R","M","R","E","M","R","BOSS","M","$","?"],"build_version":"2018-10-30","purchased_purges":1,"victory":false,"max_hp_per_floor":[71,71,71,71,71,71,71,71,71,71,71,71,71,71,71,76,76,76,76,76,76,76,76,76,76,90,90,90,90,90,90,90,90,90,90,100,100],"card_choices":[{"not_picked":["Beam Cell","Barrage"],"picked":"Hologram","floor":0},{"not_picked":["Sweeping Beam","White Noise"],"picked":"Gash","floor":1},{"not_picked":["Beam Cell","Rip and Tear"],"picked":"Glacier","floor":3},{"not_picked":["Reinforced Body","Beam Cell"],"picked":"Loop","floor":4},{"not_picked":["Redo","Beam Cell"],"picked":"Go for the Eyes","floor":7},{"not_picked":["Conserve Battery","Ball Lightning"],"picked":"Compile Driver","floor":10},{"not_picked":["Aggregate","Leap"],"picked":"Stack","floor":11},{"not_picked":["Multi-Cast","Thunder Strike"],"picked":"Electrodynamics","floor":16},{"not_picked":["Reinforced Body","Auto Shields"],"picked":"Gash+1","floor":18},{"not_picked":["Skim","Streamline"],"picked":"Compile Driver","floor":22},{"not_picked":["Skim","Steam"],"picked":"Sweeping Beam+1","floor":24},{"not_picked":["Steam","Undo"],"picked":"Scrape+1","floor":28},{"not_picked":["Amplify","Streamline"],"picked":"Capacitor","floor":30},{"not_picked":["Sweeping Beam","Leap"],"picked":"Auto Shields+1","floor":31},{"not_picked":["Meteor Strike","Amplify"],"picked":"Buffer","floor":33},{"not_picked":["Rebound","Darkness"],"picked":"Aggregate+1","floor":35}],"player_experience":728217,"relics_obtained":[{"floor":7,"key":"Letter Opener"},{"floor":9,"key":"Mercury Hourglass"},{"floor":11,"key":"Odd Mushroom"},{"floor":26,"key":"Mango"},{"floor":30,"key":"The Courier"}],"event_choices":[{"damage_healed":0,"gold_gain":0,"player_choice":"Success","damage_taken":11,"relics_obtained":["Peace Pipe"],"max_hp_gain":0,"max_hp_loss":0,"event_name":"Scrap Ooze","floor":2,"gold_loss":0},{"damage_healed":0,"gold_gain":0,"player_choice":"Grow","damage_taken":0,"max_hp_gain":0,"max_hp_loss":0,"event_name":"Living Wall","floor":5,"gold_loss":0,"cards_upgraded":["Hologram"]},{"damage_healed":0,"gold_gain":0,"player_choice":"Fought Mushrooms","damage_taken":0,"max_hp_gain":0,"max_hp_loss":0,"event_name":"Mushrooms","floor":11,"gold_loss":0},{"damage_healed":0,"gold_gain":58,"player_choice":"Gained Gold","damage_taken":0,"max_hp_gain":0,"max_hp_loss":0,"event_name":"Golden Wing","floor":14,"gold_loss":0},{"damage_healed":0,"gold_gain":0,"player_choice":"Opened","damage_taken":0,"relics_obtained":["DataDisk"],"max_hp_gain":0,"max_hp_loss":0,"event_name":"The Mausoleum","floor":19,"gold_loss":0,"cards_obtained":["Writhe"]},{"damage_healed":0,"gold_gain":0,"player_choice":"Read","damage_taken":0,"max_hp_gain":0,"max_hp_loss":0,"event_name":"The Library","floor":20,"gold_loss":0,"cards_obtained":["Defragment"]},{"damage_healed":0,"gold_gain":0,"player_choice":"Fight","damage_taken":0,"max_hp_gain":0,"max_hp_loss":0,"event_name":"Mysterious Sphere","floor":37,"gold_loss":0}],"is_beta":true,"boss_relics":[{"not_picked":["Velvet Choker","Eternal Feather"],"picked":"Pandora\u0027s Box"},{"not_picked":["Lizard Tail","Coffee Dripper"],"picked":"FrozenCore"}],"items_purged_floors":[21],"is_endless":false,"potions_floor_spawned":[7,10,16,18,28,31,33],"killed_by":"2 Orb Walkers","ascension_level":17}