{"gold_per_floor":[117,41,4,4,29,29,73,73,73,73,107,107,24,38,38,134,134,149,31,31,51,67,67,87,43,43,83,103,103,146,146,146,146],"floor_reached":33,"playtime":903,"items_purged":["Decay"],"score":632,"play_id":"f74dd4dc-c968-4e65-a231-fc5f34819367","local_time":"20190425121838","is_ascension_mode":true,"campfire_choices":[{"data":"Bash","floor":6.0,"key":"SMITH"},{"data":"Combust","floor":8.0,"key":"SMITH"},{"data":"Rampage","floor":10.0,"key":"SMITH"},{"floor":15.0,"key":"REST"},{"floor":23.0,"key":"REST"},{"floor":29,"key":"REST"},{"floor":32,"key":"REST"}],"neow_cost":"PERCENT_DAMAGE","seed_source_timestamp":0,"circlet_count":0,"master_deck":["AscendersBane","Strike_R","Strike_R","Strike_R","Strike_R","Strike_R","Defend_R","Defend_R","Defend_R","Defend_R","Bash+1","Rampage+1","Battle Trance","Combust+1","Body Slam+1","Pommel Strike+1","Spot Weakness+1","Perfected Strike+1","Offering","Whirlwind+1","Corruption","Pummel+1","Heavy Blade+1","Disarm","Disarm","Anger+1"],"special_seed":0,"relics":["Burning Blood","Mango","Bloody Idol","Molten Egg 2","Mummified Hand","Champion Belt","Black Star","PreservedInsect","Letter Opener","Darkstone Periapt","Regal Pillow","Bronze Scales"],"potions_floor_usage":[27,27,33],"damage_taken":[{"damage":1.0,"enemies":"Cultist","floor":1.0,"turns":4.0},{"damage":8.0,"enemies":"2 Louse","floor":5.0,"turns":3.0},{"damage":31.0,"enemies":"Lagavulin","floor":7.0,"turns":6.0},{"damage":34.0,"enemies":"Gremlin Nob","floor":11.0,"turns":4.0},{"damage":13.0,"enemies":"Small Slimes","floor":14.0,"turns":2.0},{"damage":7.0,"enemies":"Slime Boss","floor":16.0,"turns":5.0},{"damage":43.0,"enemies":"Shell Parasite","floor":18.0,"turns":4.0},{"damage":18.0,"enemies":"2 Thieves","floor":21.0,"turns":3.0},{"damage":16.0,"enemies":"Snecko","floor":22.0,"turns":4.0},{"damage":28,"enemies":"Snake Plant","floor":24,"turns":3},{"damage":2,"enemies":"Gremlin Leader","floor":27,"turns":6},{"damage":23,"enemies":"3 Cultists","floor":28,"turns":4},{"damage":31,"enemies":"Book of Stabbing","floor":30,"turns":4},{"damage":55,"enemies":"Champ","floor":33,"turns":5}],"seed_played":"-8035411955189466103","potions_obtained":[{"floor":1.0,"key":"Fire Potion"},{"floor":11.0,"key":"FearPotion"},{"floor":14.0,"key":"PowerPotion"},{"floor":16.0,"key":"Regen Potion"},{"floor":24,"key":"SkillPotion"},{"floor":28,"key":"Dexterity Potion"},{"floor":30,"key":"LiquidBronze"}],"is_trial":false,"path_per_floor":["M","$","$","?","M","R","E","R","T","R","E","?","$","M","R","B",null,"M","$","?","M","M","R","M","$","T","E","M","R","E","?","R","B"],"character_chosen":"IRONCLAD","items_purchased":["Battle Trance","Combust","Spot Weakness","Corruption","Disarm"],"campfire_rested":4,"item_purchase_floors":[2,3,13,19,25],"current_hp_per_floor":[69,69,69,69,67,67,42,42,42,42,14,14,14,7,31,30,68,31,31,31,19,9,33,11,11,11,27,10,34,9,9,48,0],"gold":146,"neow_bonus":"ONE_RARE_RELIC","is_prod":false,"is_daily":false,"chose_seed":false,"campfire_upgraded":3,"win_rate":0,"timestamp":1556187518,"path_taken":["M","?","$","?","M","R","E","R","T","R","E","?","$","?","R","BOSS","M","$","?","M","?","R","M","?","T","E","M","R","E","?","R","BOSS"],"build_version":"2019-01-23","purchased_purges":1,"victory":false,"max_hp_per_floor":[89,89,89,81,81,81,81,81,81,81,81,81,81,81,81,81,81,81,81,81,81,81,81,81,81,81,81,81,81,81,81,81,81],"card_choices":[{"not_picked":["Heavy Blade","Anger"],"picked":"Rampage","floor":1.0},{"not_picked":["Ghostly Armor","Fire Breathing","Clash"],"picked":"SKIP","floor":5.0},{"not_picked":["Battle Trance","Clothesline"],"picked":"Body Slam","floor":7.0},{"not_picked":["Twin Strike+1","Corruption"],"picked":"Pommel Strike+1","floor":11.0},{"not_picked":["Shrug It Off","Clash+1"],"picked":"Perfected Strike+1","floor":14.0},{"not_picked":["Brutality","Bludgeon+1"],"picked":"Offering","floor":16.0},{"not_picked":["Armaments","Metallicize"],"picked":"Whirlwind+1","floor":18.0},{"not_picked":["Evolve","Pommel Strike+1"],"picked":"Pummel+1","floor":21.0},{"not_picked":["Power Through","Clash+1","Wild Strike+1"],"picked":"SKIP","floor":22.0},{"not_picked":["Iron Wave+1","Battle Trance"],"picked":"Heavy Blade+1","floor":24},{"not_picked":["Hemokinesis+1","Perfected Strike+1"],"picked":"Disarm","floor":27},{"not_picked":["Burning Pact+1","Hemokinesis+1"],"picked":"Anger+1","floor":28},{"not_picked":["Whirlwind+1","Cleave+1","Pommel Strike+1"],"picked":"SKIP","floor":30}],"player_experience":1623184,"relics_obtained":[{"floor":7.0,"key":"Molten Egg 2"},{"floor":9.0,"key":"Mummified Hand"},{"floor":11.0,"key":"Champion Belt"},{"floor":26,"key":"PreservedInsect"},{"floor":27,"key":"Letter Opener"},{"floor":27,"key":"Darkstone Periapt"},{"floor":30,"key":"Regal Pillow"},{"floor":30,"key":"Bronze Scales"}],"event_choices":[{"damage_healed":0.0,"max_hp_gain":0.0,"max_hp_loss":8.0,"gold_gain":0.0,"event_name":"Golden Idol","player_choice":"Lose Max HP","floor":4.0,"gold_loss":0.0,"damage_taken":0.0,"relics_obtained":["Golden Idol"]},{"damage_healed":0.0,"max_hp_gain":0.0,"max_hp_loss":0.0,"gold_gain":0.0,"event_name":"Wheel of Change","player_choice":"Cursed","floor":12.0,"gold_loss":0.0,"damage_taken":0.0,"cards_obtained":["Decay"]},{"damage_healed":0.0,"max_hp_gain":0.0,"max_hp_loss":0.0,"gold_gain":0.0,"event_name":"Accursed Blacksmith","player_choice":"Forge","floor":20.0,"gold_loss":0.0,"damage_taken":0.0,"cards_upgraded":["Spot Weakness"]},{"damage_healed":0,"gold_gain":0,"player_choice":"Gave Idol","damage_taken":0,"relics_obtained":["Bloody Idol"],"max_hp_gain":0,"max_hp_loss":0,"event_name":"Forgotten Altar","floor":31,"relics_lost":["Golden Idol"],"gold_loss":0}],"is_beta":false,"boss_relics":[{"not_picked":["Calling Bell","Runic Dome"],"picked":"Black Star"}],"items_purged_floors":[19],"is_endless":false,"potions_floor_spawned":[1,11,14,16,24,28,30],"killed_by":"Champ","ascension_level":20}