{"gold_per_floor":[123,148,177,205,183,195,233,245,306,338,350,362,374],"floor_reached":13,"playtime":538,"items_purged":[],"score":157,"play_id":"90374d18-bc12-4353-8a02-8d4bb7baa853","local_time":"20181031142957","is_ascension_mode":true,"campfire_choices":[{"data":"Infernal Blade","floor":6,"key":"SMITH"},{"floor":8,"key":"REST"},{"data":"Rampage","floor":12,"key":"SMITH"}],"neow_cost":"NONE","seed_source_timestamp":10132054155025,"circlet_count":0,"master_deck":["Strike_R+1","Strike_R","Strike_R","Strike_R","Strike_R","Defend_R","Defend_R","Defend_R","Defend_R","Bash","AscendersBane","Wild Strike+1","Disarm","Flex","Flex+1","Infernal Blade+1","Rampage+1","Warcry"],"relics":["Burning Blood","MawBank","StoneCalendar","Whetstone"],"potions_floor_usage":[3,7,13],"damage_taken":[{"damage":11,"enemies":"Cultist","floor":1,"turns":4},{"damage":0,"enemies":"Small Slimes","floor":2,"turns":3},{"damage":2,"enemies":"Jaw Worm","floor":3,"turns":3},{"damage":25,"enemies":"Lots of Slimes","floor":4,"turns":7},{"damage":23,"enemies":"Exordium Thugs","floor":5,"turns":6},{"damage":36,"enemies":"3 Sentries","floor":7,"turns":7},{"damage":13,"enemies":"Blue Slaver","floor":10,"turns":3},{"damage":35,"enemies":"Lagavulin","floor":13,"turns":5}],"seed_played":"-3268455431925024153","potions_obtained":[{"floor":1,"key":"Explosive Potion"},{"floor":5,"key":"FearPotion"},{"floor":7,"key":"Poison Potion"}],"is_trial":false,"path_per_floor":["M","M","M","M","M","R","E","R","T","M","?","R","E"],"character_chosen":"IRONCLAD","items_purchased":[],"campfire_rested":1,"item_purchase_floors":[],"current_hp_per_floor":[63,69,73,54,37,37,7,29,29,22,22,22,0],"gold":374,"neow_bonus":"RANDOM_COMMON_RELIC","is_prod":false,"is_daily":false,"chose_seed":false,"campfire_upgraded":2,"win_rate":0,"timestamp":1540992597,"path_taken":["M","M","M","M","M","R","E","R","T","M","?","R","E"],"build_version":"2018-10-30","purchased_purges":0,"victory":false,"max_hp_per_floor":[75,75,75,75,75,75,75,75,75,75,75,75,75],"card_choices":[{"not_picked":["Armaments","True Grit"],"picked":"Wild Strike","floor":1},{"not_picked":["Clash","Shrug It Off"],"picked":"Disarm","floor":2},{"not_picked":["Twin Strike","Headbutt"],"picked":"Flex","floor":3},{"not_picked":["True Grit","Body Slam"],"picked":"Flex","floor":4},{"not_picked":["Warcry","Exhume"],"picked":"Infernal Blade","floor":5},{"not_picked":["True Grit","Sword Boomerang"],"picked":"Rampage","floor":7},{"not_picked":["Perfected Strike","Body Slam"],"picked":"Warcry","floor":10}],"player_experience":727679,"relics_obtained":[{"floor":7,"key":"StoneCalendar"},{"floor":9,"key":"Whetstone"}],"event_choices":[{"damage_healed":0,"gold_gain":0,"player_choice":"Grow","damage_taken":0,"max_hp_gain":0,"max_hp_loss":0,"event_name":"Living Wall","floor":11,"gold_loss":0,"cards_upgraded":["Flex"]}],"is_beta":true,"boss_relics":[],"items_purged_floors":[],"is_endless":false,"potions_floor_spawned":[1,5,7],"killed_by":"Lagavulin","ascension_level":16}