{"path_per_floor":["M","?","M","M","$","E","R","M","T","R","M","?","$","E","R","B",null,"M","$","M","M","?","R","E","R","T","E","?","R","E","?","R","B",null,"M","M","?","?","M","R","E","M","T","R","?","R","E","M","R"],"character_chosen":"DEFECT","items_purchased":["FTL","Orichalcum"],"gold_per_floor":[11,11,29,47,47,80,80,100,127,127,143,143,68,95,95,197,197,217,62,72,92,92,92,123,123,123,150,150,150,176,176,176,276,276,292,305,305,305,320,320,346,358,382,382,427,427,454,469,469,469],"floor_reached":50,"campfire_rested":2,"playtime":2955,"current_hp_per_floor":[75,75,75,75,75,63,63,50,50,50,56,49,49,35,57,38,75,67,67,69,54,54,54,17,39,39,60,60,60,42,37,37,37,37,37,37,27,27,33,33,31,37,37,37,37,37,37,37,37,0],"items_purged":[],"gold":469,"score":776,"play_id":"033ea832-b684-47f5-a0a6-07bc3bce2af1","local_time":"20180518020420","is_prod":false,"is_daily":false,"chose_seed":false,"is_ascension_mode":true,"campfire_upgraded":9,"timestamp":1526601860,"campfire_choices":[{"data":"White Noise","floor":7,"key":"SMITH"},{"data":"Hyperbeam","floor":10,"key":"SMITH"},{"floor":15,"key":"REST"},{"data":"Redo","floor":23,"key":"SMITH"},{"floor":25,"key":"REST"},{"data":"Self Repair","floor":29,"key":"SMITH"},{"data":"Dualcast","floor":32,"key":"SMITH"},{"data":"Mind Blast","floor":40,"key":"SMITH"},{"data":"Mind Blast","floor":44,"key":"SMITH"},{"data":"Amplify","floor":46,"key":"SMITH"},{"data":"Thunder Strike","floor":49,"key":"SMITH"}],"path_taken":["M","?","M","?","$","E","R","M","T","R","M","?","$","E","R","BOSS","M","$","M","M","?","R","E","R","T","E","?","R","E","?","R","BOSS","M","M","?","?","M","R","E","M","T","R","?","R","E","M","R","BOSS"],"build_version":"2018-05-17","seed_source_timestamp":58444095942120,"purchased_purges":0,"victory":false,"master_deck":["Strike_B","Strike_B","Strike_B+1","Strike_B+1","Defend_B","Defend_B","Defend_B","Zap","Dualcast+1","Hyperbeam+1","Darkness","Self Repair+1","White Noise+1","Doom and Gloom","Genetic Algorithm","Go for the Eyes","FTL","Echo Form","Biased Cognition","Redo+1","Melter+1","Skim","Amplify+1","Consume+1","Tempest+1","Ghostly+1","Ghostly+1","Ghostly+1","Ghostly+1","Ghostly+1","Rainbow+1","Skim+1","Turbo+1","Jack Of All Trades+1","Mind Blast+1","Mind Blast+1","Sunder+1","Thunder Strike+1","Aggregate+1","Self Repair+1","Force Field+1","Turbo+1"],"max_hp_per_floor":[75,75,75,75,75,75,75,75,75,75,75,75,75,75,75,75,75,75,75,75,75,75,75,75,75,75,75,75,75,75,37,37,37,37,37,37,37,37,37,37,37,37,37,37,37,37,37,37,37,37],"relics":["Cracked Core","Whetstone","Boot","Lantern","Bottled Tornado","Sozu","Orichalcum","Mummified Hand","Toolbox","Matryoshka","Toxic Egg 2","Black Star","Vajra","Anchor","Potion Belt","Oddly Smooth Stone","Calipers","Juzu Bracelet","Ancient Tea Set"],"card_choices":[{"not_picked":["Fission","Nova"],"picked":"Hyperbeam","floor":0},{"not_picked":["Recycle","Leap"],"picked":"Darkness","floor":1},{"not_picked":["Streamline","White Noise"],"picked":"Self Repair","floor":3},{"not_picked":["Rip and Tear","Ball Lightning"],"picked":"White Noise","floor":4},{"not_picked":["Rebound","Force Field"],"picked":"Doom and Gloom","floor":6},{"not_picked":["Darkness","Coolheaded"],"picked":"Genetic Algorithm","floor":8},{"not_picked":["Streamline","Cold Snap"],"picked":"Go for the Eyes","floor":11},{"not_picked":["Echo Form","Glacier","Blizzard"],"picked":"SKIP","floor":14},{"not_picked":["Glacier","Blizzard"],"picked":"Echo Form","floor":14},{"not_picked":["Creative AI","Reboot"],"picked":"Biased Cognition","floor":16},{"not_picked":["Steam","Leap+1"],"picked":"Redo","floor":18},{"not_picked":["Turbo","Hologram"],"picked":"Melter+1","floor":20},{"not_picked":["Stack","Glacier"],"picked":"Skim","floor":21},{"not_picked":["Gash","Steam+1"],"picked":"Amplify","floor":24},{"not_picked":["Turbo+1","Nova"],"picked":"Consume+1","floor":27},{"not_picked":["Darkness","Sweeping Beam"],"picked":"Tempest+1","floor":30},{"not_picked":["Meteor Strike","Echo Form"],"picked":"Rainbow+1","floor":33},{"not_picked":["Barrage+1","Hologram+1"],"picked":"Skim+1","floor":35},{"not_picked":["Static Discharge+1","Go for the Eyes+1"],"picked":"Turbo+1","floor":36},{"not_picked":["Blind","Panacea"],"picked":"Jack Of All Trades","floor":37},{"not_picked":["Panacea","Trip"],"picked":"Mind Blast","floor":37},{"not_picked":["Purity","Dramatic Entrance"],"picked":"Mind Blast","floor":37},{"not_picked":["Glacier+1","Fusion+1"],"picked":"Sunder+1","floor":39},{"not_picked":["Capacitor","Darkness+1"],"picked":"Thunder Strike","floor":41},{"not_picked":["Stack+1","Sweeping Beam+1"],"picked":"Aggregate+1","floor":42},{"not_picked":["Lockon","Undo+1"],"picked":"Self Repair+1","floor":45},{"not_picked":["Barrage+1","Steam+1"],"picked":"Force Field+1","floor":47},{"not_picked":["Chill+1","Coolheaded+1"],"picked":"Turbo+1","floor":48}],"player_experience":166578,"potions_floor_usage":[11,16,21],"damage_taken":[{"damage":0,"enemies":"Cultist","floor":1,"turns":3},{"damage":0,"enemies":"2 Louse","floor":3,"turns":2},{"damage":6,"enemies":"Jaw Worm","floor":4,"turns":3},{"damage":19,"enemies":"3 Sentries","floor":6,"turns":4},{"damage":20,"enemies":"Large Slime","floor":8,"turns":4},{"damage":1,"enemies":"2 Fungi Beasts","floor":11,"turns":3},{"damage":21,"enemies":"Lagavulin","floor":14,"turns":5},{"damage":26,"enemies":"The Guardian","floor":16,"turns":7},{"damage":15,"enemies":"2 Thieves","floor":18,"turns":2},{"damage":5,"enemies":"Shell Parasite","floor":20,"turns":4},{"damage":29,"enemies":"Centurion and Healer","floor":21,"turns":5},{"damage":44,"enemies":"Book of Stabbing","floor":24,"turns":5},{"damage":0,"enemies":"Gremlin Leader","floor":27,"turns":5},{"damage":28,"enemies":"Book of Stabbing","floor":30,"turns":4},{"damage":0,"enemies":"Collector","floor":33,"turns":7},{"damage":0,"enemies":"Flame Bruiser 1 Orb","floor":35,"turns":4},{"damage":0,"enemies":"Orb Walker","floor":36,"turns":3},{"damage":4,"enemies":"3 Darklings","floor":39,"turns":6},{"damage":12,"enemies":"Nemesis","floor":41,"turns":5},{"damage":0,"enemies":"Flame Bruiser 2 Orb","floor":42,"turns":3},{"damage":1,"enemies":"Mysterious Sphere","floor":45,"turns":3},{"damage":0,"enemies":"Giant Head","floor":47,"turns":5},{"damage":0,"enemies":"Spire Growth","floor":48,"turns":3},{"damage":52,"enemies":"Awakened One","floor":50,"turns":9}],"relics_obtained":[{"floor":6,"key":"Whetstone"},{"floor":9,"key":"Boot"},{"floor":14,"key":"Bottled Tornado"},{"floor":24,"key":"Mummified Hand"},{"floor":26,"key":"Toolbox"},{"floor":27,"key":"Matryoshka"},{"floor":30,"key":"Toxic Egg 2"},{"floor":41,"key":"Vajra"},{"floor":41,"key":"Anchor"},{"floor":43,"key":"Potion Belt"},{"floor":43,"key":"Oddly Smooth Stone"},{"floor":45,"key":"Calipers"},{"floor":47,"key":"Juzu Bracelet"},{"floor":47,"key":"Ancient Tea Set"}],"event_choices":[{"event_name":"The Lab","player_choice":"Got Potions","floor":2,"damage_taken":0},{"event_name":"Scrap Ooze","player_choice":"success","floor":12,"damage_taken":7},{"event_name":"Purifier","player_choice":"One Purge","floor":22,"damage_taken":0},{"event_name":"The Woman in Blue","player_choice":"Bought 0 Potions","floor":28,"damage_taken":0},{"event_name":"Ghosts","player_choice":"Became a Ghost","floor":31,"damage_taken":0},{"event_name":"SensoryStone","player_choice":"Memory 3","floor":37,"damage_taken":0},{"event_name":"Tomb of Lord Red Mask","player_choice":"Ignored","floor":38,"damage_taken":0},{"event_name":"Mysterious Sphere","player_choice":"Fight","floor":45,"damage_taken":0}],"boss_relics":[{"not_picked":["Ectoplasm","Orrery"],"picked":"Sozu"},{"not_picked":["Astrolabe","Velvet Choker"],"picked":"Black Star"}],"potions_floor_spawned":[1,8,11,16,21,24,27,30,33,35,41,42,47],"seed_played":"5183669615715625372","killed_by":"Awakened One","ascension_level":1,"potions_obtained":[{"floor":1,"key":"Swift Potion"},{"floor":2,"key":"SmokeBomb"},{"floor":2,"key":"Weak Potion"},{"floor":8,"key":"Poison Potion"},{"floor":11,"key":"Ancient Potion"},{"floor":16,"key":"Swift Potion"}],"is_trial":false}