{"gold_per_floor":[118,132,146,156,176,176,201,151,221,251,251,251,251,201,201,327,327,252],"floor_reached":18,"playtime":1005,"items_purged":["Strike_G"],"score":187,"play_id":"f841f4dd-0f0e-44f0-82fc-2a407060b928","local_time":"20190926010144","is_ascension_mode":true,"campfire_choices":[{"data":"Neutralize","floor":6,"key":"SMITH"},{"data":"Deadly Poison","floor":15,"key":"SMITH"}],"neow_cost":"TEN_PERCENT_HP_LOSS","seed_source_timestamp":18277748124400,"circlet_count":0,"master_deck":["Strike_G","Strike_G","Defend_G","Defend_G","Defend_G","Defend_G","Defend_G","Survivor","Neutralize+1","Backstab","Escape Plan","Deadly Poison+1","Poisoned Stab","Dash","Burst"],"relics":["Ring of the Snake","The Specimen","Smiling Mask","Pantograph","Mango","Golden Idol","Snecko Eye"],"potions_floor_usage":[7,18],"damage_taken":[{"damage":0,"enemies":"2 Louse","floor":1,"turns":3},{"damage":0,"enemies":"Small Slimes","floor":2,"turns":3},{"damage":0,"enemies":"Cultist","floor":3,"turns":4},{"damage":0,"enemies":"3 Louse","floor":4,"turns":4},{"damage":0,"enemies":"Large Slime","floor":5,"turns":5},{"damage":10,"enemies":"Gremlin Nob","floor":7,"turns":3},{"damage":15,"enemies":"Lagavulin","floor":10,"turns":6},{"damage":8,"enemies":"The Guardian","floor":16,"turns":9},{"damage":20,"enemies":"2 Thieves","floor":18,"turns":5}],"seed_played":"-2548977751965739251","potions_obtained":[{"floor":3,"key":"FearPotion"},{"floor":4,"key":"LiquidBronze"},{"floor":5,"key":"AttackPotion"},{"floor":16,"key":"GhostInAJar"}],"is_trial":false,"path_per_floor":["M","M","M","M","M","R","E","$","T","E","?","?","?","?","R","B",null,"M"],"character_chosen":"THE_SILENT","items_purchased":[],"campfire_rested":0,"item_purchase_floors":[],"current_hp_per_floor":[63,63,63,63,63,63,53,53,53,52,45,45,26,26,26,43,77,57],"gold":252,"neow_bonus":"ONE_RARE_RELIC","is_prod":false,"is_daily":false,"chose_seed":false,"campfire_upgraded":2,"win_rate":0,"timestamp":1569470504,"path_taken":["M","M","M","M","M","R","E","$","T","E","?","?","?","?","R","BOSS","M"],"build_version":"2019-07-17","purchased_purges":1,"victory":false,"max_hp_per_floor":[63,63,63,63,63,63,63,63,63,77,77,77,77,77,77,77,77,77],"card_choices":[{"not_picked":["Deadly Poison","Cloak And Dagger"],"picked":"Backstab","floor":1},{"not_picked":["Dagger Spray","Backstab"],"picked":"Escape Plan","floor":2},{"not_picked":["Flying Knee","Tactician"],"picked":"Deadly Poison","floor":3},{"not_picked":["Terror","Slice","Choke"],"picked":"SKIP","floor":4},{"not_picked":["Catalyst","Phantasmal Killer"],"picked":"Poisoned Stab","floor":5},{"not_picked":["Sucker Punch","Finisher","Outmaneuver"],"picked":"SKIP","floor":7},{"not_picked":["Malaise","Flying Knee"],"picked":"Dash","floor":10},{"not_picked":["Doppelganger","Storm of Steel"],"picked":"Burst","floor":16}],"player_experience":108411,"relics_obtained":[{"floor":7,"key":"Smiling Mask"},{"floor":9,"key":"Pantograph"},{"floor":10,"key":"Mango"}],"event_choices":[{"cards_removed":["Strike_G"],"damage_healed":0,"gold_gain":0,"player_choice":"Card Removal","damage_taken":7,"max_hp_gain":0,"max_hp_loss":0,"event_name":"Golden Wing","floor":11,"gold_loss":0},{"damage_healed":0,"gold_gain":0,"player_choice":"Ignored","damage_taken":0,"max_hp_gain":0,"max_hp_loss":0,"event_name":"Liars Game","floor":12,"gold_loss":0},{"damage_healed":0,"gold_gain":0,"player_choice":"Take Damage","damage_taken":19,"relics_obtained":["Golden Idol"],"max_hp_gain":0,"max_hp_loss":0,"event_name":"Golden Idol","floor":13,"gold_loss":0},{"cards_removed":["Strike_G"],"damage_healed":0,"gold_gain":0,"player_choice":"Card Removal","damage_taken":0,"max_hp_gain":0,"max_hp_loss":0,"event_name":"The Cleric","floor":14,"gold_loss":50}],"is_beta":false,"boss_relics":[{"not_picked":["WristBlade","Runic Dome"],"picked":"Snecko Eye"}],"items_purged_floors":[8],"is_endless":false,"potions_floor_spawned":[3,4,5,16],"killed_by":"2 Thieves","ascension_level":2}