{"gold_per_floor":[117,135,37,37,62,101,101,101,126,126,146,224,248,291,291,291],"floor_reached":16,"playtime":715,"items_purged":[],"score":220,"play_id":"2783a7cb-9a4f-4446-afb5-b066e366411a","local_time":"20190124132653","is_ascension_mode":true,"campfire_choices":[{"data":"Disarm","floor":7,"key":"SMITH"},{"data":"Inflame","floor":10,"key":"SMITH"},{"data":"Barricade","floor":15,"key":"SMITH"}],"neow_cost":"NONE","seed_source_timestamp":9823659514177,"circlet_count":0,"master_deck":["AscendersBane","Strike_R","Strike_R","Strike_R","Strike_R","Strike_R","Defend_R","Defend_R","Defend_R","Defend_R","Bash","Barricade+1","Clothesline","Disarm+1","Inflame+1","Shrug It Off","Corruption","Evolve","Impervious","Shrug It Off"],"relics":["Burning Blood","Golden Idol","Du-Vu Doll","Blue Candle","Lantern","hubris:ChampionShield"],"potions_floor_usage":[],"damage_taken":[{"damage":13,"enemies":"Cultist","floor":1,"turns":5},{"damage":11,"enemies":"Jaw Worm","floor":2,"turns":5},{"damage":1,"enemies":"2 Louse","floor":5,"turns":4},{"damage":21,"enemies":"Lagavulin","floor":6,"turns":8},{"damage":15,"enemies":"Blue Slaver","floor":11,"turns":4},{"damage":0,"enemies":"Large Slime","floor":13,"turns":8},{"damage":24,"enemies":"3 Sentries","floor":14,"turns":11},{"damage":26,"enemies":"Hexaghost","floor":16,"turns":11}],"seed_played":"-8663463337103909132","potions_obtained":[{"floor":2,"key":"Dexterity Potion"},{"floor":6,"key":"Dexterity Potion"},{"floor":13,"key":"Ancient Potion"}],"is_trial":false,"path_per_floor":["M","M","$","?","M","E","R","T","T","R","M","?","M","E","R","B"],"character_chosen":"IRONCLAD","items_purchased":["Inflame","Shrug It Off"],"campfire_rested":0,"item_purchase_floors":[3,3],"current_hp_per_floor":[61,56,56,56,61,46,46,46,46,46,37,37,43,25,25,0],"gold":291,"neow_bonus":"ONE_RANDOM_RARE_CARD","is_prod":false,"is_daily":false,"chose_seed":false,"campfire_upgraded":3,"win_rate":0,"timestamp":1548332813,"path_taken":["M","M","?","?","M","E","R","?","T","R","M","?","M","E","R","BOSS"],"build_version":"2019-01-23","purchased_purges":0,"victory":false,"max_hp_per_floor":[75,75,75,68,68,68,68,68,68,68,68,68,68,68,68,68],"card_choices":[{"not_picked":["Sever Soul","Bloodletting"],"picked":"Clothesline","floor":1},{"not_picked":["Perfected Strike","Cleave"],"picked":"Disarm","floor":2},{"not_picked":["Iron Wave","Hemokinesis"],"picked":"Corruption","floor":5},{"not_picked":["Power Through","Reckless Charge"],"picked":"Evolve","floor":6},{"not_picked":["hubris:ReadiedAction","Perfected Strike"],"picked":"Impervious","floor":11},{"not_picked":["Sever Soul","Intimidate","Warcry"],"picked":"SKIP","floor":13},{"not_picked":["Fire Breathing","hubris:StunningStrike"],"picked":"Shrug It Off","floor":14}],"player_experience":1152639,"relics_obtained":[{"floor":6,"key":"Du-Vu Doll"},{"floor":8,"key":"Blue Candle"},{"floor":9,"key":"Lantern"},{"floor":14,"key":"hubris:ChampionShield"}],"event_choices":[{"damage_healed":0,"gold_gain":0,"player_choice":"Lose Max HP","damage_taken":0,"relics_obtained":["Golden Idol"],"max_hp_gain":0,"max_hp_loss":7,"event_name":"Golden Idol","floor":4,"gold_loss":0},{"damage_healed":0,"gold_gain":78,"player_choice":"Gained Gold","damage_taken":0,"max_hp_gain":0,"max_hp_loss":0,"event_name":"Golden Wing","floor":12,"gold_loss":0}],"is_beta":false,"boss_relics":[],"items_purged_floors":[],"is_endless":false,"potions_floor_spawned":[2,6,13,14],"killed_by":"Hexaghost","ascension_level":20}