{"gold_per_floor":[217,217,102,112,233,233,260,260,260,260,260,260,295,310,310,310],"floor_reached":16,"playtime":633,"items_purged":["Writhe"],"score":216,"play_id":"ef29d005-9571-4d59-867c-b93d9f120030","local_time":"20190130232814","is_ascension_mode":true,"campfire_choices":[{"data":"Skewer","floor":6,"key":"SMITH"},{"floor":12,"key":"REST"},{"data":"Distraction","floor":15,"key":"SMITH"}],"neow_cost":"CURSE","seed_source_timestamp":47812491550691,"circlet_count":0,"master_deck":["AscendersBane","Defend_G","Defend_G","Defend_G","Defend_G","Defend_G","Strike_G","Strike_G","Strike_G","Strike_G","Strike_G","Survivor","Neutralize+1","Doppelganger","Dagger Spray","Skewer+1","Poisoned Stab","Backflip","Poisoned Stab","Poisoned Stab","Distraction+1"],"relics":["Ring of the Snake","hubris:MedicalManual","hubris:64BitClover","Ginger","Golden Idol","infinitespire:Beetle Shell"],"potions_floor_usage":[13,14,16],"damage_taken":[{"damage":10,"enemies":"2 Louse","floor":1,"turns":4},{"damage":7,"enemies":"Small Slimes","floor":4,"turns":4},{"damage":1,"enemies":"Cultist","floor":5,"turns":3},{"damage":24,"enemies":"Gremlin Nob","floor":7,"turns":4},{"damage":17,"enemies":"Lagavulin","floor":13,"turns":7},{"damage":0,"enemies":"Lots of Slimes","floor":14,"turns":4},{"damage":18,"enemies":"Slime Boss","floor":16,"turns":6}],"seed_played":"-310064786228680575","potions_obtained":[{"floor":4,"key":"Block Potion"},{"floor":13,"key":"GhostInAJar"},{"floor":14,"key":"Fire Potion"}],"is_trial":false,"path_per_floor":["M","?","$","M","M","R","E","?","T","?","?","R","E","M","R","B"],"character_chosen":"THE_SILENT","items_purchased":["Skewer"],"campfire_rested":1,"item_purchase_floors":[3],"current_hp_per_floor":[49,38,38,31,30,30,6,6,6,6,6,24,7,7,7,0],"gold":310,"neow_bonus":"THREE_RARE_CARDS","is_prod":false,"is_daily":false,"chose_seed":false,"campfire_upgraded":2,"win_rate":0,"timestamp":1548887294,"path_taken":["M","?","$","M","M","R","E","?","T","?","?","R","E","M","R","BOSS"],"build_version":"2019-01-23","purchased_purges":1,"victory":false,"max_hp_per_floor":[66,66,66,66,66,66,66,66,66,60,60,60,60,60,60,60],"card_choices":[{"not_picked":["Storm of Steel","Grand Finale"],"picked":"Doppelganger","floor":0},{"not_picked":["Flechettes","Dagger Throw"],"picked":"Dagger Spray","floor":1},{"not_picked":["Predator","Wraith Form v2"],"picked":"Poisoned Stab","floor":4},{"not_picked":["Eviscerate","Flechettes"],"picked":"Backflip","floor":5},{"not_picked":["Dodge and Roll","Envenom"],"picked":"Poisoned Stab","floor":7},{"not_picked":["Outmaneuver","Infinite Blades"],"picked":"Poisoned Stab","floor":13},{"not_picked":["Dagger Throw","Sucker Punch"],"picked":"Distraction","floor":14}],"player_experience":1190884,"relics_obtained":[{"floor":7,"key":"hubris:64BitClover"},{"floor":9,"key":"Ginger"},{"floor":13,"key":"infinitespire:Beetle Shell"}],"event_choices":[{"damage_healed":0,"gold_gain":0,"player_choice":"Success","damage_taken":11,"relics_obtained":["hubris:MedicalManual"],"max_hp_gain":0,"max_hp_loss":0,"event_name":"Scrap Ooze","floor":2,"gold_loss":0},{"damage_healed":0,"gold_gain":0,"player_choice":"Grow","damage_taken":0,"max_hp_gain":0,"max_hp_loss":0,"event_name":"Living Wall","floor":8,"gold_loss":0,"cards_upgraded":["Neutralize"]},{"damage_healed":0,"gold_gain":0,"player_choice":"Lose Max HP","damage_taken":0,"relics_obtained":["Golden Idol"],"max_hp_gain":0,"max_hp_loss":6,"event_name":"Golden Idol","floor":10,"gold_loss":0},{"damage_healed":0,"gold_gain":0,"player_choice":"Searched \u00270\u0027 times","damage_taken":0,"max_hp_gain":0,"max_hp_loss":0,"event_name":"Dead Adventurer","floor":11,"gold_loss":0}],"is_beta":false,"boss_relics":[],"items_purged_floors":[3],"is_endless":false,"potions_floor_spawned":[4,13,14],"killed_by":"Slime Boss","ascension_level":20}