{"gold_per_floor":[115,115,129,99,117,117,131,131,131,163,163,181,181],"floor_reached":13,"playtime":459,"items_purged":[],"score":170,"play_id":"8a74182f-b048-4e26-9b0a-e085ff1e4009","local_time":"20190221141049","is_ascension_mode":true,"campfire_choices":[{"data":"Neutralize","floor":6,"key":"SMITH"},{"data":"Bouncing Flask","floor":8,"key":"SMITH"},{"floor":11,"key":"REST"}],"neow_cost":"NONE","seed_source_timestamp":16638648214733,"circlet_count":0,"master_deck":["AscendersBane","Defend_G","Defend_G","Defend_G","Defend_G","Defend_G","Strike_G","Strike_G","Strike_G","Strike_G","Strike_G","Survivor","Neutralize+1","Night Terror","Well Laid Plans","Bouncing Flask+1","Poisoned Stab","Deadly Poison"],"relics":["Ring of the Snake","Bottled Flame","Pantograph"],"potions_floor_usage":[10,13],"damage_taken":[{"damage":1,"enemies":"Small Slimes","floor":1,"turns":5},{"damage":0,"enemies":"2 Louse","floor":3,"turns":4},{"damage":3,"enemies":"Cultist","floor":5,"turns":4},{"damage":10,"enemies":"3 Louse","floor":7,"turns":5},{"damage":27,"enemies":"Gremlin Nob","floor":10,"turns":4},{"damage":5,"enemies":"Large Slime","floor":12,"turns":7},{"damage":41,"enemies":"3 Sentries","floor":13,"turns":7}],"seed_played":"8907373809764926555","potions_obtained":[{"floor":1,"key":"LiquidBronze"},{"floor":4,"key":"Explosive Potion"},{"floor":10,"key":"EssenceOfSteel"}],"is_trial":false,"path_per_floor":["M","?","M","?","M","R","M","R","T","E","R","M","E"],"character_chosen":"THE_SILENT","items_purchased":[],"campfire_rested":1,"item_purchase_floors":[],"current_hp_per_floor":[58,63,63,63,60,60,50,50,50,23,44,39,0],"gold":181,"neow_bonus":"ONE_RANDOM_RARE_CARD","is_prod":false,"is_daily":false,"chose_seed":false,"campfire_upgraded":2,"win_rate":0,"timestamp":1550754649,"path_taken":["M","?","M","?","M","R","M","R","T","E","R","M","E"],"build_version":"2019-01-23","purchased_purges":0,"victory":false,"max_hp_per_floor":[66,71,71,71,71,71,71,71,71,71,71,71,71],"card_choices":[{"not_picked":["Flechettes","Dagger Throw"],"picked":"Well Laid Plans","floor":1},{"not_picked":["Acrobatics","PiercingWail"],"picked":"Bouncing Flask","floor":3},{"not_picked":["Quick Slash","Underhanded Strike"],"picked":"Poisoned Stab","floor":5},{"not_picked":["Phantasmal Killer","Bane","Deflect"],"picked":"SKIP","floor":7},{"not_picked":["Sucker Punch","All Out Attack"],"picked":"Deadly Poison","floor":10},{"not_picked":["Masterful Stab","Flying Knee","Prepared"],"picked":"SKIP","floor":12}],"player_experience":1323243,"relics_obtained":[{"floor":9,"key":"Bottled Flame"},{"floor":10,"key":"Pantograph"}],"event_choices":[{"damage_healed":0,"gold_gain":0,"player_choice":"Donut","damage_taken":0,"max_hp_gain":5,"max_hp_loss":0,"event_name":"Big Fish","floor":2,"gold_loss":0},{"damage_healed":0,"gold_gain":0,"player_choice":"Bought 2 Potions","damage_taken":0,"max_hp_gain":0,"max_hp_loss":0,"event_name":"The Woman in Blue","floor":4,"gold_loss":0}],"is_beta":false,"boss_relics":[],"items_purged_floors":[],"is_endless":false,"potions_floor_spawned":[1,10,12],"killed_by":"3 Sentries","ascension_level":20}