{"gold_per_floor":[110,125,139,139,150,150,176,112,112,138,157,157,187,68,68,140,140,158,158,178,197,24,24,59,59,59,59,78,91,119,119,119,195,195,205,205,231,231,231,231,259,277,277,277],"floor_reached":44,"playtime":2174,"items_purged":["Strike_B"],"score":1038,"play_id":"08f41f4f-5816-4856-a59f-f5075bc0909e","local_time":"20190228213801","is_ascension_mode":true,"campfire_choices":[{"data":"Zap","floor":6.0,"key":"SMITH"},{"floor":12.0,"key":"REST"},{"data":"Double Energy","floor":15.0,"key":"SMITH"},{"data":"Biased Cognition","floor":23.0,"key":"SMITH"},{"floor":32,"key":"REST"},{"floor":40,"key":"REST"}],"neow_cost":"NONE","seed_source_timestamp":0,"circlet_count":0,"master_deck":["AscendersBane","Strike_B+1","Strike_B+1","Defend_B+1","Defend_B+1","Defend_B+1","Defend_B+1","Zap+1","Dualcast","Conserve Battery","Tempest","Ball Lightning","Echo Form","Doom and Gloom","Seek","Coolheaded","Turbo","Double Energy+1","Capacitor","Biased Cognition+1","Cold Snap","Redo+1","Writhe","Amplify","Compile Driver","Meteor Strike","Coolheaded+1","Finesse","Self Repair+1","Rebound"],"special_seed":0,"relics":["Cracked Core","Ancient Tea Set","Lantern","Bag of Preparation","Darkstone Periapt","Blood Vial","Philosopher\u0027s Stone","DataDisk","Juzu Bracelet","Shuriken","The Courier","Bottled Tornado","Runic Pyramid","PreservedInsect","Toxic Egg 2"],"potions_floor_usage":[],"damage_taken":[{"damage":0.0,"enemies":"Cultist","floor":1.0,"turns":3.0},{"damage":1.0,"enemies":"2 Louse","floor":2.0,"turns":3.0},{"damage":14.0,"enemies":"Small Slimes","floor":3.0,"turns":3.0},{"damage":1.0,"enemies":"2 Fungi Beasts","floor":5.0,"turns":3.0},{"damage":20.0,"enemies":"3 Sentries","floor":7.0,"turns":5.0},{"damage":8.0,"enemies":"Gremlin Nob","floor":10.0,"turns":3.0},{"damage":0.0,"enemies":"Large Slime","floor":11.0,"turns":2.0},{"damage":18.0,"enemies":"3 Sentries","floor":13.0,"turns":5.0},{"damage":16.0,"enemies":"Hexaghost","floor":16.0,"turns":9.0},{"damage":21.0,"enemies":"Chosen","floor":18.0,"turns":5.0},{"damage":0.0,"enemies":"Spheric Guardian","floor":20.0,"turns":2.0},{"damage":6.0,"enemies":"Chosen and Byrds","floor":21.0,"turns":4.0},{"damage":0.0,"enemies":"Gremlin Leader","floor":24.0,"turns":4.0},{"damage":0.0,"enemies":"Sentry and Sphere","floor":28.0,"turns":5.0},{"damage":0.0,"enemies":"Centurion and Healer","floor":29.0,"turns":2.0},{"damage":37.0,"enemies":"Slavers","floor":30.0,"turns":3.0},{"damage":3,"enemies":"Champ","floor":33,"turns":9},{"damage":24,"enemies":"3 Darklings","floor":35,"turns":4},{"damage":34,"enemies":"Giant Head","floor":41,"turns":6},{"damage":8,"enemies":"Orb Walker","floor":42,"turns":3},{"damage":40,"enemies":"Jaw Worm Horde","floor":44,"turns":2}],"seed_played":"-1899862516184472434","potions_obtained":[{"floor":2.0,"key":"Poison Potion"},{"floor":5.0,"key":"SkillPotion"},{"floor":11.0,"key":"AttackPotion"},{"floor":13.0,"key":"EssenceOfSteel"},{"floor":20.0,"key":"Dexterity Potion"},{"floor":21.0,"key":"FearPotion"}],"is_trial":false,"path_per_floor":["M","M","M","?","M","R","E","?","T","E","M","R","E","$","R","B",null,"M","?","M","M","$","R","E","?","T","?","M","M","E","?","R","B",null,"M","?","T","?","?","R","E","M","T","M"],"character_chosen":"DEFECT","items_purchased":["Capacitor","DataDisk"],"campfire_rested":3,"item_purchase_floors":[14,22],"current_hp_per_floor":[64,63,49,49,48,48,28,28,28,20,20,41,23,23,23,9,56,37,37,39,35,35,35,37,37,37,43,45,47,12,12,35,34,66,44,44,44,44,34,57,25,19,19,0],"gold":277,"neow_bonus":"RANDOM_COMMON_RELIC","is_prod":false,"is_daily":false,"chose_seed":false,"campfire_upgraded":3,"win_rate":0,"timestamp":1551386281,"path_taken":["M","M","?","?","?","R","E","?","T","E","M","R","E","$","R","BOSS","M","?","M","M","$","R","E","?","T","?","M","M","E","?","R","BOSS","M","?","?","?","?","R","E","M","T","M"],"build_version":"2019-01-23","purchased_purges":1,"victory":false,"max_hp_per_floor":[71,71,71,71,71,71,71,71,71,71,71,71,71,71,71,71,71,71,71,71,71,71,71,71,71,71,77,77,77,77,77,77,77,77,77,77,77,77,77,77,77,77,77,77],"card_choices":[{"not_picked":["Chill","Beam Cell"],"picked":"Conserve Battery","floor":1.0},{"not_picked":["Stack","Steam"],"picked":"Tempest","floor":2.0},{"not_picked":["Darkness","Rebound"],"picked":"Ball Lightning","floor":3.0},{"not_picked":["Conserve Battery","Barrage"],"picked":"Doom and Gloom","floor":5.0},{"not_picked":["Hello World","Capacitor"],"picked":"Seek","floor":7.0},{"not_picked":["Beam Cell","Scrape"],"picked":"Coolheaded","floor":10.0},{"not_picked":["Sweeping Beam","Scrape"],"picked":"Turbo","floor":11.0},{"not_picked":["Turbo","Gash"],"picked":"Double Energy","floor":13.0},{"not_picked":["Machine Learning","Rainbow"],"picked":"Biased Cognition","floor":16.0},{"not_picked":["Cold Snap","White Noise"],"picked":"Static Discharge","floor":18.0},{"not_picked":["Stack","Leap"],"picked":"Cold Snap","floor":20.0},{"not_picked":["Hello World","Leap"],"picked":"Redo+1","floor":21.0},{"not_picked":["Beam Cell","Gash","Aggregate"],"picked":"SKIP","floor":24.0},{"not_picked":["Leap","Stack","Rebound"],"picked":"SKIP","floor":28.0},{"not_picked":["Streamline","Coolheaded"],"picked":"Amplify","floor":29.0},{"not_picked":["Capacitor","Barrage"],"picked":"Compile Driver","floor":30},{"not_picked":["Thunder Strike","Multi-Cast"],"picked":"Meteor Strike","floor":33},{"not_picked":["Streamline","Cold Snap"],"picked":"Coolheaded+1","floor":35},{"not_picked":["Violence","Bandage Up"],"picked":"Finesse","floor":39},{"not_picked":["Gash","Loop"],"picked":"Self Repair+1","floor":41},{"not_picked":["Hologram","Barrage"],"picked":"Rebound","floor":42}],"player_experience":1351071,"relics_obtained":[{"floor":7.0,"key":"Lantern"},{"floor":9.0,"key":"Bag of Preparation"},{"floor":10.0,"key":"Darkstone Periapt"},{"floor":13.0,"key":"Blood Vial"},{"floor":24.0,"key":"Juzu Bracelet"},{"floor":26.0,"key":"Shuriken"},{"floor":30,"key":"Bottled Tornado"},{"floor":41,"key":"PreservedInsect"},{"floor":43,"key":"Toxic Egg 2"}],"event_choices":[{"damage_healed":0.0,"max_hp_gain":0.0,"max_hp_loss":0.0,"gold_gain":0.0,"cards_transformed":["Strike_B"],"event_name":"Transmorgrifier","player_choice":"Transformed","floor":4.0,"gold_loss":0.0,"damage_taken":0.0,"cards_obtained":["Echo Form"]},{"damage_healed":0.0,"max_hp_gain":0.0,"max_hp_loss":0.0,"gold_gain":0.0,"event_name":"World of Goop","player_choice":"Left Gold","floor":8.0,"gold_loss":64.0,"damage_taken":0.0},{"damage_healed":0.0,"max_hp_gain":0.0,"max_hp_loss":0.0,"gold_gain":0.0,"event_name":"Back to Basics","player_choice":"Simplicity","floor":19.0,"gold_loss":0.0,"damage_taken":0.0,"cards_upgraded":["Strike_B","Strike_B","Defend_B","Defend_B","Defend_B","Defend_B"]},{"damage_healed":0.0,"max_hp_gain":0.0,"max_hp_loss":0.0,"gold_gain":0.0,"event_name":"Beggar","player_choice":"Ignored","floor":25.0,"gold_loss":0.0,"damage_taken":0.0},{"damage_healed":0.0,"max_hp_gain":0.0,"max_hp_loss":0.0,"gold_gain":0.0,"event_name":"The Mausoleum","player_choice":"Opened","floor":27.0,"gold_loss":0.0,"damage_taken":0.0,"relics_obtained":["The Courier"],"cards_obtained":["Writhe"]},{"damage_healed":0,"gold_gain":0,"player_choice":"Ignored","damage_taken":0,"max_hp_gain":0,"max_hp_loss":0,"event_name":"Vampires","floor":31,"gold_loss":0},{"cards_removed":["Static Discharge"],"damage_healed":0,"gold_gain":0,"player_choice":"Removed Power","damage_taken":0,"max_hp_gain":0,"max_hp_loss":0,"event_name":"Falling","floor":36,"gold_loss":0},{"damage_healed":0,"gold_gain":0,"player_choice":"Ignored","damage_taken":0,"max_hp_gain":0,"max_hp_loss":0,"event_name":"Tomb of Lord Red Mask","floor":38,"gold_loss":0},{"damage_healed":0,"gold_gain":0,"player_choice":"Memory 3","damage_taken":10,"max_hp_gain":0,"max_hp_loss":0,"event_name":"SensoryStone","floor":39,"gold_loss":0}],"is_beta":false,"boss_relics":[{"not_picked":["Tiny House","Coffee Dripper"],"picked":"Philosopher\u0027s Stone"},{"not_picked":["Astrolabe","Eternal Feather"],"picked":"Runic Pyramid"}],"items_purged_floors":[14],"is_endless":false,"potions_floor_spawned":[2,5,11,13,20,21,29,41],"killed_by":"Jaw Worm Horde","ascension_level":20}