{"gold_per_floor":[117,42,42,42,42,72,85,85,85,85,105,123,138,149,149,250,250,274,298,328,340,363,375,387,399,411,423,454,478,490,502,514,626,638,669,697,720,732,744,756,768],"floor_reached":41,"playtime":1690,"items_purged":["Strike_R"],"score":445,"play_id":"09978a23-9e5a-467a-9cda-5a0a74449bc9","local_time":"20191002110621","is_ascension_mode":false,"campfire_choices":[{"data":"Cleave","floor":8.0,"key":"SMITH"},{"data":"Metallicize","floor":10.0,"key":"SMITH"},{"data":"Bash","floor":15.0,"key":"SMITH"},{"floor":23.0,"key":"REST"},{"data":"Limit Break","floor":24.0,"key":"SMITH"},{"floor":25.0,"key":"REST"},{"data":"Spot Weakness","floor":27.0,"key":"SMITH"},{"data":"Shrug It Off","floor":30.0,"key":"SMITH"},{"data":"Heavy Blade","floor":32.0,"key":"SMITH"},{"floor":40.0,"key":"REST"}],"neow_cost":"NONE","seed_source_timestamp":1361729634712400,"circlet_count":0,"master_deck":["Strike_R","Strike_R","Strike_R","Defend_R","Defend_R","Defend_R","Defend_R","Bash+1","Cleave+1","Metallicize+1","Limit Break+1","CurseOfTheBell","Flame Barrier+1","Spot Weakness+1","Shrug It Off+1","Heavy Blade+1","Offering"],"special_seed":0,"relics":["Burning Blood","NeowsBlessing","MealTicket","Darkstone Periapt","Calling Bell","MawBank","Shuriken","WingedGreaves","MutagenicStrength","Ornamental Fan","SlaversCollar"],"potions_floor_usage":[41],"damage_taken":[{"damage":0.0,"enemies":"Jaw Worm","floor":1.0,"turns":1.0},{"damage":0.0,"enemies":"3 Sentries","floor":6.0,"turns":1.0},{"damage":0.0,"enemies":"2 Louse","floor":7.0,"turns":1.0},{"damage":1.0,"enemies":"Small Slimes","floor":11.0,"turns":4.0},{"damage":9.0,"enemies":"2 Fungi Beasts","floor":12.0,"turns":3.0},{"damage":2.0,"enemies":"3 Louse","floor":13.0,"turns":3.0},{"damage":5.0,"enemies":"Large Slime","floor":14.0,"turns":9.0},{"damage":34.0,"enemies":"Slime Boss","floor":16.0,"turns":8.0},{"damage":52.0,"enemies":"Spheric Guardian","floor":18.0,"turns":10.0},{"damage":7.0,"enemies":"3 Byrds","floor":19.0,"turns":3.0},{"damage":22.0,"enemies":"Centurion and Healer","floor":20.0,"turns":8.0},{"damage":18.0,"enemies":"Snake Plant","floor":22.0,"turns":6.0},{"damage":8.0,"enemies":"Snecko","floor":28.0,"turns":8.0},{"damage":17.0,"enemies":"Centurion and Healer","floor":29.0,"turns":11.0},{"damage":43.0,"enemies":"Automaton","floor":33.0,"turns":10.0},{"damage":11.0,"enemies":"3 Shapes","floor":35.0,"turns":4.0},{"damage":51.0,"enemies":"3 Darklings","floor":36.0,"turns":5.0},{"damage":14.0,"enemies":"4 Shapes","floor":37.0,"turns":11.0},{"damage":22,"enemies":"Nemesis","floor":41,"turns":6}],"seed_played":"-119795555555203340","potions_obtained":[{"floor":1.0,"key":"Strength Potion"},{"floor":6.0,"key":"Block Potion"},{"floor":7.0,"key":"Fire Potion"},{"floor":20.0,"key":"Dexterity Potion"},{"floor":22.0,"key":"Dexterity Potion"},{"floor":33.0,"key":"AttackPotion"},{"floor":36.0,"key":"Energy Potion"}],"is_trial":false,"path_per_floor":["M","$","?","?","$","E","M","R","T","R","M","M","M","M","R","B",null,"M","M","M","?","M","R","R","R","T","R","M","M","R","?","R","B",null,"M","M","M","?","?","R","E"],"character_chosen":"IRONCLAD","items_purchased":[],"campfire_rested":3,"item_purchase_floors":[],"current_hp_per_floor":[80,80,85,85,85,85,85,85,85,85,85,82,85,85,85,57,91,45,44,28,28,16,43,43,70,70,70,68,57,57,57,57,20,91,86,41,33,33,33,60,38],"gold":768,"neow_bonus":"THREE_ENEMY_KILL","is_prod":false,"is_daily":false,"chose_seed":false,"campfire_upgraded":7,"win_rate":0,"timestamp":1569985581,"path_taken":["M","$","?","?","?","E","M","R","T","R","M","M","M","?","R","BOSS","M","M","M","?","M","R","R","R","T","R","M","M","R","?","R","BOSS","M","M","M","?","?","R","E"],"build_version":"2019-09-27","purchased_purges":1,"victory":false,"max_hp_per_floor":[80,80,85,85,85,85,85,85,85,85,85,85,85,85,85,85,91,91,91,91,91,91,91,91,91,91,91,91,91,91,91,91,91,91,91,91,91,91,91,91,91],"card_choices":[{"not_picked":["Power Through","Ghostly Armor"],"picked":"Cleave","floor":1.0},{"not_picked":["True Grit","Brutality","Warcry"],"picked":"SKIP","floor":6.0},{"not_picked":["Burning Pact","Shockwave"],"picked":"Metallicize","floor":7.0},{"not_picked":["Rage","Cleave","Wild Strike"],"picked":"SKIP","floor":11.0},{"not_picked":["Iron Wave","Pummel","Anger"],"picked":"SKIP","floor":12.0},{"not_picked":["Burning Pact","Clash","Seeing Red"],"picked":"SKIP","floor":13.0},{"not_picked":["Clothesline","Rupture","Clash"],"picked":"SKIP","floor":14.0},{"not_picked":["Brutality","Berserk"],"picked":"Limit Break","floor":16.0},{"not_picked":["Wild Strike","Clash"],"picked":"Flame Barrier+1","floor":18.0},{"not_picked":["Clash","Wild Strike+1"],"picked":"Spot Weakness","floor":19.0},{"not_picked":["Headbutt+1","Entrench+1","Battle Trance"],"picked":"SKIP","floor":20.0},{"not_picked":["Dual Wield+1","Evolve"],"picked":"Shrug It Off","floor":22.0},{"not_picked":["Pummel","Entrench","Sentinel"],"picked":"SKIP","floor":28.0},{"not_picked":["Flex+1","True Grit","Body Slam"],"picked":"SKIP","floor":29.0},{"not_picked":["Demon Form","Bludgeon"],"picked":"Offering","floor":33.0},{"not_picked":["Dropkick","Ghostly Armor","Corruption"],"picked":"SKIP","floor":35.0},{"not_picked":["Carnage","Flex","Iron Wave+1"],"picked":"SKIP","floor":36.0},{"not_picked":["Pummel+1","Wild Strike+1","Perfected Strike+1"],"picked":"SKIP","floor":37.0}],"player_experience":322203,"relics_obtained":[{"floor":6.0,"key":"MealTicket"},{"floor":9.0,"key":"Darkstone Periapt"},{"floor":17.0,"key":"MawBank"},{"floor":17.0,"key":"Shuriken"},{"floor":17.0,"key":"WingedGreaves"},{"floor":26.0,"key":"Ornamental Fan"}],"event_choices":[{"damage_healed":0.0,"max_hp_gain":5.0,"max_hp_loss":0.0,"gold_gain":0.0,"event_name":"Big Fish","player_choice":"Donut","floor":3.0,"gold_loss":0.0,"damage_taken":0.0},{"cards_removed":["Strike_R"],"damage_healed":0.0,"max_hp_gain":0.0,"max_hp_loss":0.0,"gold_gain":0.0,"event_name":"Living Wall","player_choice":"Forget","floor":4.0,"gold_loss":0.0,"damage_taken":0.0},{"damage_healed":0.0,"max_hp_gain":0.0,"max_hp_loss":0.0,"gold_gain":0.0,"event_name":"Drug Dealer","player_choice":"Inject Mutagens","floor":21.0,"gold_loss":0.0,"damage_taken":0.0,"relics_obtained":["MutagenicStrength"]},{"damage_healed":0.0,"max_hp_gain":0.0,"max_hp_loss":0.0,"gold_gain":0.0,"event_name":"The Library","player_choice":"Read","floor":31.0,"gold_loss":0.0,"damage_taken":0.0,"cards_obtained":["Heavy Blade"]},{"damage_healed":0.0,"max_hp_gain":0.0,"max_hp_loss":0.0,"gold_gain":0.0,"event_name":"The Moai Head","player_choice":"Ignored","floor":38.0,"gold_loss":0.0,"damage_taken":0.0},{"damage_healed":0.0,"max_hp_gain":0.0,"max_hp_loss":0.0,"gold_gain":0.0,"event_name":"Mysterious Sphere","player_choice":"Ignored","floor":39.0,"gold_loss":0.0,"damage_taken":0.0}],"is_beta":true,"boss_relics":[{"not_picked":["SacredBark","Black Star"],"picked":"Calling Bell"},{"not_picked":["Snecko Eye","Coffee Dripper"],"picked":"SlaversCollar"}],"items_purged_floors":[2],"is_endless":false,"potions_floor_spawned":[1,6,7,14,20,22,33,36],"killed_by":"Nemesis","ascension_level":0}