{"gold_per_floor":[112,112,72,90,13,13,48,8,76,117,117,117,138,151,151,151],"floor_reached":16,"playtime":341,"items_purged":[],"score":216,"play_id":"37d02708-44f2-4b43-9a13-67b127de4555","local_time":"20190430130914","is_ascension_mode":true,"campfire_choices":[{"data":"Bash","floor":6.0,"key":"SMITH"},{"floor":12.0,"key":"REST"},{"data":"Heavy Blade","floor":15,"key":"SMITH"}],"neow_cost":"NONE","seed_source_timestamp":8272349931031,"circlet_count":0,"master_deck":["AscendersBane","Strike_R","Strike_R","Strike_R","Strike_R","Strike_R","Defend_R","Defend_R","Defend_R","Defend_R","Bash+1","Shrug It Off","Headbutt","Spot Weakness","Shockwave","Rampage","Corruption","Twin Strike","Heavy Blade+1"],"special_seed":0,"relics":["Burning Blood","Regal Pillow","Golden Idol","Strawberry","Mummified Hand","Pen Nib","NlothsMask"],"potions_floor_usage":[16],"damage_taken":[{"damage":6.0,"enemies":"Small Slimes","floor":1.0,"turns":3.0},{"damage":7.0,"enemies":"Cultist","floor":4.0,"turns":4.0},{"damage":41.0,"enemies":"Lagavulin","floor":7.0,"turns":7.0},{"damage":36.0,"enemies":"Gremlin Nob","floor":10.0,"turns":4.0},{"damage":8.0,"enemies":"2 Louse","floor":13.0,"turns":2.0},{"damage":16,"enemies":"Lots of Slimes","floor":14,"turns":5},{"damage":34,"enemies":"Hexaghost","floor":16,"turns":7}],"seed_played":"5194539143915631559","potions_obtained":[{"floor":1.0,"key":"Swift Potion"},{"floor":3.0,"key":"BloodPotion"},{"floor":3.0,"key":"EntropicBrew"},{"floor":10.0,"key":"LiquidBronze"}],"is_trial":false,"path_per_floor":["M","?","?","M","$","R","E","$","T","E","?","R","M","M","R","B"],"character_chosen":"IRONCLAD","items_purchased":["Spot Weakness","Rampage"],"campfire_rested":1,"item_purchase_floors":[5,8],"current_hp_per_floor":[68,68,68,67,67,67,39,39,39,9,9,46,44,34,34,0],"gold":151,"neow_bonus":"RANDOM_COMMON_RELIC","is_prod":false,"is_daily":false,"chose_seed":false,"campfire_upgraded":2,"win_rate":0,"timestamp":1556622554,"path_taken":["M","?","?","?","$","R","E","?","T","E","?","R","?","M","R","BOSS"],"build_version":"2019-01-23","purchased_purges":0,"victory":false,"max_hp_per_floor":[75,68,68,68,68,68,75,75,75,75,75,75,75,75,75,75],"card_choices":[{"not_picked":["Reckless Charge","Clash"],"picked":"Shrug It Off","floor":1.0},{"not_picked":["Sentinel","Armaments"],"picked":"Headbutt","floor":4.0},{"not_picked":["Headbutt","Clash"],"picked":"Shockwave","floor":7.0},{"not_picked":["Offering","Evolve"],"picked":"Corruption","floor":10.0},{"not_picked":["Warcry","Whirlwind"],"picked":"Twin Strike","floor":13.0},{"not_picked":["Rage","Anger"],"picked":"Heavy Blade","floor":14}],"player_experience":1643370,"relics_obtained":[{"floor":7.0,"key":"Strawberry"},{"floor":9.0,"key":"Mummified Hand"},{"floor":10.0,"key":"Pen Nib"}],"event_choices":[{"damage_healed":0.0,"max_hp_gain":0.0,"max_hp_loss":7.0,"gold_gain":0.0,"event_name":"Golden Idol","player_choice":"Lose Max HP","floor":2.0,"gold_loss":0.0,"damage_taken":0.0,"relics_obtained":["Golden Idol"]},{"damage_healed":0.0,"max_hp_gain":0.0,"max_hp_loss":0.0,"gold_gain":0.0,"event_name":"The Woman in Blue","player_choice":"Bought 3 Potions","floor":3.0,"gold_loss":0.0,"damage_taken":0.0},{"damage_healed":0.0,"max_hp_gain":0.0,"max_hp_loss":0.0,"gold_gain":0.0,"event_name":"FaceTrader","player_choice":"Trade","floor":11.0,"gold_loss":0.0,"damage_taken":0.0,"relics_obtained":["NlothsMask"]}],"is_beta":false,"boss_relics":[],"items_purged_floors":[],"is_endless":false,"potions_floor_spawned":[1,10,13],"killed_by":"Hexaghost","ascension_level":20}