{"gold_per_floor":[119,119,138,152,165,199,199,227,227,252,22,22,22,22,22,101,101,121,131,146,158,158,158,189,104,128,140,170,216,228,250,262,352,364,386,408,435,460,127,152,152,184,184,184,219,237,250,282,282,282,282,282,282,12,43,43],"floor_reached":56,"playtime":2414,"items_purged":["Strike_B+1","Strike_B+1"],"score":2204,"play_id":"43c5a832-5c5f-4926-bbf2-f98162644cf5","local_time":"20190409143907","is_ascension_mode":true,"campfire_choices":[{"floor":7.0,"key":"REST"},{"floor":13.0,"key":"REST"},{"data":"Biased Cognition","floor":15.0,"key":"SMITH"},{"data":"Rainbow","floor":23.0,"key":"SMITH"},{"data":"Coolheaded","floor":30.0,"key":"SMITH"},{"data":"Zap","floor":32.0,"key":"SMITH"},{"floor":41.0,"key":"REST"},{"floor":44.0,"key":"REST"},{"floor":49.0,"key":"RECALL"},{"data":"White Noise","floor":53.0,"key":"SMITH"}],"neow_cost":"NONE","seed_source_timestamp":0,"circlet_count":0,"master_deck":["AscendersBane","Strike_B+1","Defend_B+1","Defend_B+1","Defend_B+1","Defend_B+1","Zap+1","Dualcast","Biased Cognition+1","Static Discharge","Ball Lightning","Coolheaded+1","Reinforced Body","Ball Lightning","Rainbow+1","Self Repair+1","Compile Driver","Cold Snap","Chill","Static Discharge+1","Coolheaded+1","Loop+1","Glacier","Fission","Hologram","Capacitor+1","Storm+1","Darkness","Storm+1","Echo Form+1","Darkness","White Noise+1","Seek","Heatsinks+1"],"special_seed":0,"relics":["Cracked Core","Regal Pillow","Cables","Torii","StoneCalendar","ClockworkSouvenir","Anchor","Nuclear Battery","Frozen Egg 2","Vajra","MawBank","Darkstone Periapt","Inserter","DataDisk","Pantograph","Smiling Mask","Potion Belt","Dodecahedron"],"potions_floor_usage":[56],"damage_taken":[{"damage":1.0,"enemies":"Cultist","floor":1.0,"turns":3.0},{"damage":1.0,"enemies":"Small Slimes","floor":3.0,"turns":3.0},{"damage":10.0,"enemies":"2 Louse","floor":4.0,"turns":3.0},{"damage":17.0,"enemies":"Lots of Slimes","floor":5.0,"turns":4.0},{"damage":33.0,"enemies":"3 Sentries","floor":6.0,"turns":5.0},{"damage":25.0,"enemies":"Lagavulin","floor":8.0,"turns":5.0},{"damage":6.0,"enemies":"Gremlin Nob","floor":10.0,"turns":3.0},{"damage":11.0,"enemies":"The Guardian","floor":16.0,"turns":7.0},{"damage":2.0,"enemies":"2 Thieves","floor":18.0,"turns":4.0},{"damage":0.0,"enemies":"Chosen","floor":19.0,"turns":3.0},{"damage":1.0,"enemies":"Centurion and Healer","floor":20.0,"turns":5.0},{"damage":0.0,"enemies":"Snecko","floor":21.0,"turns":4.0},{"damage":6.0,"enemies":"Slavers","floor":24.0,"turns":6.0},{"damage":11.0,"enemies":"3 Cultists","floor":28.0,"turns":4.0},{"damage":16.0,"enemies":"Book of Stabbing","floor":29.0,"turns":5.0},{"damage":13.0,"enemies":"Centurion and Healer","floor":31.0,"turns":7.0},{"damage":0.0,"enemies":"Automaton","floor":33.0,"turns":10.0},{"damage":0.0,"enemies":"3 Darklings","floor":35.0,"turns":7.0},{"damage":5.0,"enemies":"3 Shapes","floor":36.0,"turns":5.0},{"damage":7.0,"enemies":"Writhing Mass","floor":37.0,"turns":7.0},{"damage":49.0,"enemies":"Transient","floor":38.0,"turns":6.0},{"damage":14.0,"enemies":"Giant Head","floor":40.0,"turns":7.0},{"damage":47.0,"enemies":"Reptomancer","floor":42.0,"turns":7.0},{"damage":22.0,"enemies":"Giant Head","floor":45.0,"turns":6.0},{"damage":1.0,"enemies":"Sphere and 2 Shapes","floor":46.0,"turns":3.0},{"damage":0.0,"enemies":"Spire Growth","floor":47.0,"turns":4.0},{"damage":0.0,"enemies":"Reptomancer","floor":48.0,"turns":5.0},{"damage":31.0,"enemies":"Donu and Deca","floor":50.0,"turns":5.0},{"damage":30.0,"enemies":"Time Eater","floor":51.0,"turns":6.0},{"damage":0.0,"enemies":"Shield and Spear","floor":55.0,"turns":4.0},{"damage":71,"enemies":"The Heart","floor":56,"turns":6}],"seed_played":"-2561973467273313768","potions_obtained":[{"floor":4.0,"key":"Ancient Potion"},{"floor":5.0,"key":"Energy Potion"},{"floor":16.0,"key":"Fire Potion"},{"floor":19.0,"key":"Energy Potion"},{"floor":24.0,"key":"SpeedPotion"},{"floor":40.0,"key":"SneckoOil"},{"floor":45.0,"key":"Dexterity Potion"},{"floor":46.0,"key":"AttackPotion"}],"is_trial":false,"path_per_floor":["M","?","M","M","M","E","R","E","T","E","$","?","R","?","R","B",null,"M","M","M","M","?","R","E","?","T","?","M","E","R","M","R","B",null,"M","M","M","M","$","E","R","E","T","R","E","M","M","E","R","B","B",null,"R","$","E","B"],"character_chosen":"DEFECT","items_purchased":["ClockworkSouvenir","Darkness","Storm+1","FocusPotion","PowerPotion","Seek","Heatsinks+1","SpeedPotion"],"campfire_rested":4,"item_purchase_floors":[11,39,39,39,39,54,54,54],"current_hp_per_floor":[63,63,62,52,35,2,38,13,13,7,7,2,38,38,38,27,60,58,68,71,71,71,71,71,71,71,71,60,54,54,51,51,61,69,69,71,71,32,32,28,64,17,17,53,31,40,50,50,50,40,35,62,62,62,71,0],"gold":43,"neow_bonus":"ONE_RANDOM_RARE_CARD","is_prod":false,"is_daily":false,"chose_seed":false,"campfire_upgraded":5,"win_rate":0,"timestamp":1554813547,"path_taken":["M","?","?","M","M","E","R","E","T","E","$","?","R","?","R","BOSS","M","?","M","M","?","R","E","?","T","?","M","E","R","?","R","BOSS","M","M","M","M","$","E","R","E","T","R","E","M","M","E","R","BOSS","BOSS","R","$","E","BOSS"],"build_version":"2019-01-23","purchased_purges":2,"victory":false,"max_hp_per_floor":[71,71,71,71,71,71,71,71,71,71,71,71,71,71,71,71,71,71,71,71,71,71,71,71,71,71,71,71,71,71,71,71,71,71,71,71,71,71,71,71,71,71,71,71,71,71,71,71,71,71,71,71,71,71,71,71],"card_choices":[{"not_picked":["Stack","Hologram"],"picked":"Static Discharge","floor":1.0},{"not_picked":["Stack","Barrage"],"picked":"Ball Lightning","floor":3.0},{"not_picked":["Steam","Recycle"],"picked":"Gash","floor":4.0},{"not_picked":["Streamline","Gash"],"picked":"Coolheaded","floor":5.0},{"not_picked":["Scrape","Fusion","Barrage"],"picked":"SKIP","floor":6.0},{"not_picked":["Beam Cell","Blizzard"],"picked":"Reinforced Body","floor":8.0},{"not_picked":["Go for the Eyes","Streamline"],"picked":"Ball Lightning","floor":10.0},{"not_picked":["Reboot","Hyperbeam"],"picked":"Rainbow","floor":16.0},{"not_picked":["Scrape","Doom and Gloom"],"picked":"Self Repair+1","floor":18.0},{"not_picked":["Turbo","Streamline"],"picked":"Compile Driver","floor":19.0},{"not_picked":["Turbo+1","Stack"],"picked":"Cold Snap","floor":20.0},{"not_picked":["Blizzard","Steam"],"picked":"Chill","floor":21.0},{"not_picked":["Multi-Cast","Barrage"],"picked":"Static Discharge","floor":24.0},{"not_picked":["Sweeping Beam","Redo"],"picked":"Coolheaded","floor":28.0},{"not_picked":["Melter","Ball Lightning"],"picked":"Loop+1","floor":29.0},{"not_picked":["Defragment+1","Stack"],"picked":"Glacier","floor":31.0},{"not_picked":["Meteor Strike","Multi-Cast"],"picked":"Fission","floor":33.0},{"not_picked":["Steam+1","Leap"],"picked":"Hologram","floor":35.0},{"not_picked":["Tempest","Melter"],"picked":"Capacitor+1","floor":36.0},{"not_picked":["Turbo","Ball Lightning","Stack"],"picked":"SKIP","floor":37.0},{"not_picked":["Ball Lightning+1","Go for the Eyes"],"picked":"Storm+1","floor":38.0},{"not_picked":["Hologram","Sweeping Beam"],"picked":"Echo Form+1","floor":40.0},{"not_picked":["Scrape","Streamline+1"],"picked":"Darkness","floor":42.0},{"not_picked":["Chill","Compile Driver","Sweeping Beam"],"picked":"SKIP","floor":45.0},{"not_picked":["Aggregate","Go for the Eyes","Lockon+1"],"picked":"SKIP","floor":46.0},{"not_picked":["Force Field","Cold Snap","Sunder"],"picked":"SKIP","floor":47.0},{"not_picked":["Reinforced Body","Coolheaded"],"picked":"White Noise","floor":48.0},{"not_picked":["Turbo","Go for the Eyes+1","Cold Snap"],"picked":"SKIP","floor":55.0}],"player_experience":1570180,"relics_obtained":[{"floor":6.0,"key":"Regal Pillow"},{"floor":8.0,"key":"Cables"},{"floor":9.0,"key":"Torii"},{"floor":10.0,"key":"StoneCalendar"},{"floor":24.0,"key":"Frozen Egg 2"},{"floor":26.0,"key":"MawBank"},{"floor":29.0,"key":"Darkstone Periapt"},{"floor":40.0,"key":"DataDisk"},{"floor":42.0,"key":"Pantograph"},{"floor":45.0,"key":"Smiling Mask"},{"floor":48.0,"key":"Potion Belt"},{"floor":55.0,"key":"Dodecahedron"}],"event_choices":[{"cards_removed":["Strike_B"],"damage_healed":0.0,"max_hp_gain":0.0,"max_hp_loss":0.0,"gold_gain":0.0,"event_name":"Bonfire Elementals","player_choice":"Offered Basic","floor":2.0,"gold_loss":0.0,"damage_taken":0.0},{"damage_healed":0.0,"max_hp_gain":0.0,"max_hp_loss":0.0,"gold_gain":0.0,"event_name":"Scrap Ooze","player_choice":"Fled","floor":12.0,"gold_loss":0.0,"damage_taken":5.0},{"cards_removed":["Gash"],"damage_healed":0.0,"max_hp_gain":0.0,"max_hp_loss":0.0,"gold_gain":0.0,"event_name":"WeMeetAgain","player_choice":"Gave Card","floor":14.0,"gold_loss":0.0,"damage_taken":0.0,"relics_obtained":["Anchor"]},{"damage_healed":0.0,"max_hp_gain":0.0,"max_hp_loss":0.0,"gold_gain":0.0,"event_name":"Back to Basics","player_choice":"Simplicity","floor":22.0,"gold_loss":0.0,"damage_taken":0.0,"cards_upgraded":["Strike_B","Strike_B","Strike_B","Defend_B","Defend_B","Defend_B","Defend_B"]},{"damage_healed":0.0,"max_hp_gain":0.0,"max_hp_loss":0.0,"gold_gain":0.0,"event_name":"Addict","player_choice":"Obtained Relic","floor":25.0,"gold_loss":85.0,"damage_taken":0.0,"relics_obtained":["Vajra"]},{"damage_healed":0.0,"max_hp_gain":0.0,"max_hp_loss":0.0,"gold_gain":0.0,"event_name":"Upgrade Shrine","player_choice":"Upgraded","floor":27.0,"gold_loss":0.0,"damage_taken":0.0,"cards_upgraded":["Coolheaded"]}],"is_beta":false,"boss_relics":[{"not_picked":["Cursed Key","Empty Cage"],"picked":"Nuclear Battery"},{"not_picked":["Black Star","White Beast Statue"],"picked":"Inserter"}],"items_purged_floors":[39,54],"is_endless":false,"potions_floor_spawned":[4,5,16,19,20,24,28,40,45,46,47],"killed_by":"The Heart","ascension_level":20}