{"gold_per_floor":[118,0,0,20,20,20,53,53,130,145,44,44,58,71,71,175,175,188,204,214,229,52,52],"floor_reached":23,"playtime":2040,"items_purged":["Strike_G"],"score":241,"play_id":"421c923f-a7b9-4a55-97aa-eb8ea1df6333","local_time":"20190408113810","is_ascension_mode":true,"campfire_choices":[{"data":"Neutralize","floor":6,"key":"SMITH"},{"data":"Footwork","floor":8,"key":"SMITH"},{"data":"Sucker Punch","floor":12,"key":"SMITH"},{"data":"Blur","floor":15,"key":"SMITH"}],"neow_cost":"NONE","seed_source_timestamp":821435004408287,"circlet_count":0,"master_deck":["Defend_G","Defend_G","Defend_G","Defend_G","Defend_G","Strike_G","Strike_G","Strike_G","Strike_G","Survivor","Neutralize+1","Endless Agony","Footwork+1","Quick Slash","Dodge and Roll","Infinite Blades","Dagger Throw","Sucker Punch+1","Bullet Time","Blur+1","Envenom","Accuracy","Tactician","Cloak And Dagger","PiercingWail","After Image","Cloak And Dagger"],"relics":["Ring of the Snake","CultistMask","Orichalcum","Bottled Tornado","WristBlade"],"potions_floor_usage":[7,14,16,16,23,23],"damage_taken":[{"damage":0,"enemies":"Cultist","floor":1,"turns":4},{"damage":2,"enemies":"Jaw Worm","floor":4,"turns":4},{"damage":18,"enemies":"3 Sentries","floor":7,"turns":10},{"damage":0,"enemies":"2 Louse","floor":10,"turns":3},{"damage":0,"enemies":"Blue Slaver","floor":13,"turns":4},{"damage":0,"enemies":"2 Fungi Beasts","floor":14,"turns":6},{"damage":21,"enemies":"Hexaghost","floor":16,"turns":16},{"damage":1,"enemies":"Shell Parasite","floor":18,"turns":6},{"damage":17,"enemies":"Spheric Guardian","floor":19,"turns":4},{"damage":20,"enemies":"Centurion and Healer","floor":20,"turns":9},{"damage":6,"enemies":"Chosen and Byrds","floor":21,"turns":7},{"damage":20,"enemies":"Gremlin Leader","floor":23,"turns":4}],"seed_played":"6629823464090022634","potions_obtained":[{"floor":0,"key":"FearPotion"},{"floor":0,"key":"LiquidBronze"},{"floor":0,"key":"SneckoOil"},{"floor":10,"key":"Regen Potion"},{"floor":16,"key":"AttackPotion"},{"floor":18,"key":"Ancient Potion"},{"floor":21,"key":"LiquidBronze"}],"is_trial":false,"path_per_floor":["M","$","?","M","?","R","E","R","T","M","$","R","M","M","R","B",null,"M","M","M","M","$","E"],"character_chosen":"THE_SILENT","items_purchased":["Footwork","Quick Slash","Sucker Punch","After Image","Cloak And Dagger"],"campfire_rested":0,"item_purchase_floors":[2,2,11,22,22],"current_hp_per_floor":[70,70,70,68,61,61,43,43,43,43,43,43,43,58,58,37,62,61,44,24,18,18,0],"gold":52,"neow_bonus":"THREE_SMALL_POTIONS","is_prod":false,"is_daily":false,"chose_seed":false,"campfire_upgraded":4,"win_rate":0,"timestamp":1554748690,"path_taken":["M","$","?","?","?","R","E","R","T","M","$","R","?","M","R","BOSS","M","M","M","M","$","E"],"build_version":"2019-01-23","purchased_purges":1,"victory":false,"max_hp_per_floor":[70,70,70,70,70,70,70,70,70,70,70,70,70,70,70,70,70,70,70,70,70,70,70],"card_choices":[{"not_picked":["Accuracy","Choke"],"picked":"Endless Agony","floor":1},{"not_picked":["Riddle With Holes","Accuracy"],"picked":"Dodge and Roll","floor":4},{"not_picked":["Bane","Flying Knee"],"picked":"Infinite Blades","floor":7},{"not_picked":["Underhanded Strike","Poisoned Stab"],"picked":"Dagger Throw","floor":10},{"not_picked":["Slice","Backflip"],"picked":"Bullet Time","floor":13},{"not_picked":["Dodge and Roll","Cloak And Dagger"],"picked":"Blur","floor":14},{"not_picked":["Burst","Venomology"],"picked":"Envenom","floor":16},{"not_picked":["Deadly Poison","Prepared"],"picked":"Accuracy","floor":18},{"not_picked":["Outmaneuver","Expertise"],"picked":"Tactician","floor":19},{"not_picked":["Sucker Punch+1","Flying Knee"],"picked":"Cloak And Dagger","floor":20},{"not_picked":["Underhanded Strike","Calculated Gamble"],"picked":"PiercingWail","floor":21}],"player_experience":532807,"relics_obtained":[{"floor":7,"key":"Orichalcum"},{"floor":9,"key":"Bottled Tornado"}],"event_choices":[{"damage_healed":0,"gold_gain":0,"player_choice":"Trade","damage_taken":0,"relics_obtained":["CultistMask"],"max_hp_gain":0,"max_hp_loss":0,"event_name":"FaceTrader","floor":3,"gold_loss":0},{"damage_healed":0,"gold_gain":0,"player_choice":"Damaged","damage_taken":7,"max_hp_gain":0,"max_hp_loss":0,"event_name":"Wheel of Change","floor":5,"gold_loss":0}],"is_beta":false,"boss_relics":[{"not_picked":["White Beast Statue","Cursed Key"],"picked":"WristBlade"}],"items_purged_floors":[11],"is_endless":false,"potions_floor_spawned":[4,10,16,18,21],"killed_by":"Gremlin Leader","ascension_level":5}