{"gold_per_floor":[116,131,96,116,73,73,104,104,104,132,132,162,162,179,179,253,253,228,228,228,239,113,113],"floor_reached":23,"playtime":759,"items_purged":[],"score":414,"play_id":"262f9e31-14cb-4a5c-b12d-727c21a5f5da","local_time":"20190724113656","is_ascension_mode":true,"campfire_choices":[{"data":"Bash","floor":6.0,"key":"SMITH"},{"data":"Inflame","floor":8.0,"key":"SMITH"},{"data":"Disarm","floor":13,"key":"SMITH"},{"data":"Perfected Strike","floor":15,"key":"SMITH"}],"neow_cost":"NONE","seed_source_timestamp":6491723991988,"circlet_count":0,"master_deck":["AscendersBane","Bash+1","Inflame+1","Disarm+1","Cleave","Rampage","Corruption","Shrug It Off","Dark Embrace","Entrench","Disarm","Cleave","Cleave","Impervious","Berserk","Infernal Blade","Thunderclap","Shockwave","Entrench","Searing Blow","Sword Boomerang","Twin Strike"],"special_seed":0,"relics":["Burning Blood","Dream Catcher","The Courier","Pantograph","Omamori","Strawberry","Pandora\u0027s Box"],"potions_floor_usage":[23,23],"damage_taken":[{"damage":17.0,"enemies":"Small Slimes","floor":1.0,"turns":5.0},{"damage":14.0,"enemies":"Jaw Worm","floor":2.0,"turns":5.0},{"damage":1.0,"enemies":"Cultist","floor":4.0,"turns":3.0},{"damage":35.0,"enemies":"Lagavulin","floor":7.0,"turns":8.0},{"damage":8.0,"enemies":"Gremlin Nob","floor":10.0,"turns":3.0},{"damage":21,"enemies":"Lagavulin","floor":12,"turns":6},{"damage":4,"enemies":"3 Louse","floor":14,"turns":4},{"damage":36,"enemies":"Hexaghost","floor":16,"turns":11},{"damage":29,"enemies":"2 Thieves","floor":18,"turns":5},{"damage":31,"enemies":"3 Byrds","floor":21,"turns":6},{"damage":22,"enemies":"Slavers","floor":23,"turns":3}],"seed_played":"-1179583052737054225","potions_obtained":[{"floor":4.0,"key":"Block Potion"},{"floor":7.0,"key":"FearPotion"},{"floor":10.0,"key":"PowerPotion"}],"is_trial":false,"path_per_floor":["M","M","?","M","$","R","E","R","T","E","?","E","R","M","R","B",null,"M","?","?","M","$","E"],"character_chosen":"IRONCLAD","items_purchased":["Disarm","Sword Boomerang","Twin Strike","AttackPotion"],"campfire_rested":0,"item_purchase_floors":[5,22,22,22],"current_hp_per_floor":[57,49,67,72,72,72,43,43,43,41,41,33,33,35,35,30,69,46,46,46,21,21,0],"gold":113,"neow_bonus":"RANDOM_COMMON_RELIC","is_prod":false,"is_daily":false,"chose_seed":false,"campfire_upgraded":4,"win_rate":0,"timestamp":1563961016,"path_taken":["M","M","?","M","$","R","E","R","T","E","?","E","R","?","R","BOSS","M","?","?","M","$","E"],"build_version":"2019-07-17","purchased_purges":0,"victory":false,"max_hp_per_floor":[75,75,75,75,75,75,75,75,75,75,75,82,82,82,82,82,82,82,82,82,82,82,82],"card_choices":[{"not_picked":["Wild Strike","Sentinel"],"picked":"Inflame","floor":1.0},{"not_picked":["Havoc","Sever Soul"],"picked":"Perfected Strike","floor":2.0},{"not_picked":["Thunderclap","Headbutt"],"picked":"Perfected Strike","floor":4.0},{"not_picked":["True Grit","Armaments"],"picked":"Cleave","floor":7.0},{"not_picked":["Iron Wave","Reckless Charge"],"picked":"Rampage","floor":10.0},{"not_picked":["Havoc","Hemokinesis"],"picked":"Corruption","floor":12},{"not_picked":["Flex","Intimidate"],"picked":"Shrug It Off","floor":14},{"not_picked":["Impervious","Bludgeon"],"picked":"Dark Embrace","floor":16},{"not_picked":["Body Slam","Combust"],"picked":"Shockwave","floor":18},{"not_picked":["Carnage","Combust","Warcry"],"picked":"SKIP","floor":21}],"player_experience":1834346,"relics_obtained":[{"floor":7.0,"key":"The Courier"},{"floor":9.0,"key":"Pantograph"},{"floor":10.0,"key":"Omamori"},{"floor":12,"key":"Strawberry"}],"event_choices":[{"damage_healed":18.0,"max_hp_gain":0.0,"max_hp_loss":0.0,"gold_gain":0.0,"event_name":"The Cleric","player_choice":"Healed","floor":3.0,"gold_loss":35.0,"damage_taken":0.0},{"damage_healed":0.0,"max_hp_gain":0.0,"max_hp_loss":0.0,"gold_gain":0.0,"event_name":"Match and Keep!","player_choice":"0 cards matched","floor":11.0,"gold_loss":0.0,"damage_taken":0.0,"cards_obtained":[]},{"cards_removed":["Perfected Strike"],"damage_healed":0,"gold_gain":0,"player_choice":"Elegance","damage_taken":0,"max_hp_gain":0,"max_hp_loss":0,"event_name":"Back to Basics","floor":19,"gold_loss":0},{"damage_healed":0,"gold_gain":0,"cards_transformed":["Perfected Strike","Clash"],"player_choice":"Became Test Subject","damage_taken":0,"max_hp_gain":0,"max_hp_loss":0,"event_name":"Drug Dealer","floor":20,"gold_loss":0,"cards_obtained":["Entrench","Searing Blow"]}],"is_beta":false,"boss_relics":[{"not_picked":["Orrery","Tiny House"],"picked":"Pandora\u0027s Box"}],"items_purged_floors":[],"is_endless":false,"potions_floor_spawned":[4,7,10],"killed_by":"Slavers","ascension_level":20}