{"gold_per_floor":[113,129,54,65,7,7,7,7,33,46,46,66,66,91,103,192,204,226,238,264,276,288,300,312],"floor_reached":24,"playtime":1700,"items_purged":["Pain"],"score":384,"play_id":"e6be9cd7-a19d-45de-a437-b644c95b40e6","local_time":"20181123214300","is_ascension_mode":true,"campfire_choices":[{"data":"Double Tap","floor":6.0,"key":"SMITH"},{"data":"Rampage","floor":8.0,"key":"SMITH"},{"data":"Intimidate","floor":11.0,"key":"SMITH"},{"data":"Perfected Strike","floor":13.0,"key":"SMITH"},{"data":"Bash","floor":15.0,"key":"SMITH"},{"data":"True Grit","floor":23.0,"key":"SMITH"}],"neow_cost":"CURSE","seed_source_timestamp":0,"circlet_count":0,"master_deck":["AscendersBane","Defend_R","Defend_R","Defend_R","Defend_R","Bash+1","Double Tap+1","Twin Strike","Rampage+1","Intimidate+1","Dual Wield","Perfected Strike+1","Offering","Feed","True Grit+1","RitualDagger","Warcry","Bite","Bite","Bite","Bite","Bite"],"special_seed":0,"relics":["Black Blood","Mercury Hourglass","Bag of Marbles","MawBank"],"potions_floor_usage":[],"damage_taken":[{"damage":27.0,"enemies":"Jaw Worm","floor":1.0,"turns":6.0},{"damage":5.0,"enemies":"Cultist","floor":2.0,"turns":3.0},{"damage":0.0,"enemies":"2 Louse","floor":4.0,"turns":1.0},{"damage":0.0,"enemies":"Looter","floor":10.0,"turns":1.0},{"damage":8.0,"enemies":"Large Slime","floor":12.0,"turns":4.0},{"damage":15.0,"enemies":"Lagavulin","floor":14.0,"turns":3.0},{"damage":50.0,"enemies":"Slime Boss","floor":16.0,"turns":9.0},{"damage":15.0,"enemies":"2 Thieves","floor":18.0,"turns":3.0},{"damage":12.0,"enemies":"Spheric Guardian","floor":20.0,"turns":3.0},{"damage":79,"enemies":"Gremlin Leader","floor":24,"turns":7}],"seed_played":"-1305323055778459238","potions_obtained":[{"floor":1.0,"key":"Explosive Potion"},{"floor":10.0,"key":"Fruit Juice"},{"floor":16.0,"key":"Dexterity Potion"},{"floor":18.0,"key":"GamblersBrew"}],"is_trial":false,"path_per_floor":["M","M","$","M","?","R","$","R","T","M","R","M","R","E","R","B",null,"M","?","M","?","?","R","E"],"character_chosen":"IRONCLAD","items_purchased":[],"campfire_rested":0,"item_purchase_floors":[],"current_hp_per_floor":[47,48,48,54,54,54,54,54,54,65,65,63,63,54,54,10,63,61,55,53,53,53,53,0],"gold":312,"neow_bonus":"THREE_RARE_CARDS","is_prod":false,"is_daily":false,"chose_seed":false,"campfire_upgraded":6,"win_rate":0,"timestamp":1543005780,"path_taken":["M","M","$","M","?","R","?","R","T","M","R","?","R","E","R","BOSS","M","?","M","?","?","R","E"],"build_version":"2018-11-15","purchased_purges":1,"victory":false,"max_hp_per_floor":[75,75,75,75,75,75,75,75,75,80,80,80,80,80,80,80,80,83,83,83,58,58,58,58],"card_choices":[{"not_picked":["Berserk","Exhume"],"picked":"Double Tap","floor":0.0},{"not_picked":["Uppercut","True Grit"],"picked":"Twin Strike","floor":1.0},{"not_picked":["True Grit","Havoc"],"picked":"Rampage","floor":2.0},{"not_picked":["Sentinel","Clothesline"],"picked":"Intimidate","floor":4.0},{"not_picked":["Uppercut","True Grit"],"picked":"Dual Wield","floor":10.0},{"not_picked":["Evolve","Corruption"],"picked":"Perfected Strike","floor":12.0},{"not_picked":["Fire Breathing","Bloodletting"],"picked":"Offering","floor":14.0},{"not_picked":["Juggernaut","Offering"],"picked":"Feed","floor":16.0},{"not_picked":["Sword Boomerang","Wild Strike+1"],"picked":"True Grit","floor":18.0},{"not_picked":["Twin Strike","Heavy Blade"],"picked":"Warcry","floor":20.0}],"player_experience":872252,"relics_obtained":[{"floor":9.0,"key":"Bag of Marbles"},{"floor":14.0,"key":"MawBank"}],"event_choices":[{"damage_healed":0.0,"max_hp_gain":0.0,"max_hp_loss":0.0,"gold_gain":0.0,"event_name":"WeMeetAgain","player_choice":"Paid Gold","floor":5.0,"gold_loss":58.0,"damage_taken":0.0,"relics_obtained":["Mercury Hourglass"]},{"damage_healed":0.0,"max_hp_gain":0.0,"max_hp_loss":0.0,"gold_gain":0.0,"event_name":"Nest","player_choice":"Joined the Cult","floor":19.0,"gold_loss":0.0,"damage_taken":6.0,"cards_obtained":["RitualDagger"]},{"damage_healed":0.0,"max_hp_gain":0.0,"max_hp_loss":25.0,"gold_gain":0.0,"event_name":"Vampires","player_choice":"Became a vampire","floor":21.0,"gold_loss":0.0,"damage_taken":0.0,"cards_obtained":["Bite","Bite","Bite","Bite","Bite"]},{"damage_healed":0.0,"max_hp_gain":0.0,"max_hp_loss":0.0,"gold_gain":0.0,"event_name":"The Mausoleum","player_choice":"Ignored","floor":22.0,"gold_loss":0.0,"damage_taken":0.0}],"is_beta":true,"boss_relics":[{"not_picked":["Ectoplasm","Astrolabe"],"picked":"Black Blood"}],"items_purged_floors":[3],"is_endless":false,"potions_floor_spawned":[1,10,16,18],"killed_by":"Gremlin Leader","ascension_level":17}