{"gold_per_floor":[115,115,136,211,232,232,266,282,362,397,436,436,467,485,485,584,584,598,623,644,644],"floor_reached":21,"playtime":709,"items_purged":[],"score":402,"play_id":"e671cbce-904a-4ed6-b831-f52fcb842246","local_time":"20190113180110","is_ascension_mode":true,"campfire_choices":[{"data":"Chill","floor":6.0,"key":"SMITH"},{"floor":12.0,"key":"REST"},{"data":"White Noise","floor":15.0,"key":"SMITH"}],"neow_cost":"NONE","seed_source_timestamp":0,"circlet_count":0,"master_deck":["AscendersBane","Strike_B","Strike_B","Strike_B","Strike_B","Defend_B","Defend_B","Defend_B","Defend_B","Zap","Dualcast","Ball Lightning","Chill+1","Doom and Gloom","Sunder","Darkness","Storm","Conserve Battery","Meteor Strike","White Noise+1","Echo Form","Static Discharge","Coolheaded"],"special_seed":0,"relics":["Cracked Core","Golden Idol","Ice Cream","Ornamental Fan","Odd Mushroom","Bronze Scales","Singing Bowl","Sozu"],"potions_floor_usage":[],"damage_taken":[{"damage":2.0,"enemies":"Jaw Worm","floor":1.0,"turns":3.0},{"damage":11.0,"enemies":"Small Slimes","floor":3.0,"turns":3.0},{"damage":0.0,"enemies":"2 Louse","floor":5.0,"turns":2.0},{"damage":26.0,"enemies":"Lagavulin","floor":7.0,"turns":5.0},{"damage":0.0,"enemies":"Large Slime","floor":8.0,"turns":3.0},{"damage":4.0,"enemies":"The Mushroom Lair","floor":10.0,"turns":3.0},{"damage":9.0,"enemies":"3 Sentries","floor":11.0,"turns":5.0},{"damage":2.0,"enemies":"Gremlin Nob","floor":13.0,"turns":3.0},{"damage":9.0,"enemies":"Looter","floor":14.0,"turns":3.0},{"damage":9.0,"enemies":"Hexaghost","floor":16.0,"turns":7.0},{"damage":31.0,"enemies":"Chosen","floor":18.0,"turns":5.0},{"damage":14.0,"enemies":"Spheric Guardian","floor":19.0,"turns":5.0},{"damage":9.0,"enemies":"Shelled Parasite and Fungi","floor":20.0,"turns":4.0}],"seed_played":"4296324599650735138","potions_obtained":[{"floor":3.0,"key":"Explosive Potion"},{"floor":7.0,"key":"FearPotion"},{"floor":8.0,"key":"Swift Potion"},{"floor":13.0,"key":"Regen Potion"},{"floor":16.0,"key":"AttackPotion"}],"is_trial":false,"path_per_floor":["M","?","M","?","M","R","E","M","T","?","E","R","E","M","R","B",null,"M","M","M","$"],"character_chosen":"DEFECT","items_purchased":[],"campfire_rested":1,"item_purchase_floors":[],"current_hp_per_floor":[69,69,58,47,47,47,21,21,21,17,8,29,27,18,18,9,56,25,11,16,16],"gold":644,"neow_bonus":"TEN_PERCENT_HP_BONUS","is_prod":false,"is_daily":false,"chose_seed":false,"campfire_upgraded":2,"win_rate":0,"timestamp":1547398870,"path_taken":["M","?","M","?","M","R","E","M","T","?","E","R","E","M","R","BOSS","M","M","M","$"],"build_version":"2019-01-10","purchased_purges":0,"victory":false,"max_hp_per_floor":[78,71,71,71,71,71,71,71,71,71,71,71,71,71,71,71,71,71,71,73,73],"card_choices":[{"not_picked":["Hologram","Barrage"],"picked":"Ball Lightning","floor":1.0},{"not_picked":["Melter","Streamline"],"picked":"Chill","floor":3.0},{"not_picked":["Barrage","Meteor Strike"],"picked":"Doom and Gloom","floor":5.0},{"not_picked":["Hologram","Capacitor"],"picked":"Sunder","floor":7.0},{"not_picked":["Hologram","Go for the Eyes"],"picked":"Darkness","floor":8.0},{"not_picked":["Streamline","Stack"],"picked":"Storm","floor":10.0},{"not_picked":["Consume","Fusion"],"picked":"Conserve Battery","floor":11.0},{"not_picked":["Barrage","Self Repair"],"picked":"Meteor Strike","floor":13.0},{"not_picked":["Doom and Gloom","Barrage"],"picked":"White Noise","floor":14.0},{"not_picked":["Seek","Multi-Cast"],"picked":"Echo Form","floor":16.0},{"not_picked":["Gash","Ball Lightning"],"picked":"Static Discharge","floor":18.0},{"not_picked":["Steam","Hologram+1"],"picked":"Coolheaded","floor":19.0},{"not_picked":["Rip and Tear","Leap","Sweeping Beam+1"],"picked":"Singing Bowl","floor":20.0}],"player_experience":1096507,"relics_obtained":[{"floor":7.0,"key":"Ice Cream"},{"floor":9.0,"key":"Ornamental Fan"},{"floor":10.0,"key":"Odd Mushroom"},{"floor":11.0,"key":"Bronze Scales"},{"floor":13.0,"key":"Singing Bowl"}],"event_choices":[{"damage_healed":0.0,"max_hp_gain":0.0,"max_hp_loss":7.0,"gold_gain":0.0,"event_name":"Golden Idol","player_choice":"Lose Max HP","floor":2.0,"gold_loss":0.0,"damage_taken":0.0,"relics_obtained":["Golden Idol"]},{"damage_healed":0.0,"max_hp_gain":0.0,"max_hp_loss":0.0,"gold_gain":75.0,"event_name":"World of Goop","player_choice":"Gather Gold","floor":4.0,"gold_loss":0.0,"damage_taken":11.0},{"damage_healed":0.0,"max_hp_gain":0.0,"max_hp_loss":0.0,"gold_gain":0.0,"event_name":"Mushrooms","player_choice":"Fought Mushrooms","floor":10.0,"gold_loss":0.0,"damage_taken":0.0}],"is_beta":false,"boss_relics":[{"not_picked":["Orrery","Philosopher\u0027s Stone"],"picked":"Sozu"}],"items_purged_floors":[],"is_endless":false,"potions_floor_spawned":[3,7,8,13,16,18,20],"ascension_level":20}