{"gold_per_floor":[14,85,96,12,12,12,40,40,40,52,52,65,92,52,52,123,123,140,28,42,42],"floor_reached":21,"playtime":804,"items_purged":[],"score":374,"play_id":"c01994ea-80f1-4f4d-aa9c-a1484695fece","local_time":"20190428214952","is_ascension_mode":true,"campfire_choices":[{"data":"Zap","floor":6.0,"key":"SMITH"},{"floor":8.0,"key":"REST"},{"data":"Lockon","floor":11.0,"key":"SMITH"},{"data":"Coolheaded","floor":15.0,"key":"SMITH"}],"neow_cost":"NO_GOLD","seed_source_timestamp":0,"circlet_count":0,"master_deck":["AscendersBane","Strike_B","Strike_B","Strike_B","Strike_B","Defend_B","Defend_B","Defend_B","Defend_B","Zap+1","Dualcast","Core Surge","Lockon+1","Cold Snap","Ball Lightning","Coolheaded+1","Coolheaded+1","Leap+1","Steam+1","Echo Form","Capacitor","Creative AI","Loop","Turbo+1","Compile Driver"],"special_seed":0,"relics":["Cracked Core","Toxic Egg 2","Ice Cream","PreservedInsect","Pear","Fusion Hammer"],"potions_floor_usage":[21],"damage_taken":[{"damage":7.0,"enemies":"2 Louse","floor":1.0,"turns":2.0},{"damage":2.0,"enemies":"Jaw Worm","floor":3.0,"turns":3.0},{"damage":37.0,"enemies":"Gremlin Nob","floor":7.0,"turns":4.0},{"damage":0.0,"enemies":"Cultist","floor":10.0,"turns":2.0},{"damage":6.0,"enemies":"Large Slime","floor":12.0,"turns":7.0},{"damage":3.0,"enemies":"Lagavulin","floor":13.0,"turns":5.0},{"damage":21.0,"enemies":"Hexaghost","floor":16.0,"turns":10.0},{"damage":27.0,"enemies":"2 Thieves","floor":18.0,"turns":5.0},{"damage":26.0,"enemies":"Shell Parasite","floor":20.0,"turns":9.0},{"damage":11,"enemies":"Cultist and Chosen","floor":21,"turns":5}],"seed_played":"2424019092445054993","potions_obtained":[{"floor":1.0,"key":"GamblersBrew"},{"floor":7.0,"key":"Poison Potion"},{"floor":13.0,"key":"AttackPotion"}],"is_trial":false,"path_per_floor":["M","?","M","$","?","R","E","R","T","M","R","M","E","$","R","B",null,"M","$","M","M"],"character_chosen":"DEFECT","items_purchased":["Ball Lightning","Coolheaded","Capacitor","Turbo+1","Compile Driver"],"campfire_rested":1,"item_purchase_floors":[4,4,14,19,19],"current_hp_per_floor":[57,57,55,55,50,50,13,34,34,34,34,28,35,35,35,14,64,37,37,11,0],"gold":42,"neow_bonus":"THREE_RARE_CARDS","is_prod":false,"is_daily":false,"chose_seed":false,"campfire_upgraded":3,"win_rate":0,"timestamp":1556480992,"path_taken":["M","?","M","$","?","R","E","R","T","M","R","M","E","$","R","BOSS","M","$","M","M"],"build_version":"2019-01-23","purchased_purges":0,"victory":false,"max_hp_per_floor":[71,71,71,71,71,71,71,71,71,71,71,71,81,81,81,81,81,81,81,81,81],"card_choices":[{"not_picked":["Multi-Cast","Amplify"],"picked":"Core Surge","floor":0.0},{"not_picked":["Auto Shields","Barrage"],"picked":"Lockon","floor":1.0},{"not_picked":["Heatsinks","White Noise"],"picked":"Cold Snap","floor":3.0},{"not_picked":["Streamline","Conserve Battery+1"],"picked":"Coolheaded+1","floor":7.0},{"not_picked":["Loop","Coolheaded+1"],"picked":"Leap+1","floor":10.0},{"not_picked":["Leap+1","Stack+1"],"picked":"Steam+1","floor":12.0},{"not_picked":["Static Discharge","Gash"],"picked":"Echo Form","floor":13.0},{"not_picked":["Core Surge","Echo Form"],"picked":"Creative AI","floor":16.0},{"not_picked":["Rebound","Streamline+1"],"picked":"Loop","floor":18.0},{"not_picked":["Coolheaded+1","Aggregate+1","Stack+1"],"picked":"SKIP","floor":20.0}],"player_experience":1636402,"relics_obtained":[{"floor":7.0,"key":"Ice Cream"},{"floor":9.0,"key":"PreservedInsect"},{"floor":13.0,"key":"Pear"}],"event_choices":[{"damage_healed":0.0,"max_hp_gain":0.0,"max_hp_loss":0.0,"gold_gain":71.0,"event_name":"Golden Wing","player_choice":"Gained Gold","floor":2.0,"gold_loss":0.0,"damage_taken":0.0},{"damage_healed":0.0,"max_hp_gain":0.0,"max_hp_loss":0.0,"gold_gain":0.0,"event_name":"Scrap Ooze","player_choice":"Success","floor":5.0,"gold_loss":0.0,"damage_taken":5.0,"relics_obtained":["Toxic Egg 2"]}],"is_beta":false,"boss_relics":[{"not_picked":["FrozenCore","Cursed Key"],"picked":"Fusion Hammer"}],"items_purged_floors":[],"is_endless":false,"potions_floor_spawned":[1,7,13],"killed_by":"Cultist and Chosen","ascension_level":20}