{"path_per_floor":["M","?","T","M","?","R","E","R","T","E","R","E","M","M","R","B",null,"M","M","$","?","?","M","R","E","T","?","$","E","R","M","R","B",null,"M","M","$","?","M","E","R","T","T","?","$","R","M","E","R","B"],"character_chosen":"THE_SILENT","items_purchased":["Finesse","Deflect","Caltrops","Noxious Fumes","Infinite Blades","Trip"],"gold_per_floor":[10,10,58,72,72,72,107,107,180,211,211,238,252,265,265,360,360,376,387,169,169,84,103,103,137,164,164,27,56,56,75,75,180,180,196,215,54,54,74,104,104,104,156,156,20,20,38,67,67,67],"floor_reached":51,"campfire_rested":0,"playtime":4382,"current_hp_per_floor":[70,45,45,40,40,40,40,40,40,40,40,40,40,40,40,40,70,70,70,70,70,70,61,61,59,59,43,43,36,36,36,36,36,70,70,70,70,70,70,66,66,66,66,66,66,66,60,60,60,55],"items_purged":["Defend_G","Defend_G","Defend_G"],"gold":67,"score":954,"play_id":"e84623d1-ef7b-46a4-9afb-6ac490f6d759","local_time":"20180515005225","is_prod":false,"is_daily":false,"chose_seed":false,"is_ascension_mode":true,"campfire_upgraded":10,"timestamp":1526338345,"path_taken":["M","?","?","M","?","R","E","R","T","E","R","E","M","M","R","BOSS","M","M","$","?","?","M","R","E","T","?","$","E","R","M","R","BOSS","M","M","$","?","M","E","R","?","T","?","$","R","M","E","R","BOSS"],"build_version":"2018-05-10","seed_source_timestamp":44297939036077,"purchased_purges":3,"victory":true,"master_deck":["Defend_G","Defend_G","Strike_G","Strike_G","Strike_G","Strike_G","Survivor","Neutralize+1","After Image+1","Distraction+1","Concentrate","Endless Agony+1","After Image+1","Noxious Fumes+1","Finesse","Deflect","Prepared","Caltrops+1","Escape Plan","Caltrops+1","Burst+1","Deflect","Noxious Fumes+1","Infinite Blades","Deadly Poison+1","Infinite Blades","Trip+1","Accuracy","Deadly Poison+1"],"max_hp_per_floor":[70,70,70,70,70,70,70,70,70,70,70,70,70,70,70,70,70,70,70,70,70,70,70,70,70,70,70,70,70,70,70,70,70,70,70,70,70,70,70,70,70,70,70,70,70,70,70,70,70,70],"relics":["Ring of the Snake","Mercury Hourglass","Regal Pillow","Unceasing Top","Shuriken","Art of War","Centennial Puzzle","Ninja Scroll","Bronze Scales","Snake Skull","Nilry\u0027s Codex","Lantern","Philosopher\u0027s Stone","Toolbox","Bag of Marbles","Bag of Preparation","Happy Flower"],"card_choices":[{"not_picked":["Phantasmal Killer","Wraith Form v2"],"picked":"After Image","floor":0},{"not_picked":["Bouncing Flask","Skewer"],"picked":"Distraction","floor":1},{"not_picked":["Prepared","Footwork"],"picked":"Backstab","floor":4},{"not_picked":["Wraith Form v2","Sucker Punch"],"picked":"Concentrate","floor":7},{"not_picked":["Dagger Throw","All Out Attack"],"picked":"Endless Agony","floor":10},{"not_picked":["Storm of Steel","Venomology"],"picked":"After Image","floor":16},{"not_picked":["Dagger Spray","Underhanded Strike"],"picked":"Noxious Fumes","floor":19},{"not_picked":["Terror","Riddle With Holes"],"picked":"Prepared","floor":23},{"not_picked":["Acrobatics","Dagger Spray"],"picked":"Escape Plan","floor":29},{"not_picked":["Sucker Punch","Poisoned Stab"],"picked":"Caltrops","floor":31},{"not_picked":["Venomology","Night Terror"],"picked":"Burst","floor":33},{"not_picked":["PiercingWail","Eviscerate"],"picked":"Deflect","floor":35},{"not_picked":["PiercingWail","Flechettes"],"picked":"Infinite Blades","floor":39},{"not_picked":["Terror","Bane"],"picked":"Deadly Poison","floor":40},{"not_picked":["Sucker Punch","Catalyst"],"picked":"Accuracy","floor":47},{"not_picked":["Underhanded Strike","Flechettes"],"picked":"Deadly Poison","floor":48}],"player_experience":75740,"potions_floor_usage":[7,16,31,39,40,40,50],"damage_taken":[{"damage":0,"enemies":"2 Louse","floor":1,"turns":3},{"damage":5,"enemies":"Jaw Worm","floor":4,"turns":5},{"damage":0,"enemies":"3 Sentries","floor":7,"turns":9},{"damage":0,"enemies":"Gremlin Nob","floor":10,"turns":2},{"damage":0,"enemies":"Lagavulin","floor":12,"turns":5},{"damage":0,"enemies":"Small Slimes","floor":13,"turns":2},{"damage":0,"enemies":"Exordium Thugs","floor":14,"turns":2},{"damage":0,"enemies":"The Guardian","floor":16,"turns":14},{"damage":0,"enemies":"Shell Parasite","floor":18,"turns":6},{"damage":0,"enemies":"Chosen","floor":19,"turns":3},{"damage":9,"enemies":"Slaver and Parasite","floor":23,"turns":4},{"damage":2,"enemies":"Slavers","floor":25,"turns":6},{"damage":7,"enemies":"Gremlin Leader","floor":29,"turns":4},{"damage":0,"enemies":"Snecko","floor":31,"turns":4},{"damage":0,"enemies":"Collector","floor":33,"turns":6},{"damage":0,"enemies":"3 Shapes","floor":35,"turns":2},{"damage":0,"enemies":"Orb Walker","floor":36,"turns":3},{"damage":0,"enemies":"Maw","floor":39,"turns":6},{"damage":4,"enemies":"2 Orb Walkers","floor":40,"turns":4},{"damage":6,"enemies":"4 Shapes","floor":47,"turns":3},{"damage":0,"enemies":"Giant Head","floor":48,"turns":6},{"damage":5,"enemies":"Donu and Deca","floor":50,"turns":6}],"event_choices":[{"event_name":"Scrap Ooze","player_choice":"success","floor":2,"damage_taken":25},{"event_name":"Bonfire Elementals","player_choice":"BASIC","floor":5,"damage_taken":0},{"event_name":"Vampires","player_choice":"Ignored","floor":21,"damage_taken":0},{"event_name":"Addict","player_choice":"Obtained Relic","floor":22,"damage_taken":0},{"event_name":"Cursed Tome","player_choice":"Obtained Book","floor":27,"damage_taken":0},{"event_name":"Upgrade Shrine","player_choice":"Upgraded","floor":44,"damage_taken":0}],"boss_relics":[{"not_picked":["Tiny House","Cursed Key","Ectoplasm"]},{"not_picked":["Calling Bell","Snecko Eye"],"picked":"Philosopher\u0027s Stone"}],"potions_floor_spawned":[1,12,14,16,18,23,31,35,36,48],"seed_played":"3001025902873009081","ascension_level":1,"is_trial":false}