{"gold_per_floor":[19,37,37,52,127,127,156,156,156,189,37,93,93,111,111,201,201,225,225,225,239,32,32,76,115,192,192,215,157,157,182,182,253,283,298,308,248,302,99,99,130,130,156,156,188,206,219,232,232,232],"floor_reached":51,"playtime":1791,"items_purged":["Regret","Doubt"],"score":1288,"play_id":"a3c2b176-74c8-4087-a3fb-a2cc502ff7c4","local_time":"20181015235024","is_ascension_mode":true,"campfire_choices":[{"data":"Feed","floor":6,"key":"SMITH"},{"data":"1","floor":8,"key":"LIFT"},{"data":"2","floor":15,"key":"LIFT"},{"data":"3","floor":23,"key":"LIFT"},{"floor":27,"key":"REST"},{"floor":32,"key":"REST"},{"floor":40,"key":"REST"},{"floor":42,"key":"REST"},{"floor":44,"key":"REST"},{"floor":49,"key":"REST"}],"neow_cost":"NO_GOLD","seed_source_timestamp":50492405862564,"circlet_count":0,"master_deck":["Strike_R+1","Strike_R+1","Strike_R+1","Strike_R+1","Strike_R+1","Defend_R+1","Defend_R+1","Defend_R+1","Defend_R+1","Bash","AscendersBane","Feed+1","Shrug It Off","Whirlwind","Dropkick","Thunderclap","Twin Strike","Injury","Shrug It Off","Demon Form","True Grit","Demon Form","Heavy Blade","Whirlwind","Heavy Blade","Feed","Shame","Perfected Strike+1","Pummel","Limit Break","Twin Strike","Twin Strike+1","Sword Boomerang","Sword Boomerang+1"],"relics":["Burning Blood","Girya","FossilizedHelix","Happy Flower","Vajra","Bloody Idol","Fusion Hammer","Enchiridion","Chemical X","Red Mask","Bottled Tornado","The Courier","Darkstone Periapt","Calling Bell","Tiny Chest","Sundial","Gambling Chip","WingedGreaves","Regal Pillow","Pantograph","Anchor","Turnip"],"potions_floor_usage":[7,14,16,41],"damage_taken":[{"damage":0,"enemies":"2 Louse","floor":1,"turns":3},{"damage":1,"enemies":"Small Slimes","floor":2,"turns":5},{"damage":6,"enemies":"Cultist","floor":4,"turns":4},{"damage":30,"enemies":"3 Sentries","floor":7,"turns":8},{"damage":20,"enemies":"Lagavulin","floor":10,"turns":6},{"damage":5,"enemies":"Lots of Slimes","floor":14,"turns":3},{"damage":43,"enemies":"The Guardian","floor":16,"turns":17},{"damage":16,"enemies":"Shell Parasite","floor":18,"turns":5},{"damage":0,"enemies":"3 Byrds","floor":21,"turns":3},{"damage":6,"enemies":"Masked Bandits","floor":24,"turns":2},{"damage":21,"enemies":"Book of Stabbing","floor":25,"turns":3},{"damage":6,"enemies":"Centurion and Healer","floor":28,"turns":3},{"damage":12,"enemies":"Slavers","floor":31,"turns":3},{"damage":62,"enemies":"Champ","floor":33,"turns":7},{"damage":0,"enemies":"Orb Walker","floor":35,"turns":2},{"damage":36,"enemies":"3 Darklings","floor":36,"turns":5},{"damage":32,"enemies":"Mysterious Sphere","floor":38,"turns":4},{"damage":114,"enemies":"Nemesis","floor":41,"turns":9},{"damage":24,"enemies":"2 Orb Walkers","floor":45,"turns":3},{"damage":66,"enemies":"Spire Growth","floor":46,"turns":4},{"damage":7,"enemies":"Maw","floor":47,"turns":5},{"damage":6,"enemies":"4 Shapes","floor":48,"turns":3},{"damage":76,"enemies":"Donu and Deca","floor":50,"turns":6}],"seed_played":"2028974357093014758","potions_obtained":[{"floor":4,"key":"EssenceOfSteel"},{"floor":7,"key":"EssenceOfSteel"},{"floor":10,"key":"Fire Potion"},{"floor":24,"key":"Weak Potion"},{"floor":25,"key":"Weak Potion"},{"floor":36,"key":"Energy Potion"},{"floor":41,"key":"Poison Potion"}],"is_trial":false,"path_per_floor":["M","M","$","M","?","R","E","R","T","E","$","?","?","M","R","B",null,"M","?","?","M","$","R","?","E","T","R","M","$","?","E","R","B",null,"M","M","$","?","$","R","E","R","T","R","E","M","M","M","R","B"],"character_chosen":"IRONCLAD","items_purchased":["Vajra","Chemical X","Whirlwind","Regal Pillow"],"campfire_rested":6,"item_purchase_floors":[11,22,29,39],"current_hp_per_floor":[77,81,81,84,73,73,53,53,53,39,39,39,39,44,44,7,71,61,61,45,55,55,55,55,44,44,74,74,74,74,73,100,49,107,118,93,93,72,72,118,15,65,70,118,105,54,58,63,114,56],"gold":232,"neow_bonus":"THREE_RARE_CARDS","is_prod":false,"is_daily":false,"chose_seed":false,"campfire_upgraded":1,"win_rate":0,"timestamp":1539640224,"path_taken":["M","M","$","M","?","R","E","R","T","E","$","?","?","M","R","BOSS","M","?","?","M","$","R","?","E","T","R","M","$","?","E","R","BOSS","M","M","$","?","$","R","E","R","T","R","E","M","M","M","R","BOSS"],"build_version":"2018-10-11","purchased_purges":2,"victory":true,"max_hp_per_floor":[78,81,81,84,84,84,88,88,88,88,88,88,88,92,92,92,92,92,92,92,96,96,96,96,100,100,100,100,100,100,100,100,100,118,118,118,118,118,118,118,118,118,118,118,118,122,122,122,122,126],"card_choices":[{"not_picked":["Fiend Fire","Juggernaut"],"picked":"Feed","floor":0},{"not_picked":["Perfected Strike","Havoc"],"picked":"Shrug It Off","floor":1},{"not_picked":["Clothesline","Warcry"],"picked":"Whirlwind","floor":2},{"not_picked":["Second Wind","Flex"],"picked":"Dropkick","floor":4},{"not_picked":["Seeing Red","Flex"],"picked":"Thunderclap","floor":7},{"not_picked":["Armaments","Burning Pact"],"picked":"Twin Strike","floor":10},{"not_picked":["Wild Strike","Pommel Strike"],"picked":"Shrug It Off","floor":14},{"not_picked":["Dark Embrace","Brutality"],"picked":"Demon Form","floor":16},{"not_picked":["Rampage","Dual Wield"],"picked":"True Grit","floor":18},{"not_picked":["Corruption","Second Wind","Clothesline"],"picked":"SKIP","floor":21},{"not_picked":["Dual Wield","Thunderclap"],"picked":"Demon Form","floor":25},{"not_picked":["Warcry","Perfected Strike"],"picked":"Heavy Blade","floor":28},{"not_picked":["Havoc","Combust+1"],"picked":"Heavy Blade","floor":31},{"not_picked":["Offering","Dark Embrace"],"picked":"Feed","floor":33},{"not_picked":["Havoc","Entrench","Hemokinesis+1"],"picked":"SKIP","floor":35},{"not_picked":["Pommel Strike","Metallicize"],"picked":"Perfected Strike+1","floor":36},{"not_picked":["Rupture","Disarm+1"],"picked":"Pummel","floor":38},{"not_picked":["Armaments","Power Through"],"picked":"Limit Break","floor":41},{"not_picked":["Bloodletting+1","Clothesline"],"picked":"Twin Strike","floor":45},{"not_picked":["Perfected Strike","Clash"],"picked":"Twin Strike+1","floor":46},{"not_picked":["Fire Breathing","Sever Soul"],"picked":"Sword Boomerang","floor":47},{"not_picked":["Hemokinesis","Flex"],"picked":"Sword Boomerang+1","floor":48}],"player_experience":616632,"relics_obtained":[{"floor":7,"key":"Girya"},{"floor":9,"key":"FossilizedHelix"},{"floor":10,"key":"Happy Flower"},{"floor":20,"key":"Enchiridion"},{"floor":24,"key":"Red Mask"},{"floor":25,"key":"Bottled Tornado"},{"floor":26,"key":"The Courier"},{"floor":31,"key":"Darkstone Periapt"},{"floor":34,"key":"Tiny Chest"},{"floor":34,"key":"Sundial"},{"floor":34,"key":"Gambling Chip"},{"floor":38,"key":"WingedGreaves"},{"floor":41,"key":"Pantograph"},{"floor":43,"key":"Anchor"},{"floor":45,"key":"Turnip"}],"event_choices":[{"event_name":"World of Goop","player_choice":"Gather Gold","floor":5,"damage_taken":0},{"event_name":"Golden Wing","player_choice":"Gained Gold","floor":12,"damage_taken":0},{"event_name":"Golden Idol","player_choice":"Take Wound","floor":13,"damage_taken":0},{"event_name":"Back to Basics","player_choice":"Simplicity","floor":19,"damage_taken":0},{"event_name":"Cursed Tome","player_choice":"Obtained Book","floor":20,"damage_taken":0},{"event_name":"Masked Bandits","player_choice":"Fought Bandits","floor":24,"damage_taken":0},{"event_name":"Forgotten Altar","player_choice":"Gave Idol","floor":30,"damage_taken":0},{"event_name":"Mysterious Sphere","player_choice":"Fight","floor":38,"damage_taken":0}],"is_beta":true,"boss_relics":[{"not_picked":["Black Star","Pandora\u0027s Box"],"picked":"Fusion Hammer"},{"not_picked":["Orrery","Sozu"],"picked":"Calling Bell"}],"items_purged_floors":[37,39],"is_endless":false,"potions_floor_spawned":[4,7,10,24,25,33,36,41,46],"ascension_level":14}