{"gold_per_floor":[212,137,152,152,152,178,191,191,191,191,191,216,216,236,236,311,361,380,34,46,58,58,58,88,103,103,103,103],"floor_reached":28,"playtime":843,"items_purged":["Strike_R"],"score":567,"play_id":"52b5d15f-b130-446a-b7d9-6d175c1aeb7f","local_time":"20190318170558","is_ascension_mode":true,"campfire_choices":[{"data":"Disarm","floor":8,"key":"SMITH"},{"data":"Metallicize","floor":10,"key":"SMITH"},{"data":"Anger","floor":13,"key":"SMITH"},{"data":"Wild Strike","floor":15,"key":"SMITH"},{"data":"Heavy Blade","floor":23,"key":"SMITH"}],"neow_cost":"NONE","seed_source_timestamp":30258700060534,"circlet_count":0,"master_deck":["AscendersBane","Strike_R","Strike_R","Strike_R","Defend_R","Defend_R","Defend_R","Defend_R+1","Bash+1","Wild Strike+1","Metallicize+1","Anger+1","Disarm+1","Juggernaut","infinitespire:OneForAll","Disarm+1","Metallicize","Sword Boomerang","Heavy Blade+1","Armaments+1"],"relics":["Burning Blood","hubris:Metronome","Singing Bowl","hubris:Zylophone","Mercury Hourglass","Tiny House","DollysMirror","Prayer Wheel","hubris:IronBody"],"potions_floor_usage":[6,16,28,28],"damage_taken":[{"damage":1,"enemies":"Cultist","floor":1,"turns":3},{"damage":8,"enemies":"2 Louse","floor":3,"turns":3},{"damage":39,"enemies":"3 Sentries","floor":6,"turns":14},{"damage":0,"enemies":"Small Slimes","floor":7,"turns":3},{"damage":32,"enemies":"Lagavulin","floor":12,"turns":4},{"damage":2,"enemies":"Blue Slaver","floor":14,"turns":3},{"damage":18,"enemies":"Hexaghost","floor":16,"turns":8},{"damage":19,"enemies":"2 Thieves","floor":18,"turns":4},{"damage":0,"enemies":"Chosen","floor":20,"turns":3},{"damage":0,"enemies":"Snecko","floor":21,"turns":7},{"damage":0,"enemies":"Nightmare","floor":24,"turns":7},{"damage":0,"enemies":"Centurion and Healer","floor":25,"turns":2},{"damage":66,"enemies":"Slavers","floor":28,"turns":5}],"seed_played":"-4110482387856749205","potions_obtained":[{"floor":0,"key":"GamblersBrew"},{"floor":0,"key":"Swift Potion"},{"floor":3,"key":"LiquidBronze"},{"floor":16,"key":"Strength Potion"},{"floor":17,"key":"SkillPotion"},{"floor":24,"key":"infinitespire:BlackPotion"}],"is_trial":false,"path_per_floor":["M","?","M","?","?","E","M","R","T","R","?","E","R","M","R","B",null,"M","$","M","M","?","R","NM","M","T","?","E"],"character_chosen":"IRONCLAD","items_purchased":["DollysMirror","Metallicize"],"campfire_rested":0,"item_purchase_floors":[19,19],"current_hp_per_floor":[73,73,71,71,71,38,44,44,44,44,49,25,25,31,31,19,73,62,62,68,76,76,76,84,92,92,63,0],"gold":103,"neow_bonus":"THREE_SMALL_POTIONS","is_prod":false,"is_daily":false,"chose_seed":false,"campfire_upgraded":5,"win_rate":0,"timestamp":1552925158,"path_taken":["M","?","M","?","?","E","?","R","T","R","?","E","R","M","R","BOSS","M","$","M","M","?","R","NM","M","T","?","E"],"build_version":"2019-01-23","purchased_purges":1,"victory":false,"max_hp_per_floor":[75,75,75,75,75,75,75,75,75,75,80,82,82,84,84,84,89,91,91,91,93,93,93,95,97,97,102,102],"card_choices":[{"not_picked":["Corruption","Heavy Blade"],"picked":"Wild Strike","floor":1},{"not_picked":["Twin Strike","hubris:ReadiedAction"],"picked":"Metallicize","floor":3},{"not_picked":["Intimidate","Exhume"],"picked":"Anger","floor":6},{"not_picked":["Armaments","hubris:CleavingFinish"],"picked":"Disarm","floor":7},{"not_picked":["hubris:ReadiedAction","Hemokinesis","Reckless Charge"],"picked":"Singing Bowl","floor":12},{"not_picked":["Body Slam","Iron Wave","Whirlwind"],"picked":"Singing Bowl","floor":14},{"not_picked":["Barricade","Berserk"],"picked":"Juggernaut","floor":16},{"not_picked":["Feel No Pain","Thunderclap"],"picked":"infinitespire:OneForAll","floor":17},{"not_picked":["Rampage","Sword Boomerang","Disarm"],"picked":"Singing Bowl","floor":18},{"not_picked":["Inflame","Sentinel"],"picked":"Sword Boomerang","floor":20},{"not_picked":["Intimidate","True Grit","hubris:CleavingFinish"],"picked":"Singing Bowl","floor":21},{"not_picked":["Warcry","hubris:ReadiedAction","Blood for Blood"],"picked":"Singing Bowl","floor":24},{"not_picked":["Twin Strike","Inflame","Warcry"],"picked":"Singing Bowl","floor":25},{"not_picked":["Fire Breathing","Anger+1"],"picked":"Armaments+1","floor":25}],"player_experience":1436485,"relics_obtained":[{"floor":6,"key":"hubris:Metronome"},{"floor":9,"key":"Singing Bowl"},{"floor":12,"key":"hubris:Zylophone"},{"floor":24,"key":"Prayer Wheel"},{"floor":26,"key":"hubris:IronBody"}],"event_choices":[{"cards_removed":["Strike_R"],"damage_healed":0,"gold_gain":0,"player_choice":"Card Removal","damage_taken":0,"max_hp_gain":0,"max_hp_loss":0,"event_name":"The Cleric","floor":2,"gold_loss":75},{"damage_healed":0,"gold_gain":0,"player_choice":"Grow","damage_taken":0,"max_hp_gain":0,"max_hp_loss":0,"event_name":"Living Wall","floor":4,"gold_loss":0,"cards_upgraded":["Bash"]},{"damage_healed":0,"gold_gain":0,"player_choice":"Got Potions","damage_taken":0,"max_hp_gain":0,"max_hp_loss":0,"event_name":"Lab","floor":5,"gold_loss":0},{"damage_healed":0,"gold_gain":0,"player_choice":"Donut","damage_taken":0,"max_hp_gain":5,"max_hp_loss":0,"event_name":"Big Fish","floor":11,"gold_loss":0},{"damage_healed":0,"gold_gain":0,"player_choice":"Read","damage_taken":0,"max_hp_gain":0,"max_hp_loss":0,"event_name":"The Library","floor":22,"gold_loss":0,"cards_obtained":["Heavy Blade"]},{"damage_healed":0,"gold_gain":0,"player_choice":"Shed Blood","damage_taken":34,"max_hp_gain":5,"max_hp_loss":0,"event_name":"Forgotten Altar","floor":27,"gold_loss":0}],"is_beta":false,"boss_relics":[{"not_picked":["Empty Cage","Lizard Tail"],"picked":"Tiny House"}],"items_purged_floors":[19],"is_endless":false,"potions_floor_spawned":[3,16,18,21],"killed_by":"Slavers","ascension_level":20}