{"gold_per_floor":[140,165,183,199,209,209,235,265,312,328,353,278,278,308,308,379,379,398,16,16,16,35,62,112,112],"floor_reached":25,"playtime":890,"items_purged":["Strike_R","Strike_R"],"score":578,"play_id":"31c8ccb9-2ea7-468d-93de-a3b72e4cafe9","local_time":"20190504213336","is_ascension_mode":true,"campfire_choices":[{"data":"Armaments","floor":6.0,"key":"SMITH"},{"floor":15.0,"key":"REST"}],"neow_cost":"NONE","seed_source_timestamp":44424079409948,"circlet_count":0,"master_deck":["AscendersBane","Strike_R","Defend_R","Defend_R","Defend_R","Defend_R","Bash","Dropkick","Shrug It Off","Armaments+1","Shockwave","Hemokinesis","Sword Boomerang","Rampage","Cleave","Demon Form","Pummel","Corruption","Shrug It Off","True Grit","Heavy Blade","Dual Wield","Hemokinesis","Feel No Pain"],"special_seed":0,"relics":["Burning Blood","Tiny Chest","Red Skull","StoneCalendar","Odd Mushroom","Vajra","Oddly Smooth Stone","Omamori","Coffee Dripper","Membership Card","Singing Bowl"],"potions_floor_usage":[25],"damage_taken":[{"damage":1.0,"enemies":"Cultist","floor":1.0,"turns":4.0},{"damage":2.0,"enemies":"Small Slimes","floor":3.0,"turns":5.0},{"damage":8.0,"enemies":"Jaw Worm","floor":4.0,"turns":4.0},{"damage":21.0,"enemies":"Large Slime","floor":5.0,"turns":10.0},{"damage":3.0,"enemies":"Gremlin Nob","floor":7.0,"turns":3.0},{"damage":20.0,"enemies":"The Mushroom Lair","floor":8.0,"turns":4.0},{"damage":5.0,"enemies":"3 Louse","floor":10.0,"turns":4.0},{"damage":38.0,"enemies":"3 Sentries","floor":11.0,"turns":7.0},{"damage":9.0,"enemies":"Lagavulin","floor":14.0,"turns":4.0},{"damage":0.0,"enemies":"Slime Boss","floor":16.0,"turns":4.0},{"damage":19.0,"enemies":"Spheric Guardian","floor":18.0,"turns":5.0},{"damage":5,"enemies":"3 Byrds","floor":22,"turns":7},{"damage":42,"enemies":"Gremlin Leader","floor":23,"turns":5},{"damage":27,"enemies":"Book of Stabbing","floor":25,"turns":4}],"seed_played":"-287945967814453263","potions_obtained":[{"floor":3.0,"key":"SkillPotion"},{"floor":4.0,"key":"EntropicBrew"},{"floor":7.0,"key":"Energy Potion"},{"floor":11.0,"key":"FearPotion"},{"floor":14.0,"key":"Strength Potion"},{"floor":23,"key":"FearPotion"}],"is_trial":false,"path_per_floor":["M","T","M","M","M","R","E","?","T","M","E","$","?","E","R","B",null,"M","$","?","$","M","E","?","E"],"character_chosen":"IRONCLAD","items_purchased":["Membership Card","Corruption","Shrug It Off","True Grit","Heavy Blade"],"campfire_rested":1,"item_purchase_floors":[19,19,19,19,19],"current_hp_per_floor":[73,73,75,73,58,58,61,47,47,48,16,16,16,13,35,41,67,54,54,54,54,55,21,21,0],"gold":112,"neow_bonus":"RANDOM_COMMON_RELIC","is_prod":false,"is_daily":false,"chose_seed":false,"campfire_upgraded":1,"win_rate":0,"timestamp":1556998416,"path_taken":["M","?","M","M","?","R","E","?","T","M","E","$","?","E","R","BOSS","M","$","?","$","M","E","?","E"],"build_version":"2019-01-23","purchased_purges":2,"victory":false,"max_hp_per_floor":[75,75,75,75,75,75,75,75,75,75,75,75,75,75,75,75,75,75,75,75,75,75,77,77,77],"card_choices":[{"not_picked":["Wild Strike","Burning Pact"],"picked":"Dropkick","floor":1.0},{"not_picked":["Sentinel","Corruption"],"picked":"Shrug It Off","floor":3.0},{"not_picked":["Havoc","Burning Pact"],"picked":"Armaments","floor":4.0},{"not_picked":["Pommel Strike","Intimidate"],"picked":"Shockwave","floor":5.0},{"not_picked":["Searing Blow","Power Through"],"picked":"Hemokinesis","floor":7.0},{"not_picked":["Rupture","Shockwave"],"picked":"Sword Boomerang","floor":8.0},{"not_picked":["Power Through","Burning Pact"],"picked":"Rampage","floor":10.0},{"not_picked":["Fire Breathing","Wild Strike","Havoc"],"picked":"SKIP","floor":11.0},{"not_picked":["Dropkick","Wild Strike"],"picked":"Cleave","floor":14.0},{"not_picked":["Impervious","Brutality"],"picked":"Demon Form","floor":16.0},{"not_picked":["Clothesline","Bloodletting"],"picked":"Pummel","floor":18.0},{"not_picked":["Clash","Intimidate"],"picked":"Feel No Pain","floor":22},{"not_picked":["Sentinel","Body Slam","Sword Boomerang"],"picked":"Singing Bowl","floor":23}],"player_experience":1646264,"relics_obtained":[{"floor":2.0,"key":"Red Skull"},{"floor":7.0,"key":"StoneCalendar"},{"floor":8.0,"key":"Odd Mushroom"},{"floor":9.0,"key":"Vajra"},{"floor":11.0,"key":"Oddly Smooth Stone"},{"floor":14.0,"key":"Omamori"},{"floor":23,"key":"Singing Bowl"}],"event_choices":[{"damage_healed":0.0,"max_hp_gain":0.0,"max_hp_loss":0.0,"gold_gain":0.0,"event_name":"Mushrooms","player_choice":"Fought Mushrooms","floor":8.0,"gold_loss":0.0,"damage_taken":0.0},{"damage_healed":0.0,"max_hp_gain":0.0,"max_hp_loss":0.0,"gold_gain":0.0,"event_name":"Shining Light","player_choice":"Ignored","floor":13.0,"gold_loss":0.0,"damage_taken":0.0},{"damage_healed":0,"gold_gain":0,"cards_transformed":["Strike_R","Strike_R"],"player_choice":"Became Test Subject","damage_taken":0,"max_hp_gain":0,"max_hp_loss":0,"event_name":"Drug Dealer","floor":20,"gold_loss":0,"cards_obtained":["Dual Wield","Hemokinesis"]},{"damage_healed":0,"gold_gain":50,"player_choice":"Stole From Cult","damage_taken":0,"max_hp_gain":0,"max_hp_loss":0,"event_name":"Nest","floor":24,"gold_loss":0}],"is_beta":false,"boss_relics":[{"not_picked":["Runic Cube","Mark of Pain"],"picked":"Coffee Dripper"}],"items_purged_floors":[12,19],"is_endless":false,"potions_floor_spawned":[3,4,5,7,11,14,23],"killed_by":"Book of Stabbing","ascension_level":20}