{"gold_per_floor":[113,126,201,151,76,104,104,104,104,104,129,129,161,161,161,262,262,279,293,293,193,210,239,253,253,253,253,279,311,323,335],"floor_reached":31,"playtime":1230,"items_purged":["Defend_R","Strike_R"],"score":426,"play_id":"7a705d62-23fe-41be-befa-ceb9ada6e934","local_time":"20181125092332","is_ascension_mode":true,"campfire_choices":[{"data":"Bludgeon","floor":7,"key":"SMITH"},{"data":"Cleave","floor":10,"key":"SMITH"},{"floor":15,"key":"REST"},{"floor":25,"key":"REST"}],"neow_cost":"NONE","seed_source_timestamp":382747287206138,"circlet_count":0,"master_deck":["Strike_R+1","Strike_R","Strike_R+1","Defend_R","Defend_R","Defend_R","Bash","Cleave+1","Bludgeon+1","Reaper","Uppercut+1","Shrug It Off","RitualDagger","Decay"],"relics":["Burning Blood","Whetstone","Darkstone Periapt","Singing Bowl","Paper Frog","Frozen Egg 2","Sozu","Nloth\u0027s Gift","Regal Pillow","Matryoshka","MawBank"],"potions_floor_usage":[16,19,31],"damage_taken":[{"damage":0,"enemies":"Cultist","floor":1,"turns":2},{"damage":8,"enemies":"Small Slimes","floor":2,"turns":3},{"damage":32,"enemies":"Gremlin Nob","floor":6,"turns":4},{"damage":35,"enemies":"Lagavulin","floor":11,"turns":5},{"damage":16,"enemies":"Gremlin Nob","floor":13,"turns":3},{"damage":40,"enemies":"Hexaghost","floor":16,"turns":7},{"damage":11,"enemies":"Spheric Guardian","floor":18,"turns":3},{"damage":15,"enemies":"3 Byrds","floor":19,"turns":3},{"damage":4,"enemies":"Cultist and Chosen","floor":22,"turns":4},{"damage":46,"enemies":"Slavers","floor":23,"turns":5},{"damage":21,"enemies":"Snecko","floor":24,"turns":4},{"damage":41,"enemies":"Gremlin Leader","floor":28,"turns":7},{"damage":21,"enemies":"Snake Plant","floor":29,"turns":3},{"damage":48,"enemies":"Book of Stabbing","floor":31,"turns":4}],"seed_played":"-3314184603130912482","potions_obtained":[{"floor":6,"key":"LiquidBronze"},{"floor":11,"key":"LiquidBronze"},{"floor":16,"key":"Energy Potion"}],"is_trial":false,"path_per_floor":["M","M","?","?","$","E","R","T","T","R","E","?","E","?","R","B",null,"M","M","?","$","M","E","M","R","T","?","E","M","?","E"],"character_chosen":"IRONCLAD","items_purchased":[],"campfire_rested":2,"item_purchase_floors":[],"current_hp_per_floor":[78,76,65,65,65,39,39,49,49,49,22,22,14,14,42,8,73,70,65,65,65,73,46,31,76,76,70,49,36,42,0],"gold":335,"neow_bonus":"RANDOM_COMMON_RELIC","is_prod":false,"is_daily":false,"chose_seed":false,"campfire_upgraded":2,"win_rate":0,"timestamp":1543109012,"path_taken":["M","?","?","?","$","E","R","?","T","R","E","?","E","?","R","BOSS","M","M","?","?","?","E","M","R","T","?","E","M","?","E"],"build_version":"2018-11-15","purchased_purges":2,"victory":false,"max_hp_per_floor":[80,80,80,80,80,80,80,90,90,90,92,92,94,94,94,94,94,96,96,96,96,98,100,100,100,100,100,102,104,110,110],"card_choices":[{"not_picked":["Shockwave","Armaments"],"picked":"Cleave","floor":1},{"not_picked":["Sentinel","Hemokinesis","Anger"],"picked":"SKIP","floor":2},{"not_picked":["Metallicize","Impervious"],"picked":"Bludgeon","floor":6},{"not_picked":["Clash","Rupture","Evolve"],"picked":"Singing Bowl","floor":11},{"not_picked":["Evolve","Juggernaut","Barricade"],"picked":"Singing Bowl","floor":13},{"not_picked":["Bludgeon","Demon Form+1"],"picked":"Reaper","floor":16},{"not_picked":["Flex","Hemokinesis+1","Warcry+1"],"picked":"Singing Bowl","floor":18},{"not_picked":["Clothesline+1","Heavy Blade+1"],"picked":"Uppercut+1","floor":19},{"not_picked":["Sword Boomerang","Clothesline","Anger"],"picked":"Singing Bowl","floor":22},{"not_picked":["Feed","Berserk+1","Pommel Strike"],"picked":"Singing Bowl","floor":23},{"not_picked":["Body Slam+1","Intimidate"],"picked":"Shrug It Off","floor":24},{"not_picked":["Exhume","Limit Break","Dark Embrace+1"],"picked":"Singing Bowl","floor":28},{"not_picked":["Twin Strike+1","Wild Strike","Sever Soul"],"picked":"Singing Bowl","floor":29}],"player_experience":269680,"relics_obtained":[{"floor":6,"key":"Darkstone Periapt"},{"floor":8,"key":"Pear"},{"floor":9,"key":"Singing Bowl"},{"floor":11,"key":"Paper Frog"},{"floor":13,"key":"Frozen Egg 2"},{"floor":23,"key":"Regal Pillow"},{"floor":26,"key":"Matryoshka"},{"floor":28,"key":"MawBank"}],"event_choices":[{"damage_healed":0,"gold_gain":75,"player_choice":"Gather Gold","damage_taken":11,"max_hp_gain":0,"max_hp_loss":0,"event_name":"World of Goop","floor":3,"gold_loss":0},{"cards_removed":["Strike_R"],"damage_healed":0,"gold_gain":0,"player_choice":"Card Removal","damage_taken":0,"max_hp_gain":0,"max_hp_loss":0,"event_name":"The Cleric","floor":4,"gold_loss":50},{"damage_healed":0,"gold_gain":0,"player_choice":"Ignored","damage_taken":0,"max_hp_gain":0,"max_hp_loss":0,"event_name":"Liars Game","floor":12,"gold_loss":0},{"damage_healed":0,"gold_gain":0,"player_choice":"Ignored","damage_taken":0,"max_hp_gain":0,"max_hp_loss":0,"event_name":"Shining Light","floor":14,"gold_loss":0},{"damage_healed":0,"gold_gain":0,"player_choice":"Traded Relic","damage_taken":0,"relics_obtained":["Nloth\u0027s Gift"],"max_hp_gain":0,"max_hp_loss":0,"event_name":"N\u0027loth","floor":20,"relics_lost":["Pear"],"gold_loss":0},{"damage_healed":0,"gold_gain":0,"player_choice":"Joined the Cult","damage_taken":6,"max_hp_gain":0,"max_hp_loss":0,"event_name":"Nest","floor":27,"gold_loss":0,"cards_obtained":["RitualDagger"]},{"damage_healed":0,"gold_gain":0,"player_choice":"Smashed Altar","damage_taken":0,"max_hp_gain":0,"max_hp_loss":0,"event_name":"Forgotten Altar","floor":30,"gold_loss":0,"cards_obtained":["Decay"]}],"is_beta":false,"boss_relics":[{"not_picked":["Fusion Hammer","Orrery"],"picked":"Sozu"}],"items_purged_floors":[5,21],"is_endless":false,"potions_floor_spawned":[6,11,16,22,24,28,29],"killed_by":"Book of Stabbing","ascension_level":6}