{"gold_per_floor":[115,125,125,125,50,50,80,80,106,139,139,104,104,124,124,124],"floor_reached":16,"playtime":573,"items_purged":["Strike_R"],"score":312,"play_id":"b95cab56-900c-4a7e-855d-c686e3127b3a","local_time":"20181218013724","is_ascension_mode":true,"campfire_choices":[{"data":"Disarm","floor":6,"key":"SMITH"},{"data":"Bash","floor":8,"key":"SMITH"},{"data":"Feel No Pain","floor":11,"key":"SMITH"},{"data":"Anger","floor":13,"key":"SMITH"},{"data":"Fiend Fire","floor":15,"key":"SMITH"}],"neow_cost":"CURSE","seed_source_timestamp":16628930790870,"circlet_count":0,"master_deck":["AscendersBane","Strike_R","Strike_R","Strike_R+1","Strike_R","Defend_R","Defend_R","Defend_R+1","Defend_R","Bash+1","Disarm+1","Anger+1","Fiend Fire+1","Feel No Pain+1","Infernal Blade"],"relics":["Burning Blood","Sundial","Bag of Preparation","Juzu Bracelet"],"potions_floor_usage":[7],"damage_taken":[{"damage":11,"enemies":"Jaw Worm","floor":1,"turns":6},{"damage":5,"enemies":"2 Louse","floor":2,"turns":4},{"damage":38,"enemies":"Lagavulin","floor":7,"turns":8},{"damage":5,"enemies":"Gremlin Nob","floor":10,"turns":3},{"damage":0,"enemies":"Small Slimes","floor":14,"turns":3}],"seed_played":"3093964135094742229","potions_obtained":[{"floor":2,"key":"Swift Potion"},{"floor":10,"key":"Regen Potion"}],"is_trial":false,"path_per_floor":["M","M","?","?","$","R","E","R","T","E","R","?","R","M","R","B"],"character_chosen":"IRONCLAD","items_purchased":[],"campfire_rested":0,"item_purchase_floors":[],"current_hp_per_floor":[77,78,78,51,51,51,19,19,19,20,20,42,42,48,48,0],"gold":124,"neow_bonus":"TWENTY_PERCENT_HP_BONUS","is_prod":false,"is_daily":false,"chose_seed":false,"campfire_upgraded":5,"win_rate":0,"timestamp":1545093444,"path_taken":["M","M","?","?","$","R","E","R","T","E","R","?","R","M","R","BOSS"],"build_version":"2018-12-13","purchased_purges":1,"victory":false,"max_hp_per_floor":[89,89,89,89,89,89,89,89,89,89,89,89,89,89,89,89],"card_choices":[{"not_picked":["Warcry","Shrug It Off"],"picked":"Disarm","floor":1},{"not_picked":["Cleave","Thunderclap"],"picked":"Anger","floor":2},{"not_picked":["Berserk","Rupture"],"picked":"Fiend Fire","floor":7},{"not_picked":["Seeing Red","Havoc"],"picked":"Feel No Pain","floor":10},{"not_picked":["Clothesline","Clash"],"picked":"Infernal Blade","floor":14}],"player_experience":1037167,"relics_obtained":[{"floor":7,"key":"Sundial"},{"floor":9,"key":"Bag of Preparation"},{"floor":10,"key":"Juzu Bracelet"}],"event_choices":[{"cards_removed":["Injury"],"damage_healed":0,"gold_gain":0,"player_choice":"Forget","damage_taken":0,"max_hp_gain":0,"max_hp_loss":0,"event_name":"Living Wall","floor":3,"gold_loss":0},{"damage_healed":0,"gold_gain":0,"player_choice":"Entered Light","damage_taken":27,"max_hp_gain":0,"max_hp_loss":0,"event_name":"Shining Light","floor":4,"gold_loss":0,"cards_upgraded":["Strike_R","Defend_R"]},{"damage_healed":22,"gold_gain":0,"player_choice":"Healed","damage_taken":0,"max_hp_gain":0,"max_hp_loss":0,"event_name":"The Cleric","floor":12,"gold_loss":35}],"is_beta":true,"boss_relics":[],"items_purged_floors":[5],"is_endless":false,"potions_floor_spawned":[2,10],"killed_by":"The Guardian","ascension_level":20}