{"gold_per_floor":[111,261,186,186,203,229,229,255,278,291,324,339,353,353,353,427,427,440,440,640,657,657,657,690,690,741,741,741,449,449,464,464,535,535,547,547,564,56,0,0,18,43,66,416,416,443,443,443],"floor_reached":48,"playtime":2311,"items_purged":["Doubt","Strike_G"],"score":1294,"play_id":"6879e09a-e728-4692-9c9e-c71be907e87c","local_time":"20190711174541","is_ascension_mode":true,"campfire_choices":[{"data":"Footwork","floor":7.0,"key":"SMITH"},{"floor":15.0,"key":"REST"},{"floor":23.0,"key":"REST"},{"floor":32,"key":"REST"},{"data":"Noxious Fumes","floor":40,"key":"SMITH"},{"floor":47,"key":"REST"}],"neow_cost":"NONE","seed_source_timestamp":26937319854294,"circlet_count":0,"master_deck":["AscendersBane","Strike_G","Defend_G","Defend_G","Defend_G","Defend_G","Defend_G","Survivor","Neutralize","Backstab","Quick Slash","Footwork+1","Blur","PiercingWail","Die Die Die","Acrobatics","Riddle With Holes","Corpse Explosion","Backstab+1","Backflip","Backflip","After Image","Expertise+1","Dodge and Roll+1","Deadly Poison+1","Storm of Steel+1","Cloak And Dagger+1","Deadly Poison+1","Noxious Fumes+1","Leg Sweep+1","Catalyst+1","Choke+1"],"special_seed":0,"relics":["Ring of the Serpent","NeowsBlessing","Potion Belt","Bronze Scales","Boot","Centennial Puzzle","Molten Egg 2","Enchiridion","Matryoshka","Bottled Tornado","PreservedInsect","Juzu Bracelet","Vajra","Toxic Egg 2","Snecko Eye","Calipers","Red Mask","Dream Catcher","Old Coin","Meat on the Bone"],"potions_floor_usage":[24,24,33,33,44,44,48],"damage_taken":[{"damage":0.0,"enemies":"Jaw Worm","floor":1.0,"turns":1.0},{"damage":0.0,"enemies":"Small Slimes","floor":5.0,"turns":1.0},{"damage":0.0,"enemies":"3 Sentries","floor":6.0,"turns":1.0},{"damage":26.0,"enemies":"Gremlin Nob","floor":8.0,"turns":4.0},{"damage":1.0,"enemies":"Cultist","floor":10.0,"turns":3.0},{"damage":27.0,"enemies":"Lagavulin","floor":11.0,"turns":9.0},{"damage":5.0,"enemies":"Exordium Thugs","floor":12.0,"turns":4.0},{"damage":0.0,"enemies":"2 Fungi Beasts","floor":13.0,"turns":2.0},{"damage":24.0,"enemies":"The Guardian","floor":16.0,"turns":15.0},{"damage":6.0,"enemies":"Chosen","floor":18.0,"turns":7.0},{"damage":16.0,"enemies":"Shell Parasite","floor":21.0,"turns":5.0},{"damage":0,"enemies":"Slavers","floor":24,"turns":3},{"damage":0,"enemies":"Chosen and Byrds","floor":31,"turns":8},{"damage":7,"enemies":"Automaton","floor":33,"turns":15},{"damage":0,"enemies":"3 Shapes","floor":35,"turns":6},{"damage":3,"enemies":"Orb Walker","floor":37,"turns":3},{"damage":23,"enemies":"Spire Growth","floor":41,"turns":7},{"damage":0,"enemies":"Giant Head","floor":42,"turns":7},{"damage":0,"enemies":"2 Orb Walkers","floor":44,"turns":3},{"damage":23,"enemies":"Reptomancer","floor":46,"turns":5},{"damage":40,"enemies":"Nemesis","floor":48,"turns":2}],"seed_played":"3655548690992194806","potions_obtained":[{"floor":1.0,"key":"AttackPotion"},{"floor":8.0,"key":"Regen Potion"},{"floor":11.0,"key":"Block Potion"},{"floor":16.0,"key":"Strength Potion"},{"floor":24,"key":"Explosive Potion"},{"floor":31,"key":"GamblersBrew"},{"floor":42,"key":"Explosive Potion"},{"floor":46,"key":"GamblersBrew"}],"is_trial":false,"path_per_floor":["M","?","$","?","M","E","R","E","T","M","E","M","M","T","R","B",null,"M","?","?","M","T","R","E","?","T","T","?","$","?","M","R","B",null,"M","?","M","$","?","R","M","E","T","?","?","E","R","E"],"character_chosen":"THE_SILENT","items_purchased":["Dodge and Roll+1","SpeedPotion","Ancient Potion","Noxious Fumes","Calipers","Leg Sweep+1","Poison Potion"],"campfire_rested":4,"item_purchase_floors":[29,29,29,38,38,38,38],"current_hp_per_floor":[59,59,59,66,66,66,66,40,40,39,12,7,7,7,26,2,50,44,23,23,7,7,26,35,17,17,17,17,17,17,17,38,31,61,61,61,58,58,58,58,35,35,35,35,35,12,33,0],"gold":443,"neow_bonus":"THREE_ENEMY_KILL","is_prod":false,"is_daily":false,"chose_seed":false,"campfire_upgraded":2,"win_rate":0,"timestamp":1562859941,"path_taken":["M","?","$","?","M","E","R","E","T","M","E","M","?","?","R","BOSS","M","?","?","?","?","R","E","?","T","?","?","$","?","M","R","BOSS","M","?","M","$","?","R","M","E","T","?","?","E","R","E"],"build_version":"2019-07-05","purchased_purges":2,"victory":false,"max_hp_per_floor":[66,66,66,66,66,66,66,66,66,66,66,66,66,66,66,66,66,66,66,66,66,66,66,66,71,71,71,71,71,71,71,71,71,71,71,71,71,71,71,71,71,71,71,71,71,71,71,71],"card_choices":[{"not_picked":["Blur","Heel Hook"],"picked":"Backstab","floor":1.0},{"not_picked":["Bane","Catalyst"],"picked":"Quick Slash","floor":5.0},{"not_picked":["Dagger Throw","Backstab"],"picked":"Footwork","floor":6.0},{"not_picked":["Slice","Bane"],"picked":"Blur","floor":8.0},{"not_picked":["Distraction","Flying Knee"],"picked":"PiercingWail","floor":10.0},{"not_picked":["Dagger Throw","Calculated Gamble"],"picked":"Die Die Die","floor":11.0},{"not_picked":["Flechettes","Concentrate"],"picked":"Acrobatics","floor":12.0},{"not_picked":["PiercingWail","Acrobatics"],"picked":"Riddle With Holes","floor":13.0},{"not_picked":["Doppelganger","After Image"],"picked":"Corpse Explosion","floor":16.0},{"not_picked":["Catalyst","Slice+1"],"picked":"Backstab+1","floor":18.0},{"not_picked":["Distraction+1","Bouncing Flask"],"picked":"Backflip","floor":21.0},{"not_picked":["Blade Dance","Deadly Poison"],"picked":"Backflip","floor":24},{"not_picked":["Outmaneuver+1","Quick Slash+1"],"picked":"Deadly Poison+1","floor":31},{"not_picked":["Grand Finale+1","Tools of the Trade"],"picked":"Storm of Steel+1","floor":33},{"not_picked":["Endless Agony+1","Blade Dance+1"],"picked":"Cloak And Dagger+1","floor":35},{"not_picked":["Cloak And Dagger+1","Choke+1"],"picked":"Deadly Poison+1","floor":37},{"not_picked":["Reflex+1","Terror+1","Backstab+1"],"picked":"SKIP","floor":41},{"not_picked":["Poisoned Stab+1","All Out Attack+1"],"picked":"Catalyst+1","floor":42},{"not_picked":["Heel Hook+1","Calculated Gamble+1"],"picked":"Choke+1","floor":46}],"player_experience":1791543,"relics_obtained":[{"floor":6.0,"key":"Potion Belt"},{"floor":8.0,"key":"Bronze Scales"},{"floor":9.0,"key":"Boot"},{"floor":11.0,"key":"Centennial Puzzle"},{"floor":14.0,"key":"Molten Egg 2"},{"floor":19.0,"key":"Enchiridion"},{"floor":22.0,"key":"Matryoshka"},{"floor":24,"key":"Bottled Tornado"},{"floor":26,"key":"PreservedInsect"},{"floor":26,"key":"Juzu Bracelet"},{"floor":27,"key":"Vajra"},{"floor":27,"key":"Toxic Egg 2"},{"floor":42,"key":"Dream Catcher"},{"floor":44,"key":"Old Coin"},{"floor":46,"key":"Meat on the Bone"}],"event_choices":[{"damage_healed":0.0,"max_hp_gain":0.0,"max_hp_loss":0.0,"gold_gain":150.0,"event_name":"Liars Game","player_choice":"AGREE","floor":2.0,"gold_loss":0.0,"damage_taken":0.0,"cards_obtained":["Doubt"]},{"damage_healed":7.0,"max_hp_gain":0.0,"max_hp_loss":0.0,"gold_gain":0.0,"event_name":"Wheel of Change","player_choice":"Full Heal","floor":4.0,"gold_loss":0.0,"damage_taken":0.0},{"damage_healed":0.0,"max_hp_gain":0.0,"max_hp_loss":0.0,"gold_gain":0.0,"event_name":"Cursed Tome","player_choice":"Obtained Book","floor":19.0,"gold_loss":0.0,"damage_taken":21.0},{"damage_healed":0.0,"max_hp_gain":0.0,"max_hp_loss":0.0,"gold_gain":250.0,"event_name":"The Joust","player_choice":"Bet on Owner","floor":20.0,"gold_loss":50.0,"damage_taken":0.0},{"damage_healed":0,"gold_gain":0,"player_choice":"Shed Blood","damage_taken":23,"max_hp_gain":5,"max_hp_loss":0,"event_name":"Forgotten Altar","floor":25,"gold_loss":0},{"damage_healed":0,"gold_gain":0,"cards_transformed":["Strike_G","Strike_G"],"player_choice":"Became Test Subject","damage_taken":0,"max_hp_gain":0,"max_hp_loss":0,"event_name":"Drug Dealer","floor":28,"gold_loss":0,"cards_obtained":["After Image","Expertise"]},{"damage_healed":0,"gold_gain":0,"player_choice":"Ignored","damage_taken":0,"max_hp_gain":0,"max_hp_loss":0,"event_name":"The Mausoleum","floor":30,"gold_loss":0},{"damage_healed":0,"gold_gain":0,"player_choice":"0 cards matched","damage_taken":0,"max_hp_gain":0,"max_hp_loss":0,"event_name":"Match and Keep!","floor":36,"gold_loss":0,"cards_obtained":[]},{"damage_healed":0,"gold_gain":0,"player_choice":"Paid","damage_taken":0,"relics_obtained":["Red Mask"],"max_hp_gain":0,"max_hp_loss":0,"event_name":"Tomb of Lord Red Mask","floor":39,"gold_loss":56},{"damage_healed":0,"gold_gain":0,"player_choice":"Fight","damage_taken":0,"max_hp_gain":0,"max_hp_loss":0,"event_name":"Mysterious Sphere","floor":44,"gold_loss":0},{"cards_removed":["Strike_G"],"damage_healed":0,"gold_gain":0,"player_choice":"Purged","damage_taken":0,"max_hp_gain":0,"max_hp_loss":0,"event_name":"Purifier","floor":45,"gold_loss":0}],"is_beta":false,"boss_relics":[{"not_picked":["WristBlade","HoveringKite"],"picked":"Ring of the Serpent"},{"not_picked":["Empty Cage","Tiny House"],"picked":"Snecko Eye"}],"items_purged_floors":[3,29],"is_endless":false,"potions_floor_spawned":[1,8,11,16,24,31,42,46],"killed_by":"Nemesis","ascension_level":20}