{"gold_per_floor":[363,379,391,264,44,69,69,89,113,113,132,132,148,158,158,235,235,246,171,171,184,200,200,233,233,233,233,250,285,285,304,304,381,381,395,395,285,298,316,346,371,371,387,387,400,400,400,400],"floor_reached":51,"playtime":2688,"items_purged":["Writhe"],"score":1598,"play_id":"de0c58c2-90b2-446d-a871-e913f4f76d25","local_time":"20190130173507","is_ascension_mode":true,"campfire_choices":[{"floor":10,"key":"REST"},{"data":"Poisoned Stab","floor":12,"key":"SMITH"},{"data":"Deadly Poison","floor":15,"key":"SMITH"},{"data":"Footwork","floor":23,"key":"SMITH"},{"data":"Corpse Explosion","floor":25,"key":"SMITH"},{"floor":27,"key":"REST"},{"floor":30,"key":"REST"},{"data":"Footwork","floor":32,"key":"SMITH"},{"floor":46,"key":"REST"},{"floor":49,"key":"RECALL"}],"neow_cost":"CURSE","seed_source_timestamp":24567207036522,"circlet_count":0,"master_deck":["AscendersBane","Defend_G","Defend_G","Defend_G+1","Defend_G+1","Defend_G","Survivor","Neutralize","Quick Slash","Quick Slash+1","Deadly Poison+1","PiercingWail","Escape Plan","Poisoned Stab+1","Dash","Well Laid Plans","Corpse Explosion+1","Dodge and Roll+1","Caltrops+1","Deadly Poison","Footwork+1","Backstab","Noxious Fumes+1","Malaise","Footwork+1","After Image","Footwork+1"],"relics":["Ring of the Snake","Vajra","FossilizedHelix","Happy Flower","Astrolabe","Girya","hubris:TenFootPole","Thread and Needle","hubris:Teleporter","Busted Crown","Mummified Hand","Strawberry"],"potions_floor_usage":[16,16,40,42],"damage_taken":[{"damage":1,"enemies":"Cultist","floor":1,"turns":4},{"damage":0,"enemies":"2 Louse","floor":2,"turns":4},{"damage":2,"enemies":"Small Slimes","floor":3,"turns":5},{"damage":29,"enemies":"Lagavulin","floor":6,"turns":7},{"damage":0,"enemies":"Exordium Thugs","floor":8,"turns":6},{"damage":0,"enemies":"3 Louse","floor":11,"turns":3},{"damage":0,"enemies":"Exordium Wildlife","floor":13,"turns":2},{"damage":0,"enemies":"Exordium Thugs","floor":14,"turns":3},{"damage":0,"enemies":"Slime Boss","floor":16,"turns":6},{"damage":12,"enemies":"2 Thieves","floor":18,"turns":4},{"damage":0,"enemies":"3 Byrds","floor":21,"turns":3},{"damage":18,"enemies":"Shelled Parasite and Fungi","floor":22,"turns":5},{"damage":5,"enemies":"Slavers","floor":24,"turns":4},{"damage":4,"enemies":"Sentry and Sphere","floor":28,"turns":7},{"damage":18,"enemies":"Book of Stabbing","floor":29,"turns":5},{"damage":0,"enemies":"Snake Plant","floor":31,"turns":3},{"damage":24,"enemies":"Automaton","floor":33,"turns":12},{"damage":0,"enemies":"3 Shapes","floor":35,"turns":4},{"damage":9,"enemies":"3 Darklings","floor":38,"turns":3},{"damage":12,"enemies":"Spire Growth","floor":39,"turns":7},{"damage":50,"enemies":"Reptomancer","floor":40,"turns":7},{"damage":0,"enemies":"Giant Head","floor":42,"turns":10},{"damage":0,"enemies":"4 Shapes","floor":44,"turns":4},{"damage":8,"enemies":"Jaw Worm Horde","floor":47,"turns":4},{"damage":26,"enemies":"hubris:GrandSnecko","floor":50,"turns":16},{"damage":15,"enemies":"Donu and Deca","floor":51,"turns":2}],"seed_played":"6326530059896229310","potions_obtained":[{"floor":1,"key":"EssenceOfSteel"},{"floor":8,"key":"Fire Potion"},{"floor":13,"key":"AttackPotion"},{"floor":16,"key":"FairyPotion"},{"floor":22,"key":"SpeedPotion"},{"floor":38,"key":"PowerPotion"},{"floor":40,"key":"SteroidPotion"},{"floor":47,"key":"FairyPotion"}],"is_trial":false,"path_per_floor":["M","M","M","$","$","E","?","M","T","R","M","R","M","M","R","B",null,"M","?","T","M","M","R","E","R","T","R","M","E","R","M","R","B",null,"M","?","?","M","M","E","E","T","M","R","M","R","B","B"],"character_chosen":"THE_SILENT","items_purchased":["Deadly Poison","PiercingWail","Vajra"],"campfire_rested":4,"item_purchase_floors":[4,5,5],"current_hp_per_floor":[58,58,56,56,56,27,7,7,7,26,26,26,26,26,26,26,56,44,44,44,44,26,26,21,21,21,40,36,18,37,37,37,13,53,53,53,53,44,32,6,13,13,13,34,26,26,7,0],"gold":400,"neow_bonus":"TWO_FIFTY_GOLD","is_prod":false,"is_daily":false,"chose_seed":false,"campfire_upgraded":5,"win_rate":0,"timestamp":1548866107,"path_taken":["M","M","M","?","$","E","?","M","T","R","M","R","?","M","R","BOSS","M","?","?","M","?","R","E","R","T","R","M","E","R","M","R","BOSS","M","?","?","M","M","E","E","T","?","R","M","R","BOSS","BOSS"],"build_version":"2019-01-23","purchased_purges":1,"victory":false,"max_hp_per_floor":[66,66,66,66,66,66,66,66,66,66,66,66,66,66,66,66,66,66,66,66,66,66,66,66,66,66,66,66,66,66,66,66,66,66,66,66,66,66,66,66,73,73,73,73,73,73,73,73],"card_choices":[{"not_picked":["Blade Dance","Concentrate"],"picked":"Quick Slash","floor":1},{"not_picked":["hubris:SlightOfHand","Acrobatics","hubris:Sniper"],"picked":"SKIP","floor":2},{"not_picked":["Blur","Finisher"],"picked":"Quick Slash","floor":3},{"not_picked":["Heel Hook","Quick Slash"],"picked":"Escape Plan","floor":6},{"not_picked":["hubris:SlightOfHand","Quick Slash","hubris:Sniper"],"picked":"SKIP","floor":8},{"not_picked":["Terror","Accuracy"],"picked":"Poisoned Stab","floor":11},{"not_picked":["Bane","Well Laid Plans"],"picked":"Dash","floor":13},{"not_picked":["hubris:SlightOfHand","Slice"],"picked":"Well Laid Plans","floor":14},{"not_picked":["Envenom","Phantasmal Killer"],"picked":"Corpse Explosion","floor":16},{"not_picked":["Flechettes+1","Dagger Throw"],"picked":"Deadly Poison","floor":18},{"not_picked":["Sucker Punch","Deflect+1","hubris:Counter"],"picked":"SKIP","floor":21},{"not_picked":["Riddle With Holes","Blade Dance"],"picked":"Footwork","floor":22},{"not_picked":["Finisher","Leg Sweep"],"picked":"Backstab","floor":24},{"not_picked":["hubris:Counter","Poisoned Stab+1"],"picked":"Noxious Fumes+1","floor":28},{"not_picked":["Expertise","Prepared"],"picked":"Malaise","floor":29},{"not_picked":["Backstab","Acrobatics"],"picked":"Footwork","floor":31},{"not_picked":["Tools of the Trade","Glass Knife"],"picked":"After Image","floor":33},{"not_picked":["Quick Slash"],"picked":"SKIP","floor":35},{"not_picked":["Dash+1"],"picked":"SKIP","floor":38},{"not_picked":["hubris:Sniper"],"picked":"SKIP","floor":39},{"not_picked":["Deadly Poison"],"picked":"SKIP","floor":40},{"not_picked":["Blade Dance"],"picked":"SKIP","floor":42},{"not_picked":["Eviscerate"],"picked":"SKIP","floor":44},{"not_picked":[],"picked":"Footwork+1","floor":47}],"player_experience":1180556,"relics_obtained":[{"floor":6,"key":"FossilizedHelix"},{"floor":9,"key":"Happy Flower"},{"floor":20,"key":"Girya"},{"floor":24,"key":"hubris:TenFootPole"},{"floor":26,"key":"Thread and Needle"},{"floor":29,"key":"hubris:Teleporter"},{"floor":40,"key":"Mummified Hand"},{"floor":42,"key":"Strawberry"}],"event_choices":[{"damage_healed":0,"gold_gain":0,"player_choice":"Entered Light","damage_taken":20,"max_hp_gain":0,"max_hp_loss":0,"event_name":"Shining Light","floor":7,"gold_loss":0,"cards_upgraded":["Defend_G","Quick Slash"]},{"cards_removed":["Strike_G"],"damage_healed":0,"gold_gain":0,"player_choice":"Gave Gold","damage_taken":0,"max_hp_gain":0,"max_hp_loss":0,"event_name":"Beggar","floor":19,"gold_loss":75},{"cards_removed":["Finisher"],"damage_healed":0,"gold_gain":0,"player_choice":"Removed Attack","damage_taken":0,"max_hp_gain":0,"max_hp_loss":0,"event_name":"Falling","floor":36,"gold_loss":0},{"cards_removed":["Strike_G"],"damage_healed":0,"gold_gain":0,"player_choice":"Upgrade and Remove","damage_taken":0,"max_hp_gain":0,"max_hp_loss":0,"event_name":"Designer","floor":37,"gold_loss":110,"cards_upgraded":["Defend_G"]}],"is_beta":false,"boss_relics":[{"not_picked":["Empty Cage","Black Star"],"picked":"Astrolabe"},{"not_picked":["hubris:Backtick","Lizard Tail"],"picked":"Busted Crown"}],"items_purged_floors":[4],"is_endless":false,"potions_floor_spawned":[1,8,13,16,22,29,33,38,40,47],"killed_by":"Donu and Deca","ascension_level":20}