{"gold_per_floor":[115,128,128,140,86,86,120,120,120,134,150,150],"floor_reached":12,"playtime":594,"items_purged":[],"score":160,"play_id":"c4ba67d8-a6bb-425d-897d-f2c351881f71","local_time":"20190211211826","is_ascension_mode":true,"campfire_choices":[{"data":"Envenom","floor":6.0,"key":"SMITH"}],"neow_cost":"PERCENT_DAMAGE","seed_source_timestamp":0,"circlet_count":0,"master_deck":["AscendersBane","Defend_G","Defend_G","Defend_G","Defend_G","Strike_G","Strike_G","Strike_G","Strike_G","Survivor","Neutralize","Envenom+1","Riddle With Holes","Catalyst","Blur","Terror","Noxious Fumes","Dagger Spray","Escape Plan"],"special_seed":0,"relics":["Ring of the Snake","Dodecahedron","Bottled Tornado"],"potions_floor_usage":[11,11],"damage_taken":[{"damage":0.0,"enemies":"Cultist","floor":1.0,"turns":3.0},{"damage":1.0,"enemies":"2 Louse","floor":2.0,"turns":4.0},{"damage":4.0,"enemies":"Small Slimes","floor":4.0,"turns":3.0},{"damage":15.0,"enemies":"Lagavulin","floor":7.0,"turns":7.0},{"damage":18.0,"enemies":"3 Louse","floor":10.0,"turns":5.0},{"damage":6,"enemies":"Gremlin Gang","floor":11,"turns":4},{"damage":10,"enemies":"Red Slaver","floor":12,"turns":4}],"seed_played":"-2367360923733978875","potions_obtained":[{"floor":2.0,"key":"Dexterity Potion"},{"floor":4.0,"key":"GamblersBrew"},{"floor":7.0,"key":"Energy Potion"}],"is_trial":false,"path_per_floor":["M","M","?","M","$","R","E","?","T","M","M","M"],"character_chosen":"THE_SILENT","items_purchased":["AttackPotion"],"campfire_rested":0,"item_purchase_floors":[5],"current_hp_per_floor":[44,43,48,44,44,44,29,29,29,11,5,0],"gold":150,"neow_bonus":"TRANSFORM_TWO_CARDS","is_prod":false,"is_daily":false,"chose_seed":false,"campfire_upgraded":1,"win_rate":0,"timestamp":1549916306,"path_taken":["M","?","?","M","$","R","E","?","T","M","?","M"],"build_version":"2019-01-23","purchased_purges":0,"victory":false,"max_hp_per_floor":[66,66,71,71,71,71,71,71,71,71,71,71],"card_choices":[{"not_picked":["Blade Dance","Endless Agony"],"picked":"Catalyst","floor":1.0},{"not_picked":["Caltrops","Acrobatics"],"picked":"Blur","floor":2.0},{"not_picked":["Distraction","Acrobatics"],"picked":"Terror","floor":4.0},{"not_picked":["Caltrops","Quick Slash"],"picked":"Noxious Fumes","floor":7.0},{"not_picked":["Dagger Throw","Blade Dance"],"picked":"Dagger Spray","floor":10.0},{"not_picked":["Calculated Gamble","Dagger Throw"],"picked":"Escape Plan","floor":11}],"player_experience":1243009,"relics_obtained":[{"floor":7.0,"key":"Dodecahedron"},{"floor":9.0,"key":"Bottled Tornado"}],"event_choices":[{"damage_healed":0.0,"max_hp_gain":5.0,"max_hp_loss":0.0,"gold_gain":0.0,"event_name":"Big Fish","player_choice":"Donut","floor":3.0,"gold_loss":0.0,"damage_taken":0.0},{"damage_healed":0.0,"max_hp_gain":0.0,"max_hp_loss":0.0,"gold_gain":0.0,"event_name":"Lab","player_choice":"Got Potions","floor":8.0,"gold_loss":0.0,"damage_taken":0.0}],"is_beta":false,"boss_relics":[],"items_purged_floors":[],"is_endless":false,"potions_floor_spawned":[2,4,7],"killed_by":"Red Slaver","ascension_level":20}