{"path_per_floor":["M","T","?","?","?","R","M","R","T","R","M","M","E","$","R","B",null,"M","?","M","M","M","E","M","E","T","E","$","M","T","?","R","B",null,"M","M","?","M","M","E","$","E","T","M","R","E","R","M","R","B"],"character_chosen":"THE_SILENT","items_purchased":["Apotheosis","Oddly Smooth Stone","Cloak And Dagger+1","Eviscerate+1","Footwork","Explosive Potion"],"gold_per_floor":[114,139,139,139,139,139,151,151,175,175,190,203,229,20,20,123,123,139,64,79,93,105,132,142,172,172,202,4,24,24,24,24,123,123,142,156,156,166,186,211,11,45,92,102,102,132,132,144,144,144],"floor_reached":51,"campfire_rested":3,"playtime":2710,"item_purchase_floors":[14,28,28,41,41,41],"current_hp_per_floor":[70,70,67,60,60,60,56,56,56,56,56,56,56,56,56,11,70,70,70,72,74,76,46,46,22,22,16,16,16,16,42,65,12,78,78,78,78,78,78,69,69,60,60,47,70,71,71,79,80,52],"items_purged":[],"gold":144,"score":976,"play_id":"b44f711f-810b-45a4-a50a-2d78eb41c305","local_time":"20180527172022","is_prod":false,"is_daily":false,"chose_seed":false,"is_ascension_mode":true,"campfire_upgraded":5,"win_rate":0,"timestamp":1527434422,"campfire_choices":[{"data":"Dagger Throw","floor":6,"key":"SMITH"},{"data":"Dash","floor":8,"key":"SMITH"},{"data":"Neutralize","floor":10,"key":"SMITH"},{"data":"Apotheosis","floor":15,"key":"SMITH"},{"floor":32,"key":"REST"},{"floor":45,"key":"REST"},{"data":"Bullet Time","floor":47,"key":"SMITH"},{"floor":49,"key":"REST"}],"path_taken":["M","?","?","?","?","R","?","R","T","R","M","M","E","?","R","BOSS","M","?","M","M","M","E","M","E","T","E","?","M","?","?","R","BOSS","M","M","?","M","M","E","$","E","T","?","R","E","R","M","R","BOSS"],"build_version":"2018-05-25","seed_source_timestamp":17694453659591,"purchased_purges":0,"victory":true,"master_deck":["Defend_G","Defend_G","Defend_G","Strike_G","Strike_G","Strike_G","Strike_G","Survivor","Neutralize+1","Dagger Throw+1","Dash+1","Poisoned Stab","Predator","Predator","Apotheosis+1","Bullet Time+1","Blur","Riddle With Holes","Crippling Poison+1","Burst+1","Cloak And Dagger+1","Eviscerate","Bullet Time+1","Acrobatics+1","Cloak And Dagger+1","Calculated Gamble+1","Underhanded Strike+1","Underhanded Strike+1","A Thousand Cuts","Crippling Poison+1","Eviscerate+1","Footwork","Riddle With Holes+1","Caltrops+1","Footwork"],"max_hp_per_floor":[70,70,70,70,70,70,70,70,70,70,70,70,70,70,70,70,70,70,70,72,74,76,78,78,78,78,78,78,78,78,78,78,78,78,78,78,78,78,78,78,78,78,78,78,78,80,80,80,80,80],"relics":["Runic Dome","Singing Bowl","Happy Flower","Snake Skull","Vajra","Snecko Eye","Toxic Egg 2","Pen Nib","Toolbox","Bag of Preparation","Oddly Smooth Stone","Molten Egg 2","Lizard Tail","Darkstone Periapt","Bird Faced Urn","Blood Vial","Calipers"],"card_choices":[{"not_picked":["Bane","Setup"],"picked":"Dagger Throw","floor":1},{"not_picked":["Bane","Outmaneuver"],"picked":"Dash","floor":7},{"not_picked":["Prepared","Quick Slash"],"picked":"Poisoned Stab","floor":11},{"not_picked":["Deflect","Escape Plan"],"picked":"Predator","floor":12},{"not_picked":["Underhanded Strike","Blur"],"picked":"Predator","floor":13},{"not_picked":["Unload","Glass Knife"],"picked":"Bullet Time","floor":16},{"not_picked":["Well Laid Plans","Dagger Spray"],"picked":"Blur","floor":18},{"not_picked":["Bane","Outmaneuver+1","Leg Sweep"],"picked":"Singing Bowl","floor":20},{"not_picked":["Sucker Punch","Backflip","Deflect+1"],"picked":"Singing Bowl","floor":21},{"not_picked":["Distraction","Backflip+1","PiercingWail"],"picked":"Singing Bowl","floor":22},{"not_picked":["Reflex","Outmaneuver","Eviscerate"],"picked":"Singing Bowl","floor":23},{"not_picked":["Poisoned Stab","PiercingWail+1"],"picked":"Riddle With Holes","floor":24},{"not_picked":["Expertise+1","Dagger Throw"],"picked":"Crippling Poison+1","floor":25},{"not_picked":["Flechettes","Deflect+1"],"picked":"Burst+1","floor":27},{"not_picked":["Slice","Prepared+1"],"picked":"Eviscerate","floor":29},{"not_picked":["Grand Finale+1","Corpse Explosion+1"],"picked":"Bullet Time+1","floor":33},{"not_picked":["Underhanded Strike+1","PiercingWail+1"],"picked":"Acrobatics+1","floor":35},{"not_picked":["Noxious Fumes","Deadly Poison+1"],"picked":"Cloak And Dagger+1","floor":36},{"not_picked":["Skewer+1","Deadly Poison+1"],"picked":"Underhanded Strike+1","floor":38},{"not_picked":["Dagger Spray+1","Flying Knee+1"],"picked":"A Thousand Cuts","floor":39},{"not_picked":["Acrobatics+1","Distraction+1"],"picked":"Crippling Poison+1","floor":40},{"not_picked":["Setup+1","Bullet Time+1"],"picked":"Riddle With Holes+1","floor":42},{"not_picked":["PiercingWail+1","Dagger Throw+1"],"picked":"Caltrops+1","floor":44},{"not_picked":["Calculated Gamble+1","All Out Attack+1","Prepared+1"],"picked":"Singing Bowl","floor":46},{"not_picked":["Accuracy+1","Sucker Punch+1"],"picked":"Footwork","floor":48}],"player_experience":222844,"potions_floor_usage":[13,13,23,33,33,33,42,44,50],"damage_taken":[{"damage":0,"enemies":"Cultist","floor":1,"turns":4},{"damage":4,"enemies":"Jaw Worm","floor":7,"turns":3},{"damage":0,"enemies":"Small Slimes","floor":11,"turns":2},{"damage":0,"enemies":"Exordium Wildlife","floor":12,"turns":4},{"damage":0,"enemies":"Gremlin Nob","floor":13,"turns":3},{"damage":45,"enemies":"Slime Boss","floor":16,"turns":8},{"damage":0,"enemies":"Chosen","floor":18,"turns":3},{"damage":0,"enemies":"3 Byrds","floor":20,"turns":4},{"damage":0,"enemies":"Sentry and Sphere","floor":21,"turns":3},{"damage":0,"enemies":"Snake Plant","floor":22,"turns":3},{"damage":32,"enemies":"Slavers","floor":23,"turns":4},{"damage":0,"enemies":"Cultist and Chosen","floor":24,"turns":5},{"damage":24,"enemies":"Gremlin Leader","floor":25,"turns":5},{"damage":6,"enemies":"Slavers","floor":27,"turns":3},{"damage":0,"enemies":"Slaver and Parasite","floor":29,"turns":3},{"damage":53,"enemies":"Champ","floor":33,"turns":7},{"damage":0,"enemies":"3 Shapes","floor":35,"turns":2},{"damage":0,"enemies":"Flame Bruiser 1 Orb","floor":36,"turns":3},{"damage":0,"enemies":"3 Darklings","floor":38,"turns":2},{"damage":0,"enemies":"Sphere and 2 Shapes","floor":39,"turns":2},{"damage":9,"enemies":"Giant Head","floor":40,"turns":4},{"damage":9,"enemies":"Nemesis","floor":42,"turns":5},{"damage":19,"enemies":"Transient","floor":44,"turns":5},{"damage":9,"enemies":"Giant Head","floor":46,"turns":5},{"damage":0,"enemies":"Maw","floor":48,"turns":3},{"damage":49,"enemies":"Time Eater","floor":50,"turns":9}],"relics_obtained":[{"floor":2,"key":"Singing Bowl"},{"floor":9,"key":"Snake Skull"},{"floor":13,"key":"Vajra"},{"floor":23,"key":"Toxic Egg 2"},{"floor":25,"key":"Pen Nib"},{"floor":26,"key":"Toolbox"},{"floor":27,"key":"Bag of Preparation"},{"floor":30,"key":"Molten Egg 2"},{"floor":40,"key":"Darkstone Periapt"},{"floor":42,"key":"Bird Faced Urn"},{"floor":43,"key":"Blood Vial"},{"floor":46,"key":"Calipers"}],"event_choices":[{"event_name":"Scrap Ooze","player_choice":"success","floor":3,"damage_taken":3},{"event_name":"Golden Wing","player_choice":"Card Removal","floor":4,"damage_taken":0},{"event_name":"Bonfire Elementals","player_choice":"BASIC","floor":5,"damage_taken":0},{"event_name":"Beggar","player_choice":"Gave Gold","floor":19,"damage_taken":0},{"event_name":"The Library","player_choice":"Heal","floor":31,"damage_taken":0},{"event_name":"Match and Keep!","player_choice":"2 cards matched","floor":37,"damage_taken":0}],"boss_relics":[{"not_picked":["White Beast Statue","Philosopher\u0027s Stone"],"picked":"Snecko Eye"},{"not_picked":["Astrolabe","Sozu"],"picked":"Lizard Tail"}],"items_purged_floors":[],"potions_floor_spawned":[7,11,16,22,23,25,29,36,40,42,46],"seed_played":"5410657778407203536","ascension_level":4,"potions_obtained":[{"floor":7,"key":"Fire Potion"},{"floor":11,"key":"PowerPotion"},{"floor":16,"key":"SkillPotion"},{"floor":22,"key":"Swift Potion"},{"floor":23,"key":"Fire Potion"},{"floor":25,"key":"AttackPotion"},{"floor":36,"key":"Block Potion"},{"floor":40,"key":"SpeedPotion"},{"floor":42,"key":"FairyPotion"},{"floor":46,"key":"Regen Potion"}],"is_trial":false}