{"gold_per_floor":[213,5,5,5,24,55,55,84,107,107,125,135,160,174,174,252,252,270,100,370,270],"floor_reached":21,"playtime":673,"items_purged":["Strike_B"],"score":444,"play_id":"2e6478e1-ef9e-4583-a6ee-7a2cc6e651db","local_time":"20190220170511","is_ascension_mode":true,"campfire_choices":[{"floor":7.0,"key":"REST"},{"floor":10.0,"key":"REST"},{"data":"Loop","floor":15.0,"key":"SMITH"}],"neow_cost":"NONE","seed_source_timestamp":0,"circlet_count":0,"master_deck":["AscendersBane","Strike_B","Strike_B","Strike_B","Defend_B","Defend_B","Defend_B","Defend_B","Zap","Dualcast","Compile Driver","Doom and Gloom","Capacitor","Coolheaded","Ball Lightning","Leap","Loop+1","Undo","Leap","Creative AI","Go for the Eyes","Discovery"],"special_seed":0,"relics":["Cracked Core","Bronze Scales","Oddly Smooth Stone","PreservedInsect","Potion Belt","Centennial Puzzle","Sozu"],"potions_floor_usage":[21],"damage_taken":[{"damage":4.0,"enemies":"Small Slimes","floor":1.0,"turns":4.0},{"damage":2.0,"enemies":"Jaw Worm","floor":5.0,"turns":3.0},{"damage":39.0,"enemies":"Lagavulin","floor":6.0,"turns":8.0},{"damage":29.0,"enemies":"Gremlin Nob","floor":8.0,"turns":4.0},{"damage":0.0,"enemies":"2 Louse","floor":11.0,"turns":2.0},{"damage":0.0,"enemies":"Gremlin Gang","floor":12.0,"turns":3.0},{"damage":2.0,"enemies":"Lagavulin","floor":13.0,"turns":6.0},{"damage":5.0,"enemies":"Looter","floor":14.0,"turns":2.0},{"damage":16.0,"enemies":"The Guardian","floor":16.0,"turns":11.0},{"damage":15,"enemies":"3 Byrds","floor":18,"turns":4},{"damage":14,"enemies":"2 Thieves","floor":21,"turns":3}],"seed_played":"-3826314747288377416","potions_obtained":[{"floor":5.0,"key":"Ancient Potion"},{"floor":6.0,"key":"FearPotion"},{"floor":12.0,"key":"Fire Potion"},{"floor":13.0,"key":"LiquidBronze"},{"floor":16,"key":"FearPotion"}],"is_trial":false,"path_per_floor":["M","$","?","$","M","E","R","E","T","R","M","M","E","M","R","B",null,"M","$","?","M"],"character_chosen":"DEFECT","items_purchased":["Doom and Gloom","Bronze Scales","Discovery"],"campfire_rested":2,"item_purchase_floors":[2,2,19],"current_hp_per_floor":[60,60,60,60,58,19,40,11,11,32,32,32,30,25,25,9,56,41,41,13,0],"gold":270,"neow_bonus":"HUNDRED_GOLD","is_prod":false,"is_daily":false,"chose_seed":false,"campfire_upgraded":1,"win_rate":0,"timestamp":1550678711,"path_taken":["M","$","?","?","M","E","R","E","T","R","M","M","E","M","R","BOSS","BOSS","M","$","?","M"],"build_version":"2019-01-23","purchased_purges":1,"victory":false,"max_hp_per_floor":[71,71,71,71,71,71,71,71,71,71,71,71,71,71,71,71,71,71,71,71,71],"card_choices":[{"not_picked":["Streamline","Hologram"],"picked":"Compile Driver","floor":1.0},{"not_picked":["Storm","Leap"],"picked":"Capacitor","floor":5.0},{"not_picked":["Darkness","Heatsinks"],"picked":"Coolheaded","floor":6.0},{"not_picked":["Cold Snap","Redo"],"picked":"Ball Lightning","floor":8.0},{"not_picked":["Rebound","Steam Power"],"picked":"Leap","floor":11.0},{"not_picked":["Capacitor","Go for the Eyes"],"picked":"Loop","floor":12.0},{"not_picked":["Sweeping Beam","Stack"],"picked":"Undo","floor":13.0},{"not_picked":["Compile Driver","Sweeping Beam"],"picked":"Leap","floor":14.0},{"not_picked":["Machine Learning","All For One"],"picked":"Creative AI","floor":16},{"not_picked":["Capacitor","Steam"],"picked":"Go for the Eyes","floor":18}],"player_experience":1319033,"relics_obtained":[{"floor":6.0,"key":"Oddly Smooth Stone"},{"floor":8.0,"key":"PreservedInsect"},{"floor":9.0,"key":"Potion Belt"},{"floor":13.0,"key":"Centennial Puzzle"}],"event_choices":[{"damage_healed":0.0,"max_hp_gain":0.0,"max_hp_loss":0.0,"gold_gain":0.0,"event_name":"The Cleric","player_choice":"Leave","floor":3.0,"gold_loss":0.0,"damage_taken":0.0},{"damage_healed":0,"gold_gain":270,"player_choice":"GOLD GOLD GOLD ","damage_taken":28,"max_hp_gain":0,"max_hp_loss":0,"event_name":"Knowing Skull","floor":20,"potions_obtained":[],"gold_loss":0,"cards_obtained":[]}],"is_beta":false,"boss_relics":[{"not_picked":["Calling Bell","White Beast Statue"],"picked":"Sozu"}],"items_purged_floors":[19],"is_endless":false,"potions_floor_spawned":[5,6,12,13,16,18],"killed_by":"2 Thieves","ascension_level":20}