{"gold_per_floor":[110,110,110,185,201,201,215,248,248,269,283,5,24,55,55,55],"floor_reached":16,"playtime":601,"items_purged":[],"score":224,"play_id":"432e59e9-2f68-42f5-8a0d-90f38a3a03ae","local_time":"20190416124304","is_ascension_mode":true,"campfire_choices":[{"floor":6.0,"key":"REST"},{"data":"Dagger Spray","floor":15,"key":"SMITH"}],"neow_cost":"NONE","seed_source_timestamp":0,"circlet_count":0,"master_deck":["AscendersBane","Defend_G","Defend_G","Defend_G","Defend_G","Defend_G+1","Strike_G","Strike_G+1","Strike_G","Strike_G","Strike_G","Survivor","Neutralize+1","Poisoned Stab","Backflip","Skewer","Deadly Poison","Leg Sweep","Dagger Spray+1"],"special_seed":0,"relics":["Ring of the Snake","Golden Idol","Meat on the Bone","Centennial Puzzle","Paper Crane","Torii"],"potions_floor_usage":[16,16],"damage_taken":[{"damage":3.0,"enemies":"Jaw Worm","floor":1.0,"turns":9.0},{"damage":1.0,"enemies":"2 Louse","floor":5.0,"turns":2.0},{"damage":1.0,"enemies":"Cultist","floor":7.0,"turns":4.0},{"damage":31,"enemies":"3 Sentries","floor":8,"turns":10},{"damage":0,"enemies":"Exordium Thugs","floor":10,"turns":4},{"damage":3,"enemies":"Looter","floor":11,"turns":3},{"damage":18,"enemies":"Exordium Wildlife","floor":13,"turns":4},{"damage":17,"enemies":"Lagavulin","floor":14,"turns":8},{"damage":36,"enemies":"Slime Boss","floor":16,"turns":10}],"seed_played":"-5813909481465690773","potions_obtained":[{"floor":5.0,"key":"Swift Potion"},{"floor":7.0,"key":"SteroidPotion"}],"is_trial":false,"path_per_floor":["M","?","?","?","M","R","M","E","T","M","M","$","M","E","R","B"],"character_chosen":"THE_SILENT","items_purchased":["Paper Crane"],"campfire_rested":1,"item_purchase_floors":[12],"current_hp_per_floor":[56,56,38,27,26,44,43,12,12,24,33,33,27,22,22,0],"gold":55,"neow_bonus":"UPGRADE_CARD","is_prod":false,"is_daily":false,"chose_seed":false,"campfire_upgraded":1,"win_rate":0,"timestamp":1555411384,"path_taken":["M","?","?","?","M","R","?","E","T","?","M","?","M","E","R","BOSS"],"build_version":"2019-01-23","purchased_purges":0,"victory":false,"max_hp_per_floor":[66,60,60,60,60,60,60,60,60,60,60,60,60,60,60,60],"card_choices":[{"not_picked":["Calculated Gamble","Dash"],"picked":"Poisoned Stab","floor":1.0},{"not_picked":["Acrobatics","Flying Knee"],"picked":"Backflip","floor":5.0},{"not_picked":["Backflip","Finisher"],"picked":"Skewer","floor":7.0},{"not_picked":["Deflect","Envenom"],"picked":"Deadly Poison","floor":8},{"not_picked":["Flying Knee","Bane","Underhanded Strike"],"picked":"SKIP","floor":10},{"not_picked":["Blur","Blade Dance"],"picked":"Leg Sweep","floor":11},{"not_picked":["Deflect","Dodge and Roll"],"picked":"Dagger Spray","floor":13},{"not_picked":["Reflex","Deflect","Slice"],"picked":"SKIP","floor":14}],"player_experience":1603462,"relics_obtained":[{"floor":8,"key":"Meat on the Bone"},{"floor":9,"key":"Centennial Puzzle"},{"floor":14,"key":"Torii"}],"event_choices":[{"damage_healed":0.0,"max_hp_gain":0.0,"max_hp_loss":6.0,"gold_gain":0.0,"event_name":"Golden Idol","player_choice":"Lose Max HP","floor":2.0,"gold_loss":0.0,"damage_taken":0.0,"relics_obtained":["Golden Idol"]},{"damage_healed":0.0,"max_hp_gain":0.0,"max_hp_loss":0.0,"gold_gain":0.0,"event_name":"Shining Light","player_choice":"Entered Light","floor":3.0,"gold_loss":0.0,"damage_taken":18.0,"cards_upgraded":["Strike_G","Defend_G"]},{"damage_healed":0.0,"max_hp_gain":0.0,"max_hp_loss":0.0,"gold_gain":75.0,"event_name":"World of Goop","player_choice":"Gather Gold","floor":4.0,"gold_loss":0.0,"damage_taken":11.0}],"is_beta":false,"boss_relics":[],"items_purged_floors":[],"is_endless":false,"potions_floor_spawned":[5,7,8,11,13],"killed_by":"Slime Boss","ascension_level":20}