{"gold_per_floor":[114,189,114,114,124,154,167,167,167,192,203,203,222,255,255,255],"floor_reached":16,"playtime":459,"items_purged":[],"score":290,"play_id":"957197b7-6e51-4aad-8db8-8d30efdfc90e","local_time":"20190530093147","is_ascension_mode":true,"campfire_choices":[{"data":"Bludgeon","floor":8,"key":"SMITH"},{"data":"Armaments","floor":15,"key":"SMITH"}],"neow_cost":"NONE","seed_source_timestamp":3206309941543,"circlet_count":0,"master_deck":["AscendersBane","Strike_R","Strike_R","Strike_R","Defend_R","Defend_R","Defend_R","Defend_R","Bash","Sword Boomerang","Armaments+1","Headbutt","Bludgeon+1","Sentinel+1","Second Wind+1","Corruption"],"relics":["Burning Blood","NeowsBlessing","Toxic Egg 2","Happy Flower","Mummified Hand"],"potions_floor_usage":[14,16],"damage_taken":[{"damage":0,"enemies":"Small Slimes","floor":1,"turns":1},{"damage":0,"enemies":"2 Louse","floor":5,"turns":1},{"damage":0,"enemies":"Gremlin Nob","floor":6,"turns":1},{"damage":1,"enemies":"Cultist","floor":7,"turns":3},{"damage":27,"enemies":"Lagavulin","floor":10,"turns":7},{"damage":17,"enemies":"Large Slime","floor":11,"turns":5},{"damage":9,"enemies":"Red Slaver","floor":13,"turns":3},{"damage":8,"enemies":"Gremlin Nob","floor":14,"turns":4},{"damage":38,"enemies":"Hexaghost","floor":16,"turns":7}],"seed_played":"3352303953752294486","potions_obtained":[{"floor":1,"key":"Ancient Potion"},{"floor":10,"key":"Ancient Potion"},{"floor":14,"key":"Weak Potion"}],"is_trial":false,"path_per_floor":["M","?","?","?","M","E","M","R","T","E","M","?","M","E","R","B"],"character_chosen":"IRONCLAD","items_purchased":[],"campfire_rested":0,"item_purchase_floors":[],"current_hp_per_floor":[74,63,63,63,69,75,75,75,75,54,43,43,40,38,38,0],"gold":255,"neow_bonus":"THREE_ENEMY_KILL","is_prod":false,"is_daily":false,"chose_seed":false,"campfire_upgraded":2,"win_rate":0,"timestamp":1559201507,"path_taken":["M","?","?","?","M","E","M","R","T","E","?","?","?","E","R","BOSS"],"build_version":"2019-01-23","purchased_purges":0,"victory":false,"max_hp_per_floor":[75,75,75,75,75,75,75,75,75,75,75,75,75,75,75,75],"card_choices":[{"not_picked":["Infernal Blade","Body Slam"],"picked":"Sword Boomerang","floor":1},{"not_picked":["Burning Pact","Intimidate"],"picked":"Armaments","floor":5},{"not_picked":["Rage","Armaments"],"picked":"Headbutt","floor":6},{"not_picked":["Intimidate","Armaments"],"picked":"Bludgeon","floor":7},{"not_picked":["Entrench+1","Armaments+1"],"picked":"Sentinel+1","floor":10},{"not_picked":["Flex+1","Sentinel+1"],"picked":"Second Wind+1","floor":11},{"not_picked":["Pommel Strike","Iron Wave","Carnage"],"picked":"SKIP","floor":13},{"not_picked":["Hemokinesis","Seeing Red+1"],"picked":"Corruption","floor":14}],"player_experience":1712468,"relics_obtained":[{"floor":9,"key":"Toxic Egg 2"},{"floor":10,"key":"Happy Flower"},{"floor":14,"key":"Mummified Hand"}],"event_choices":[{"damage_healed":0,"gold_gain":75,"player_choice":"Gather Gold","damage_taken":11,"max_hp_gain":0,"max_hp_loss":0,"event_name":"World of Goop","floor":2,"gold_loss":0},{"cards_removed":["Strike_R"],"damage_healed":0,"gold_gain":0,"player_choice":"Card Removal","damage_taken":0,"max_hp_gain":0,"max_hp_loss":0,"event_name":"The Cleric","floor":3,"gold_loss":75},{"cards_removed":["Strike_R"],"damage_healed":0,"gold_gain":0,"player_choice":"Offered Basic","damage_taken":0,"max_hp_gain":0,"max_hp_loss":0,"event_name":"Bonfire Elementals","floor":4,"gold_loss":0},{"damage_healed":0,"gold_gain":0,"player_choice":"0 cards matched","damage_taken":0,"max_hp_gain":0,"max_hp_loss":0,"event_name":"Match and Keep!","floor":12,"gold_loss":0,"cards_obtained":[]}],"is_beta":false,"boss_relics":[],"items_purged_floors":[],"is_endless":false,"potions_floor_spawned":[1,10,14],"killed_by":"Hexaghost","ascension_level":20}