{"gold_per_floor":[112,125,12,12,12,12,39,57,80,80,91,116,116,147,147,250,250,261,278,21,0,0,0,30,30,55,88,100,112,124,150,162,270,282,314,326,357,382,494,534,562,574,640,683,695,429,429],"floor_reached":47,"playtime":3180,"items_purged":["Dualcast"],"score":796,"play_id":"1a42e280-9dc6-4a0d-8092-58eed739d419","local_time":"20190307122242","is_ascension_mode":true,"campfire_choices":[{"data":"Sunder","floor":6,"key":"SMITH"},{"floor":13,"key":"REST"},{"data":"Zap","floor":15,"key":"SMITH"},{"data":"1","floor":23,"key":"LIFT"},{"data":"2","floor":25,"key":"LIFT"},{"data":"3","floor":28,"key":"LIFT"},{"data":"Consume","floor":32,"key":"SMITH"},{"data":"Heatsinks","floor":42,"key":"SMITH"}],"neow_cost":"NONE","seed_source_timestamp":1887606715487400,"circlet_count":0,"master_deck":["Zap+1","Cold Snap","Sunder+1","Heatsinks+1","Static Discharge","Ball Lightning","Cold Snap","Chill","Buffer","FTL+1","BootSequence","Ball Lightning+1","Creative AI","Hologram","Ball Lightning","Redo+1","Consume+1","Steam","Biased Cognition","Reprogram+1","Rip and Tear+1","Core Surge+1","Go for the Eyes","Static Discharge+1","Reinforced Body","Leap","Storm","Deep Breath","Blizzard"],"relics":["Cracked Core","Girya","Torii","Happy Flower","Orichalcum","Bag of Preparation","FossilizedHelix","Pandora\u0027s Box","Bottled Tornado","Pantograph","Whetstone","Lantern","MawBank","Astrolabe","Cables","Centennial Puzzle","Shovel"],"potions_floor_usage":[11,14,24,24,27,41],"damage_taken":[{"damage":1,"enemies":"Cultist","floor":1,"turns":4},{"damage":13,"enemies":"Jaw Worm","floor":2,"turns":4},{"damage":21,"enemies":"Lagavulin","floor":7,"turns":6},{"damage":0,"enemies":"Small Slimes","floor":8,"turns":2},{"damage":10,"enemies":"3 Louse","floor":11,"turns":3},{"damage":8,"enemies":"Gremlin Nob","floor":12,"turns":4},{"damage":2,"enemies":"3 Sentries","floor":14,"turns":4},{"damage":0,"enemies":"Slime Boss","floor":16,"turns":7},{"damage":0,"enemies":"3 Byrds","floor":18,"turns":4},{"damage":9,"enemies":"Shell Parasite","floor":19,"turns":4},{"damage":10,"enemies":"Gremlin Leader","floor":24,"turns":6},{"damage":7,"enemies":"Slavers","floor":27,"turns":4},{"damage":23,"enemies":"Shelled Parasite and Fungi","floor":31,"turns":2},{"damage":28,"enemies":"Collector","floor":33,"turns":7},{"damage":1,"enemies":"Orb Walker","floor":35,"turns":3},{"damage":7,"enemies":"3 Darklings","floor":37,"turns":7},{"damage":0,"enemies":"Sphere and 2 Shapes","floor":38,"turns":5},{"damage":0,"enemies":"Giant Head","floor":40,"turns":9},{"damage":9,"enemies":"4 Shapes","floor":41,"turns":4},{"damage":42,"enemies":"Nemesis","floor":44,"turns":7},{"damage":23,"enemies":"Giant Head","floor":47,"turns":7}],"seed_played":"8575160364951059601","potions_obtained":[{"floor":1,"key":"Strength Potion"},{"floor":8,"key":"Energy Potion"},{"floor":11,"key":"SpeedPotion"},{"floor":12,"key":"SpeedPotion"},{"floor":16,"key":"Poison Potion"},{"floor":19,"key":"AttackPotion"},{"floor":33,"key":"SkillPotion"},{"floor":38,"key":"Regen Potion"},{"floor":41,"key":"Strength Potion"},{"floor":44,"key":"Fire Potion"}],"is_trial":false,"path_per_floor":["M","M","$","T","?","R","E","M","T","?","M","E","R","E","R","B",null,"M","M","$","?","?","R","E","R","T","E","R","$","?","M","R","B",null,"M","?","M","M","?","E","M","R","T","E","?","$","E"],"character_chosen":"DEFECT","items_purchased":["Sunder","Heatsinks","Bottled Tornado","Storm","Deep Breath","Blizzard"],"campfire_rested":1,"item_purchase_floors":[3,3,20,46,46,46],"current_hp_per_floor":[67,54,54,54,54,54,33,33,33,26,16,8,30,28,28,28,63,63,54,54,54,54,54,44,44,44,37,37,37,37,14,14,11,59,58,58,51,51,51,51,54,54,54,12,12,12,0],"gold":429,"neow_bonus":"REMOVE_CARD","is_prod":false,"is_daily":false,"chose_seed":false,"campfire_upgraded":4,"win_rate":0,"timestamp":1551990162,"path_taken":["M","M","$","?","?","R","E","M","T","?","M","E","R","E","R","BOSS","M","M","$","?","?","R","E","R","T","E","R","$","?","M","R","BOSS","M","?","M","M","?","E","?","R","T","E","?","$","E"],"build_version":"2019-01-23","purchased_purges":1,"victory":false,"max_hp_per_floor":[75,75,75,75,75,75,75,75,75,75,75,75,75,75,75,75,75,75,75,75,75,75,75,75,75,75,75,75,75,75,75,75,75,75,75,75,75,75,75,75,75,75,75,75,71,71,71],"card_choices":[{"not_picked":["Darkness","Turbo"],"picked":"Hologram","floor":1},{"not_picked":["Barrage","Tempest"],"picked":"Cold Snap","floor":2},{"not_picked":["Gash","Conserve Battery"],"picked":"Static Discharge","floor":7},{"not_picked":["Stack","Sunder"],"picked":"Sweeping Beam","floor":8},{"not_picked":["Compile Driver","Steam Power"],"picked":"Ball Lightning","floor":11},{"not_picked":["Turbo","Conserve Battery"],"picked":"Cold Snap","floor":12},{"not_picked":["Go for the Eyes","Cold Snap"],"picked":"Chill","floor":14},{"not_picked":["Thunder Strike","Biased Cognition"],"picked":"Buffer","floor":16},{"not_picked":["Barrage+1","Rebound"],"picked":"Ball Lightning","floor":18},{"not_picked":["Glacier","Ball Lightning"],"picked":"Redo+1","floor":19},{"not_picked":["Sweeping Beam","Undo","Chaos"],"picked":"SKIP","floor":24},{"not_picked":["Streamline","Gash"],"picked":"Consume","floor":27},{"not_picked":["Blizzard","Core Surge"],"picked":"Steam","floor":31},{"not_picked":["Creative AI","Thunder Strike"],"picked":"Biased Cognition","floor":33},{"not_picked":["Redo+1","Gash"],"picked":"Go for the Eyes","floor":35},{"not_picked":["Sweeping Beam+1","Hologram+1","Compile Driver"],"picked":"SKIP","floor":37},{"not_picked":["Hologram","Rip and Tear+1"],"picked":"Static Discharge+1","floor":38},{"not_picked":["Steam","Coolheaded"],"picked":"Reinforced Body","floor":40},{"not_picked":["Steam+1","Melter","Turbo"],"picked":"SKIP","floor":41},{"not_picked":["Hologram","Melter+1"],"picked":"Leap","floor":44}],"player_experience":343164,"relics_obtained":[{"floor":4,"key":"Girya"},{"floor":7,"key":"Torii"},{"floor":9,"key":"Happy Flower"},{"floor":12,"key":"Bag of Preparation"},{"floor":14,"key":"FossilizedHelix"},{"floor":24,"key":"Whetstone"},{"floor":26,"key":"Lantern"},{"floor":27,"key":"MawBank"},{"floor":40,"key":"Cables"},{"floor":43,"key":"Centennial Puzzle"},{"floor":44,"key":"Shovel"}],"event_choices":[{"damage_healed":0,"gold_gain":0,"player_choice":"Leave","damage_taken":0,"max_hp_gain":0,"max_hp_loss":0,"event_name":"The Cleric","floor":5,"gold_loss":0},{"damage_healed":0,"gold_gain":0,"player_choice":"Success","damage_taken":7,"relics_obtained":["Orichalcum"],"max_hp_gain":0,"max_hp_loss":0,"event_name":"Scrap Ooze","floor":10,"gold_loss":0},{"damage_healed":0,"gold_gain":0,"player_choice":"Paid Fearfully","damage_taken":0,"max_hp_gain":0,"max_hp_loss":0,"event_name":"Masked Bandits","floor":21,"gold_loss":21},{"damage_healed":0,"gold_gain":0,"player_choice":"Opened","damage_taken":0,"relics_obtained":["Pantograph"],"max_hp_gain":0,"max_hp_loss":0,"event_name":"The Mausoleum","floor":22,"gold_loss":0},{"cards_removed":["Scrape"],"damage_healed":0,"gold_gain":0,"player_choice":"Elegance","damage_taken":0,"max_hp_gain":0,"max_hp_loss":0,"event_name":"Back to Basics","floor":30,"gold_loss":0},{"damage_healed":0,"gold_gain":0,"player_choice":"Ignored","damage_taken":0,"max_hp_gain":0,"max_hp_loss":0,"event_name":"Tomb of Lord Red Mask","floor":36,"gold_loss":0},{"damage_healed":0,"gold_gain":100,"player_choice":"Pray","damage_taken":0,"max_hp_gain":0,"max_hp_loss":0,"event_name":"Golden Shrine","floor":39,"gold_loss":0},{"damage_healed":0,"gold_gain":0,"player_choice":"Max HP","damage_taken":0,"max_hp_gain":0,"max_hp_loss":4,"event_name":"Winding Halls","floor":45,"gold_loss":0}],"is_beta":false,"boss_relics":[{"not_picked":["Coffee Dripper","Orrery"],"picked":"Pandora\u0027s Box"},{"not_picked":["Velvet Choker","Sozu"],"picked":"Astrolabe"}],"items_purged_floors":[46],"is_endless":false,"potions_floor_spawned":[1,8,11,12,16,19,33,38,41,44],"killed_by":"Giant Head","ascension_level":6}