{"gold_per_floor":[211,223,223,235,235,235,261,261,308,340,353,370,385,404,404,482,482,498,514,53,68,78,78,94,94,94,126,136,151,181,191,191,265,265,276,276,291,291,191,206,225,6,6,23,35,66,79,92,92,92],"floor_reached":50,"playtime":2420,"items_purged":["Strike_B","hubris:Disease"],"score":1147,"play_id":"f7b2e773-2468-462e-9636-c19720835041","local_time":"20190115113042","is_ascension_mode":true,"campfire_choices":[{"floor":6.0,"key":"REST"},{"data":"Zap","floor":8.0,"key":"SMITH"},{"data":"Hologram","floor":15.0,"key":"SMITH"},{"data":"Blizzard","floor":23.0,"key":"SMITH"},{"data":"hubris:PowerSurge","floor":25.0,"key":"SMITH"},{"data":"Seek","floor":32.0,"key":"SMITH"},{"floor":49,"key":"RECALL"}],"neow_cost":"NONE","seed_source_timestamp":0,"circlet_count":0,"master_deck":["AscendersBane","Strike_B","Strike_B","Strike_B+1","Defend_B","Defend_B","Defend_B","Defend_B","Zap+1","Dualcast","Ball Lightning","Leap","Streamline","Glacier","Conserve Battery","Glacier","Rebound+1","Hologram+1","Electrodynamics","Glacier+1","Seek","hubris:PowerSurge+1","Blizzard+1","FTL","Coolheaded","Turbo","Coolheaded","Seek+1","hubris:PowerSurge","Storm","hubris:EnhanceAbility","Flash of Steel","Steam Power+1","hubris:PowerSurge+1","Doubt","Buffer","Consume+1"],"special_seed":0,"relics":["Cracked Core","Regal Pillow","Blue Candle","Blood Vial","Bottled Flame","Cursed Key","ClockworkSouvenir","Whetstone","hubris:CrystalStatue","Vajra","Sozu","DollysMirror","Emotion Chip"],"potions_floor_usage":[],"damage_taken":[{"damage":7.0,"enemies":"Jaw Worm","floor":1.0,"turns":3.0},{"damage":14.0,"enemies":"2 Louse","floor":2.0,"turns":2.0},{"damage":0.0,"enemies":"Cultist","floor":4.0,"turns":3.0},{"damage":26.0,"enemies":"3 Sentries","floor":7.0,"turns":7.0},{"damage":9.0,"enemies":"Lagavulin","floor":10.0,"turns":7.0},{"damage":0.0,"enemies":"Looter","floor":11.0,"turns":4.0},{"damage":8.0,"enemies":"Blue Slaver","floor":12.0,"turns":3.0},{"damage":0.0,"enemies":"Exordium Wildlife","floor":13.0,"turns":2.0},{"damage":2.0,"enemies":"Red Slaver","floor":14.0,"turns":3.0},{"damage":14.0,"enemies":"The Guardian","floor":16.0,"turns":13.0},{"damage":10.0,"enemies":"Shell Parasite","floor":18.0,"turns":7.0},{"damage":1.0,"enemies":"Chosen","floor":19.0,"turns":5.0},{"damage":0.0,"enemies":"3 Cultists","floor":21.0,"turns":3.0},{"damage":8.0,"enemies":"Centurion and Healer","floor":22.0,"turns":9.0},{"damage":0.0,"enemies":"Chosen and Byrds","floor":24.0,"turns":4.0},{"damage":1.0,"enemies":"Slavers","floor":27.0,"turns":5.0},{"damage":1.0,"enemies":"Sentry and Sphere","floor":28.0,"turns":6.0},{"damage":0.0,"enemies":"Cultist and Chosen","floor":29.0,"turns":3.0},{"damage":3.0,"enemies":"Gremlin Leader","floor":30.0,"turns":5.0},{"damage":1.0,"enemies":"Centurion and Healer","floor":31.0,"turns":5.0},{"damage":32.0,"enemies":"hubris:MusketHawk","floor":33.0,"turns":8.0},{"damage":6.0,"enemies":"3 Shapes","floor":35.0,"turns":2.0},{"damage":1.0,"enemies":"3 Darklings","floor":37.0,"turns":4.0},{"damage":0.0,"enemies":"Jaw Worm Horde","floor":40.0,"turns":1.0},{"damage":0.0,"enemies":"Sphere and 2 Shapes","floor":41.0,"turns":2.0},{"damage":16,"enemies":"Writhing Mass","floor":44,"turns":4},{"damage":20,"enemies":"Transient","floor":45,"turns":6},{"damage":0,"enemies":"Nemesis","floor":46,"turns":9},{"damage":9,"enemies":"Spire Growth","floor":47,"turns":3},{"damage":7,"enemies":"3 Darklings","floor":48,"turns":3},{"damage":14,"enemies":"Donu and Deca","floor":50,"turns":7}],"seed_played":"-200545311606703926","potions_obtained":[{"floor":4.0,"key":"Weak Potion"},{"floor":7.0,"key":"Block Potion"},{"floor":14.0,"key":"Weak Potion"},{"floor":33.0,"key":"Poison Potion"}],"is_trial":false,"path_per_floor":["M","M","?","M","?","R","E","R","T","E","M","M","M","M","R","B",null,"M","M","$","M","M","R","M","R","T","E","M","M","E","M","R","B",null,"M","?","M","?","$","M","M","$","T","M","M","E","M","M","R","B"],"character_chosen":"DEFECT","items_purchased":["Seek","ClockworkSouvenir","hubris:PowerSurge","DollysMirror"],"campfire_rested":1,"item_purchase_floors":[20,20,20,42],"current_hp_per_floor":[57,43,25,25,25,61,35,35,35,28,30,24,26,26,26,14,57,49,50,50,52,46,46,48,48,48,49,50,52,51,52,52,22,59,55,55,56,46,46,48,50,50,50,36,18,20,13,8,8,0],"gold":92,"neow_bonus":"HUNDRED_GOLD","is_prod":false,"is_daily":false,"chose_seed":false,"campfire_upgraded":5,"win_rate":0,"timestamp":1547548242,"path_taken":["M","M","?","M","?","R","E","R","T","E","?","M","M","M","R","BOSS","M","M","$","M","M","R","M","R","T","E","M","M","E","M","R","BOSS","BOSS","M","?","M","?","?","M","M","$","T","M","M","E","?","M","R","BOSS"],"build_version":"2019-01-10","purchased_purges":2,"victory":false,"max_hp_per_floor":[71,71,71,71,71,71,71,71,71,71,71,71,71,71,71,71,71,71,71,71,71,71,71,71,71,71,71,71,71,71,71,71,71,71,71,71,71,71,71,71,71,71,71,71,71,71,71,71,71,71],"card_choices":[{"not_picked":["Gash","Consume"],"picked":"Ball Lightning","floor":1.0},{"not_picked":["Stack","Steam Power"],"picked":"Leap","floor":2.0},{"not_picked":["Redo","Stack"],"picked":"Streamline","floor":4.0},{"not_picked":["Steam Power","BootSequence"],"picked":"Glacier","floor":7.0},{"not_picked":["Heatsinks","Glacier"],"picked":"Conserve Battery","floor":10.0},{"not_picked":["Cold Snap","Stack"],"picked":"Glacier","floor":11.0},{"not_picked":["Go for the Eyes","hubris:Prefetch","Leap"],"picked":"SKIP","floor":12.0},{"not_picked":["Redo","Beam Cell"],"picked":"Rebound","floor":13.0},{"not_picked":["Go for the Eyes","Leap"],"picked":"Hologram","floor":14.0},{"not_picked":["Core Surge","Thunder Strike"],"picked":"Electrodynamics","floor":16.0},{"not_picked":["Leap","Beam Cell"],"picked":"Glacier+1","floor":18.0},{"not_picked":["Stack","Redo","Turbo"],"picked":"SKIP","floor":19.0},{"not_picked":["Stack+1","Gash"],"picked":"Blizzard","floor":21.0},{"not_picked":["Skim","Redo"],"picked":"FTL","floor":22.0},{"not_picked":["Barrage","Steam","Redo"],"picked":"SKIP","floor":24.0},{"not_picked":["Defragment","Sunder"],"picked":"Coolheaded","floor":27.0},{"not_picked":["Reinforced Body","Hologram","Rebound+1"],"picked":"SKIP","floor":28.0},{"not_picked":["Sweeping Beam","Steam Power"],"picked":"Turbo","floor":29.0},{"not_picked":["Force Field","Stack"],"picked":"Coolheaded","floor":30.0},{"not_picked":["Leap","Steam+1"],"picked":"Seek","floor":31.0},{"not_picked":["Gash+1","hubris:PowerSurge","Rip and Tear"],"picked":"SKIP","floor":35.0},{"not_picked":["Gash+1","Rip and Tear"],"picked":"hubris:PowerSurge","floor":35.0},{"not_picked":["Rebound+1","FTL"],"picked":"Storm","floor":37.0},{"not_picked":["Flash of Steel","Jack Of All Trades"],"picked":"hubris:EnhanceAbility","floor":38.0},{"not_picked":["PanicButton","Purity"],"picked":"Flash of Steel","floor":38.0},{"not_picked":["Stack+1","Force Field"],"picked":"Steam Power+1","floor":40.0},{"not_picked":["Gash","Turbo","Steam+1"],"picked":"SKIP","floor":41.0},{"not_picked":["Go for the Eyes","Barrage","Hologram"],"picked":"SKIP","floor":44},{"not_picked":["Redo+1","Blizzard"],"picked":"Buffer","floor":45},{"not_picked":["Conserve Battery","Cold Snap+1"],"picked":"Consume+1","floor":46},{"not_picked":["Ball Lightning","Force Field","Stack"],"picked":"SKIP","floor":47},{"not_picked":["Buffer","Hologram+1","Gash"],"picked":"SKIP","floor":48}],"player_experience":1112234,"relics_obtained":[{"floor":7.0,"key":"Blue Candle"},{"floor":9.0,"key":"Blood Vial"},{"floor":10.0,"key":"Bottled Flame"},{"floor":26.0,"key":"Whetstone"},{"floor":27.0,"key":"hubris:CrystalStatue"},{"floor":30.0,"key":"Vajra"},{"floor":46,"key":"Emotion Chip"}],"event_choices":[{"damage_healed":0.0,"max_hp_gain":0.0,"max_hp_loss":0.0,"gold_gain":0.0,"event_name":"Scrap Ooze","player_choice":"Success","floor":3.0,"gold_loss":0.0,"damage_taken":18.0,"relics_obtained":["Regal Pillow"]},{"damage_healed":0.0,"max_hp_gain":0.0,"max_hp_loss":0.0,"gold_gain":0.0,"event_name":"Match and Keep!","player_choice":"0 cards matched","floor":5.0,"gold_loss":0.0,"damage_taken":0.0,"cards_obtained":[]},{"damage_healed":0.0,"max_hp_gain":0.0,"max_hp_loss":0.0,"gold_gain":0.0,"event_name":"SensoryStone","player_choice":"Memory 3","floor":38.0,"gold_loss":0.0,"damage_taken":10.0}],"is_beta":false,"boss_relics":[{"not_picked":["Fusion Hammer","Snecko Eye"],"picked":"Cursed Key"},{"not_picked":["Empty Cage","hubris:HollowSoul"],"picked":"Sozu"}],"items_purged_floors":[20,39],"is_endless":false,"potions_floor_spawned":[4,7,14,18,19,22,29,33,40,41,45,48],"killed_by":"Donu and Deca","ascension_level":20}