{"gold_per_floor":[118,118,118,136,136,136,136,174,198,211,211,5,77,111,111,209,209,223,237,237,251,251,285,285,308,333,389,401,433,468,511,523,634,646,682,719,731,181,181,212,212],"floor_reached":41,"playtime":1314,"items_purged":["Strike_R+1"],"score":1124,"play_id":"2280e7e2-ca70-4da8-80ce-8fa2da86df4a","local_time":"20190429103808","is_ascension_mode":true,"campfire_choices":[{"data":"Perfected Strike","floor":6.0,"key":"SMITH"},{"data":"Inflame","floor":11.0,"key":"SMITH"},{"floor":15.0,"key":"REST"},{"data":"Limit Break","floor":24.0,"key":"SMITH"},{"data":"Heavy Blade","floor":28.0,"key":"SMITH"},{"floor":32.0,"key":"REST"}],"neow_cost":"NONE","seed_source_timestamp":0,"circlet_count":0,"master_deck":["AscendersBane","Strike_R+1","Strike_R+1","Strike_R+1","Strike_R+1","Defend_R+1","Defend_R+1","Defend_R+1","Defend_R+1","Bash+1","Sword Boomerang","Perfected Strike+1","Inflame+1","Shrug It Off","Pummel","Reaper","Power Through+1","Heavy Blade+1","Shockwave","Limit Break+1","Dual Wield+1","Offering","Spot Weakness","Feel No Pain","Exhume"],"special_seed":0,"relics":["Burning Blood","Golden Idol","Art of War","Pocketwatch","Potion Belt","Orichalcum","Boot","Velvet Choker","GremlinMask","StoneCalendar","MawBank","Omamori","Oddly Smooth Stone","Philosopher\u0027s Stone","Ginger","Bag of Preparation"],"potions_floor_usage":[41,41],"damage_taken":[{"damage":9.0,"enemies":"Small Slimes","floor":1.0,"turns":5.0},{"damage":2.0,"enemies":"Jaw Worm","floor":4.0,"turns":4.0},{"damage":39.0,"enemies":"Lagavulin","floor":8.0,"turns":6.0},{"damage":4.0,"enemies":"2 Louse","floor":10.0,"turns":3.0},{"damage":14.0,"enemies":"3 Sentries","floor":14.0,"turns":8.0},{"damage":16.0,"enemies":"Slime Boss","floor":16.0,"turns":6.0},{"damage":28.0,"enemies":"Shell Parasite","floor":18.0,"turns":4.0},{"damage":0.0,"enemies":"Chosen","floor":19.0,"turns":3.0},{"damage":6.0,"enemies":"Centurion and Healer","floor":21.0,"turns":5.0},{"damage":39.0,"enemies":"Gremlin Leader","floor":23.0,"turns":11.0},{"damage":21.0,"enemies":"Shelled Parasite and Fungi","floor":25.0,"turns":9.0},{"damage":25.0,"enemies":"Book of Stabbing","floor":27.0,"turns":5.0},{"damage":0.0,"enemies":"Chosen and Byrds","floor":29.0,"turns":5.0},{"damage":24.0,"enemies":"Snake Plant","floor":30.0,"turns":4.0},{"damage":42.0,"enemies":"Gremlin Leader","floor":31.0,"turns":7.0},{"damage":0.0,"enemies":"Automaton","floor":33.0,"turns":6.0},{"damage":9.0,"enemies":"Orb Walker","floor":35.0,"turns":2.0},{"damage":0.0,"enemies":"3 Shapes","floor":36.0,"turns":4.0},{"damage":59.0,"enemies":"Nemesis","floor":40.0,"turns":5.0},{"damage":16,"enemies":"3 Darklings","floor":41,"turns":2}],"seed_played":"8274166627784088091","potions_obtained":[{"floor":0.0,"key":"Dexterity Potion"},{"floor":0.0,"key":"EssenceOfSteel"},{"floor":10.0,"key":"FearPotion"},{"floor":21.0,"key":"SteroidPotion"},{"floor":25.0,"key":"Strength Potion"},{"floor":27.0,"key":"Block Potion"}],"is_trial":false,"path_per_floor":["M","?","?","M","?","R","?","E","T","M","R","$","?","E","R","B",null,"M","M","?","M","?","E","R","M","T","E","R","M","M","E","R","B",null,"M","M","?","$","?","E","M"],"character_chosen":"IRONCLAD","items_purchased":["Pummel","Orichalcum","Ginger","Feel No Pain","SkillPotion","FearPotion"],"campfire_rested":2,"item_purchase_floors":[12,12,38,38,38,38],"current_hp_per_floor":[65,65,65,69,68,68,57,24,24,26,26,26,26,18,38,28,58,36,42,42,52,52,39,39,41,41,46,46,52,34,28,48,54,65,62,68,68,68,68,15,0],"gold":212,"neow_bonus":"THREE_SMALL_POTIONS","is_prod":false,"is_daily":false,"chose_seed":false,"campfire_upgraded":4,"win_rate":0,"timestamp":1556527088,"path_taken":["M","?","?","M","?","R","?","E","T","?","R","?","?","E","R","BOSS","M","M","?","M","?","E","R","M","T","E","R","?","M","E","R","BOSS","M","M","?","$","?","E","?"],"build_version":"2019-01-23","purchased_purges":1,"victory":false,"max_hp_per_floor":[75,75,75,75,68,68,68,68,68,68,68,68,68,68,68,68,68,68,68,68,68,68,68,68,68,68,68,68,68,68,68,68,68,68,68,68,68,68,68,68,68],"card_choices":[{"not_picked":["Rage","Corruption"],"picked":"Sword Boomerang","floor":1.0},{"not_picked":["Ghostly Armor","Armaments"],"picked":"Perfected Strike","floor":4.0},{"not_picked":["Body Slam","Juggernaut"],"picked":"Inflame","floor":8.0},{"not_picked":["Clothesline","Warcry"],"picked":"Shrug It Off","floor":10.0},{"not_picked":["Thunderclap","Pummel","Havoc"],"picked":"SKIP","floor":14.0},{"not_picked":["Fiend Fire","Offering"],"picked":"Reaper","floor":16.0},{"not_picked":["Combust","Anger"],"picked":"Power Through+1","floor":18.0},{"not_picked":["Armaments","Iron Wave"],"picked":"Heavy Blade","floor":19.0},{"not_picked":["Iron Wave","True Grit"],"picked":"Shockwave","floor":21.0},{"not_picked":["Wild Strike","Metallicize"],"picked":"Limit Break","floor":23.0},{"not_picked":["Heavy Blade","Searing Blow","Wild Strike"],"picked":"SKIP","floor":25.0},{"not_picked":["Flex","Pommel Strike"],"picked":"Dual Wield+1","floor":27.0},{"not_picked":["Pommel Strike","Flex","Anger"],"picked":"SKIP","floor":29.0},{"not_picked":["Wild Strike+1","Clothesline","Infernal Blade"],"picked":"SKIP","floor":30.0},{"not_picked":["Sentinel","Twin Strike","Iron Wave"],"picked":"SKIP","floor":31.0},{"not_picked":["Juggernaut","Berserk"],"picked":"Offering","floor":33.0},{"not_picked":["Flame Barrier","Armaments+1"],"picked":"Spot Weakness","floor":35.0},{"not_picked":["Shockwave","Burning Pact+1","Sword Boomerang+1"],"picked":"SKIP","floor":36.0},{"not_picked":["Twin Strike","Fire Breathing+1"],"picked":"Exhume","floor":40.0}],"player_experience":1639726,"relics_obtained":[{"floor":8.0,"key":"Pocketwatch"},{"floor":9.0,"key":"Potion Belt"},{"floor":14.0,"key":"Boot"},{"floor":23.0,"key":"StoneCalendar"},{"floor":26.0,"key":"MawBank"},{"floor":27.0,"key":"Omamori"},{"floor":31.0,"key":"Oddly Smooth Stone"},{"floor":40.0,"key":"Bag of Preparation"}],"event_choices":[{"damage_healed":0.0,"max_hp_gain":0.0,"max_hp_loss":0.0,"gold_gain":0.0,"event_name":"Living Wall","player_choice":"Grow","floor":2.0,"gold_loss":0.0,"damage_taken":0.0,"cards_upgraded":["Bash"]},{"damage_healed":0.0,"max_hp_gain":0.0,"max_hp_loss":0.0,"gold_gain":0.0,"event_name":"Liars Game","player_choice":"Ignored","floor":3.0,"gold_loss":0.0,"damage_taken":0.0},{"damage_healed":0.0,"max_hp_gain":0.0,"max_hp_loss":7.0,"gold_gain":0.0,"event_name":"Golden Idol","player_choice":"Lose Max HP","floor":5.0,"gold_loss":0.0,"damage_taken":0.0,"relics_obtained":["Golden Idol"]},{"damage_healed":0.0,"max_hp_gain":0.0,"max_hp_loss":0.0,"gold_gain":0.0,"event_name":"Scrap Ooze","player_choice":"Success","floor":7.0,"gold_loss":0.0,"damage_taken":11.0,"relics_obtained":["Art of War"]},{"damage_healed":0.0,"max_hp_gain":0.0,"max_hp_loss":0.0,"gold_gain":72.0,"event_name":"Golden Wing","player_choice":"Gained Gold","floor":13.0,"gold_loss":0.0,"damage_taken":0.0},{"damage_healed":0.0,"max_hp_gain":0.0,"max_hp_loss":0.0,"gold_gain":0.0,"event_name":"Back to Basics","player_choice":"Simplicity","floor":20.0,"gold_loss":0.0,"damage_taken":0.0,"cards_upgraded":["Strike_R","Strike_R","Strike_R","Strike_R","Strike_R","Defend_R","Defend_R","Defend_R","Defend_R"]},{"damage_healed":0.0,"max_hp_gain":0.0,"max_hp_loss":0.0,"gold_gain":0.0,"event_name":"FaceTrader","player_choice":"Trade","floor":22.0,"gold_loss":0.0,"damage_taken":0.0,"relics_obtained":["GremlinMask"]},{"damage_healed":0.0,"max_hp_gain":0.0,"max_hp_loss":0.0,"gold_gain":0.0,"event_name":"Tomb of Lord Red Mask","player_choice":"Ignored","floor":37.0,"gold_loss":0.0,"damage_taken":0.0},{"damage_healed":0.0,"max_hp_gain":0.0,"max_hp_loss":0.0,"gold_gain":0.0,"event_name":"Match and Keep!","player_choice":"0 cards matched","floor":39.0,"gold_loss":0.0,"damage_taken":0.0,"cards_obtained":[]}],"is_beta":false,"boss_relics":[{"not_picked":["Coffee Dripper","Mark of Pain"],"picked":"Velvet Choker"},{"not_picked":["Tiny House","White Beast Statue"],"picked":"Philosopher\u0027s Stone"}],"items_purged_floors":[38],"is_endless":false,"potions_floor_spawned":[4,10,21,25,27],"killed_by":"3 Darklings","ascension_level":20}