{"gold_per_floor":[116,41,55,65,65,76,76,110,161,71,71,104,119,130,130,201,201,212,87,97,97,12,12,40,40,40,54,54,72,103,118,118,118],"floor_reached":33,"playtime":1700,"items_purged":["Strike_G","Strike_G","Strike_G"],"score":594,"play_id":"739bd134-c9b6-4322-b7f8-c40b1d10819a","local_time":"20190206181247","is_ascension_mode":true,"campfire_choices":[{"data":"Poisoned Stab","floor":7.0,"key":"SMITH"},{"floor":11.0,"key":"REST"},{"data":"Footwork","floor":15.0,"key":"SMITH"},{"data":"Malaise","floor":23,"key":"SMITH"},{"data":"Calculated Gamble","floor":25,"key":"SMITH"},{"data":"Neutralize","floor":32,"key":"SMITH"}],"neow_cost":"NONE","seed_source_timestamp":0,"circlet_count":0,"master_deck":["AscendersBane","Defend_G","Defend_G","Defend_G","Defend_G","Defend_G","Strike_G","Strike_G","Survivor","Neutralize+1","Footwork+1","Poisoned Stab+1","Flying Knee","Predator","Calculated Gamble+1","Well Laid Plans","Dagger Spray+1","Dash","Malaise+1","Bane+1","Writhe","Acrobatics+1","Dodge and Roll+1","Die Die Die"],"special_seed":0,"relics":["Ring of the Snake","hubris:SlimyHat","Bag of Preparation","Anchor","Pen Nib","Coffee Dripper","infinitespire:WardingShard","infinitespire:FocusingShard","Mercury Hourglass","Nunchaku","Lantern"],"potions_floor_usage":[30],"damage_taken":[{"damage":0.0,"enemies":"2 Louse","floor":1.0,"turns":3.0},{"damage":10.0,"enemies":"Jaw Worm","floor":3.0,"turns":8.0},{"damage":9.0,"enemies":"Small Slimes","floor":4.0,"turns":5.0},{"damage":6.0,"enemies":"3 Louse","floor":6.0,"turns":5.0},{"damage":31.0,"enemies":"3 Sentries","floor":8.0,"turns":14.0},{"damage":3.0,"enemies":"Lagavulin","floor":12.0,"turns":6.0},{"damage":0.0,"enemies":"Red Slaver","floor":13.0,"turns":4.0},{"damage":0.0,"enemies":"Large Slime","floor":14.0,"turns":5.0},{"damage":15.0,"enemies":"Hexaghost","floor":16.0,"turns":11.0},{"damage":2,"enemies":"3 Byrds","floor":18,"turns":5},{"damage":11,"enemies":"2 Thieves","floor":20,"turns":4},{"damage":26,"enemies":"Slavers","floor":24,"turns":9},{"damage":0,"enemies":"Snake Plant","floor":27,"turns":5},{"damage":8,"enemies":"Shelled Parasite and Fungi","floor":29,"turns":7},{"damage":1,"enemies":"Book of Stabbing","floor":30,"turns":6},{"damage":0,"enemies":"Centurion and Healer","floor":31,"turns":6},{"damage":12,"enemies":"Automaton","floor":33,"turns":6}],"seed_played":"509073787425476361","potions_obtained":[{"floor":8.0,"key":"Poison Potion"},{"floor":12.0,"key":"Energy Potion"},{"floor":13.0,"key":"Poison Potion"},{"floor":14.0,"key":"Strength Potion"},{"floor":29,"key":"Swift Potion"},{"floor":30,"key":"FearPotion"}],"is_trial":false,"path_per_floor":["M","$","M","M","?","M","R","E","T","$","R","E","M","M","R","B",null,"M","$","M","?","?","R","E","R","T","M","?","M","E","M","R","B"],"character_chosen":"THE_SILENT","items_purchased":["Well Laid Plans","Dagger Spray"],"campfire_rested":1,"item_purchase_floors":[10,10],"current_hp_per_floor":[59,59,49,40,45,39,39,8,8,8,29,26,26,26,26,11,56,54,54,43,43,43,43,17,17,17,17,17,9,8,8,8,0],"gold":118,"neow_bonus":"RANDOM_COMMON_RELIC","is_prod":false,"is_daily":false,"chose_seed":false,"campfire_upgraded":5,"win_rate":0,"timestamp":1549473167,"path_taken":["M","$","M","M","?","M","R","E","T","$","R","E","M","M","R","BOSS","M","$","M","?","?","R","E","R","T","M","?","M","E","M","R","BOSS"],"build_version":"2019-01-23","purchased_purges":3,"victory":false,"max_hp_per_floor":[66,66,66,66,71,71,71,71,71,71,71,71,71,71,71,71,71,71,71,71,71,71,71,71,71,71,71,71,71,71,71,71,71],"card_choices":[{"not_picked":["Underhanded Strike","Dagger Throw"],"picked":"Footwork","floor":1.0},{"not_picked":["Riddle With Holes","Catalyst"],"picked":"Poisoned Stab","floor":3.0},{"not_picked":["Cloak And Dagger","Slice"],"picked":"Flying Knee","floor":4.0},{"not_picked":["Expertise","hubris:Counter"],"picked":"Predator","floor":6.0},{"not_picked":["Blade Dance","A Thousand Cuts"],"picked":"Calculated Gamble","floor":8.0},{"not_picked":["Slice","Deflect"],"picked":"Dash","floor":12.0},{"not_picked":["Distraction","Concentrate","Acrobatics"],"picked":"SKIP","floor":13.0},{"not_picked":["Blade Dance","hubris:TrickCloak","Bane"],"picked":"SKIP","floor":14.0},{"not_picked":["Phantasmal Killer","Glass Knife"],"picked":"Malaise","floor":16.0},{"not_picked":["hubris:SlightOfHand+1","Prepared","Sucker Punch"],"picked":"SKIP","floor":18},{"not_picked":["Distraction","Prepared"],"picked":"Bane+1","floor":20},{"not_picked":["All Out Attack+1","Dagger Throw"],"picked":"Acrobatics+1","floor":24},{"not_picked":["Dagger Spray","Outmaneuver","Setup"],"picked":"SKIP","floor":27},{"not_picked":["All Out Attack+1","Leg Sweep"],"picked":"Dodge and Roll+1","floor":29},{"not_picked":["Backstab","Slice"],"picked":"Die Die Die","floor":30},{"not_picked":["Reflex","Prepared+1","Blade Dance"],"picked":"SKIP","floor":31}],"player_experience":1227402,"relics_obtained":[{"floor":8.0,"key":"Bag of Preparation"},{"floor":9.0,"key":"Anchor"},{"floor":12.0,"key":"Pen Nib"},{"floor":24,"key":"Mercury Hourglass"},{"floor":26,"key":"Nunchaku"},{"floor":30,"key":"Lantern"}],"event_choices":[{"damage_healed":0.0,"max_hp_gain":5.0,"max_hp_loss":0.0,"gold_gain":0.0,"event_name":"Big Fish","player_choice":"Donut","floor":5.0,"gold_loss":0.0,"damage_taken":0.0},{"damage_healed":0,"gold_gain":0,"player_choice":"Opened","damage_taken":0,"relics_obtained":["infinitespire:WardingShard"],"max_hp_gain":0,"max_hp_loss":0,"event_name":"The Mausoleum","floor":21,"gold_loss":0,"cards_obtained":["Writhe"]},{"damage_healed":0,"gold_gain":0,"player_choice":"Obtained Relic","damage_taken":0,"relics_obtained":["infinitespire:FocusingShard"],"max_hp_gain":0,"max_hp_loss":0,"event_name":"Addict","floor":22,"gold_loss":85},{"damage_healed":0,"gold_gain":0,"player_choice":"Forge","damage_taken":0,"max_hp_gain":0,"max_hp_loss":0,"event_name":"Accursed Blacksmith","floor":28,"gold_loss":0,"cards_upgraded":["Dagger Spray"]}],"is_beta":false,"boss_relics":[{"not_picked":["Tiny House","Ectoplasm"],"picked":"Coffee Dripper"}],"items_purged_floors":[2,10,19],"is_endless":false,"potions_floor_spawned":[8,12,13,14,29,30],"killed_by":"Automaton","ascension_level":20}