{"path_per_floor":["M","?","?","M","T","M","R","$","T","M","?","R","E","?","R","B",null,"M","?","M","$","M","R","M","R","T","M","$","?","M","M","R"],"character_chosen":"THE_SILENT","items_purchased":["Bag of Marbles","Die Die Die","Masterful Stab"],"gold_per_floor":[117,117,117,134,134,148,148,5,5,16,16,16,41,110,110,209,209,224,224,241,95,105,105,120,120,120,138,67,67,78,91,91,91],"floor_reached":33,"campfire_rested":0,"playtime":2380,"current_hp_per_floor":[70,75,57,57,57,56,56,56,63,63,63,63,65,65,65,36,92,87,87,87,87,83,83,74,74,74,74,74,58,54,41,41,0],"items_purged":[],"gold":91,"score":272,"play_id":"c44dea23-71bc-4c99-ba42-8fd7d875c9ff","local_time":"20180512234535","is_prod":false,"is_daily":false,"chose_seed":false,"is_ascension_mode":false,"campfire_upgraded":6,"timestamp":1526161535,"path_taken":["M","?","?","M","?","M","R","$","T","M","?","R","E","?","R","BOSS","M","?","M","$","M","R","M","R","T","M","$","?","M","M","R","BOSS"],"build_version":"2018-05-10","seed_source_timestamp":0,"purchased_purges":0,"victory":false,"master_deck":["Defend_G+1","Defend_G+1","Defend_G+1","Strike_G+1","Strike_G+1","Strike_G+1","Strike_G+1","Survivor","Neutralize","Underhanded Strike","Bane+1","Terror+1","Endless Agony+1","Caltrops+1","Night Terror+1","Poisoned Stab+1","Adrenaline+1","Malaise+1","Endless Agony+1","Bane+1","Die Die Die+1","Deadly Poison","Underhanded Strike+1","Dodge and Roll+1","Masterful Stab","Prepared+1","Deadly Poison"],"max_hp_per_floor":[70,75,75,75,75,75,75,75,82,82,82,82,92,92,92,92,92,92,92,92,92,92,92,92,92,92,92,92,92,92,92,92,92],"relics":["Ring of the Snake","Pen Nib","Meat on the Bone","Bag of Marbles","Strawberry","Pear","Astrolabe","Gremlin Horn","Enchiridion"],"card_choices":[{"not_picked":["Acrobatics","Dodge and Roll"],"picked":"Underhanded Strike","floor":1.0},{"not_picked":["Deflect","Unload"],"picked":"Bane","floor":4.0},{"not_picked":["Quick Slash","PiercingWail"],"picked":"Terror","floor":6.0},{"not_picked":["Sucker Punch","Outmaneuver"],"picked":"Endless Agony","floor":10.0},{"not_picked":["Predator","Expertise"],"picked":"Caltrops","floor":13.0},{"not_picked":["Burst","Doppelganger"],"picked":"Night Terror","floor":16.0},{"not_picked":["Catalyst","PiercingWail"],"picked":"Endless Agony","floor":18.0},{"not_picked":["Underhanded Strike","Blade Dance"],"picked":"Bane","floor":20.0},{"not_picked":["Deflect","Calculated Gamble"],"picked":"Deadly Poison","floor":22.0},{"not_picked":["After Image","Dagger Throw"],"picked":"Underhanded Strike","floor":24.0},{"not_picked":["Calculated Gamble","Backflip"],"picked":"Dodge and Roll","floor":27.0},{"not_picked":["Expertise","Well Laid Plans"],"picked":"Prepared","floor":30.0},{"not_picked":["Slice","Quick Slash"],"picked":"Deadly Poison","floor":31}],"player_experience":12326,"potions_floor_usage":[33,33,33],"damage_taken":[{"damage":0.0,"enemies":"2 Louse","floor":1.0,"turns":3.0},{"damage":0.0,"enemies":"Small Slimes","floor":4.0,"turns":4.0},{"damage":1.0,"enemies":"Jaw Worm","floor":6.0,"turns":3.0},{"damage":0.0,"enemies":"Exordium Wildlife","floor":10.0,"turns":5.0},{"damage":8.0,"enemies":"Lagavulin","floor":13.0,"turns":5.0},{"damage":41.0,"enemies":"Hexaghost","floor":16.0,"turns":9.0},{"damage":5.0,"enemies":"Spheric Guardian","floor":18.0,"turns":3.0},{"damage":0.0,"enemies":"Chosen","floor":20.0,"turns":2.0},{"damage":4.0,"enemies":"Centurion and Healer","floor":22.0,"turns":3.0},{"damage":9.0,"enemies":"Sentry and Sphere","floor":24.0,"turns":5.0},{"damage":0.0,"enemies":"Snecko","floor":27.0,"turns":3.0},{"damage":4.0,"enemies":"3 Cultists","floor":30.0,"turns":3.0},{"damage":25.0,"enemies":"Slaver and Parasite","floor":31.0,"turns":4.0},{"damage":44,"enemies":"Collector","floor":33,"turns":5}],"event_choices":[{"event_name":"Big Fish","player_choice":"Donut","floor":2.0,"damage_taken":0.0},{"event_name":"Scrap Ooze","player_choice":"success","floor":3.0,"damage_taken":18.0},{"event_name":"The Cleric","player_choice":"Leave","floor":11.0,"damage_taken":0.0},{"event_name":"Golden Wing","player_choice":"Gained Gold","floor":14.0,"damage_taken":0.0},{"event_name":"Back to Basics","player_choice":"Simplicity","floor":19.0,"damage_taken":0.0},{"event_name":"Cursed Tome","player_choice":"Obtained Book","floor":29.0,"damage_taken":0.0}],"boss_relics":[],"potions_floor_spawned":[10,20,24,27,30,31],"seed_played":"-7363970393267560068","killed_by":"Collector","ascension_level":0,"is_trial":false}