{"gold_per_floor":[112,37,37,52,72,101,101,101,101,101,132,147,147,165,165,242,242,260,22,122,122,135,164,164,164],"floor_reached":25,"playtime":1262,"items_purged":["Strike_G"],"score":458,"play_id":"e8c731dd-514e-44fc-8de9-bc7060715aed","local_time":"20190103192039","is_ascension_mode":true,"campfire_choices":[{"data":"Dagger Spray","floor":8,"key":"SMITH"},{"floor":10,"key":"REST"},{"data":"Leg Sweep","floor":13,"key":"SMITH"},{"data":"Bouncing Flask","floor":15,"key":"SMITH"},{"floor":24,"key":"REST"}],"neow_cost":"NONE","seed_source_timestamp":28467482146982,"circlet_count":0,"master_deck":["AscendersBane","Defend_G","Defend_G","Defend_G","Defend_G","Defend_G","Strike_G","Strike_G","Strike_G","Survivor","Neutralize","Masterful Stab","Dagger Spray+1","Leg Sweep+1","Bouncing Flask+1","Endless Agony","PiercingWail","Corpse Explosion","Well Laid Plans","PiercingWail","Bullet Time"],"relics":["Ring of the Snake","NeowsBlessing","Pear","Ancient Tea Set","Bottled Lightning","Blood Vial","Sozu","Oddly Smooth Stone","Tingsha","Shuriken","Bag of Preparation"],"potions_floor_usage":[6,6,20,20],"damage_taken":[{"damage":0,"enemies":"2 Louse","floor":1,"turns":1},{"damage":0,"enemies":"Jaw Worm","floor":4,"turns":1},{"damage":0,"enemies":"Cultist","floor":5,"turns":1},{"damage":31,"enemies":"Lagavulin","floor":6,"turns":7},{"damage":12,"enemies":"3 Sentries","floor":11,"turns":8},{"damage":4,"enemies":"Blue Slaver","floor":12,"turns":4},{"damage":2,"enemies":"Lots of Slimes","floor":14,"turns":4},{"damage":29,"enemies":"Hexaghost","floor":16,"turns":9},{"damage":0,"enemies":"2 Thieves","floor":18,"turns":3},{"damage":13,"enemies":"Colosseum Slavers","floor":20,"turns":3},{"damage":12,"enemies":"Colosseum Nobs","floor":20,"turns":3},{"damage":6,"enemies":"Shell Parasite","floor":22,"turns":5},{"damage":41,"enemies":"Book of Stabbing","floor":23,"turns":6},{"damage":36,"enemies":"Cultist and Chosen","floor":25,"turns":4}],"seed_played":"5155703096624403306","potions_obtained":[{"floor":1,"key":"SteroidPotion"},{"floor":4,"key":"Swift Potion"},{"floor":12,"key":"Fire Potion"},{"floor":16,"key":"Weak Potion"}],"is_trial":false,"path_per_floor":["M","?","?","M","M","E","?","R","T","R","E","M","R","M","R","B",null,"M","$","?","?","M","E","R","M"],"character_chosen":"THE_SILENT","items_purchased":["Oddly Smooth Stone"],"campfire_rested":2,"item_purchase_floors":[19],"current_hp_per_floor":[59,59,64,64,64,43,25,25,25,49,37,35,35,35,35,8,63,65,65,44,44,40,1,25,0],"gold":164,"neow_bonus":"THREE_ENEMY_KILL","is_prod":false,"is_daily":false,"chose_seed":false,"campfire_upgraded":3,"win_rate":0,"timestamp":1546539639,"path_taken":["M","?","?","?","M","E","?","R","T","R","E","M","R","M","R","BOSS","M","$","?","?","M","E","R","M"],"build_version":"2018-12-20","purchased_purges":1,"victory":false,"max_hp_per_floor":[66,66,71,71,71,81,81,81,81,81,81,81,81,81,81,81,81,81,81,81,81,81,81,81,81],"card_choices":[{"not_picked":["Expertise","Deflect"],"picked":"Masterful Stab","floor":1},{"not_picked":["Finisher","Backstab"],"picked":"Dagger Spray","floor":4},{"not_picked":["Underhanded Strike","Outmaneuver"],"picked":"Leg Sweep","floor":5},{"not_picked":["Outmaneuver","Quick Slash"],"picked":"Bouncing Flask","floor":6},{"not_picked":["Tools of the Trade","Bane","Sucker Punch"],"picked":"SKIP","floor":11},{"not_picked":["Cloak And Dagger","Infinite Blades"],"picked":"Endless Agony","floor":12},{"not_picked":["Dash","Choke"],"picked":"PiercingWail","floor":14},{"not_picked":["Doppelganger","Venomology"],"picked":"Corpse Explosion","floor":16},{"not_picked":["Masterful Stab","Acrobatics"],"picked":"Well Laid Plans","floor":18},{"not_picked":["Acrobatics","Dagger Throw"],"picked":"PiercingWail","floor":22},{"not_picked":["Backflip","Noxious Fumes"],"picked":"Bullet Time","floor":23}],"player_experience":1082796,"relics_obtained":[{"floor":6,"key":"Pear"},{"floor":9,"key":"Bottled Lightning"},{"floor":11,"key":"Blood Vial"},{"floor":20,"key":"Tingsha"},{"floor":20,"key":"Shuriken"},{"floor":23,"key":"Bag of Preparation"}],"event_choices":[{"cards_removed":["Strike_G"],"damage_healed":0,"gold_gain":0,"player_choice":"Card Removal","damage_taken":0,"max_hp_gain":0,"max_hp_loss":0,"event_name":"The Cleric","floor":2,"gold_loss":75},{"damage_healed":0,"gold_gain":0,"player_choice":"Donut","damage_taken":0,"max_hp_gain":5,"max_hp_loss":0,"event_name":"Big Fish","floor":3,"gold_loss":0},{"damage_healed":0,"gold_gain":0,"player_choice":"Success","damage_taken":18,"relics_obtained":["Ancient Tea Set"],"max_hp_gain":0,"max_hp_loss":0,"event_name":"Scrap Ooze","floor":7,"gold_loss":0},{"damage_healed":0,"gold_gain":0,"player_choice":"Fight","damage_taken":0,"max_hp_gain":0,"max_hp_loss":0,"event_name":"Colosseum","floor":20,"gold_loss":0},{"damage_healed":0,"gold_gain":0,"player_choice":"Fought Nobs","damage_taken":0,"max_hp_gain":0,"max_hp_loss":0,"event_name":"Colosseum","floor":20,"gold_loss":0},{"damage_healed":0,"gold_gain":0,"player_choice":"0 cards matched","damage_taken":0,"max_hp_gain":0,"max_hp_loss":0,"event_name":"Match and Keep!","floor":21,"gold_loss":0,"cards_obtained":[]}],"is_beta":false,"boss_relics":[{"not_picked":["Runic Dome","Cursed Key"],"picked":"Sozu"}],"items_purged_floors":[19],"is_endless":false,"potions_floor_spawned":[1,4,12,16,18,20,22],"killed_by":"Cultist and Chosen","ascension_level":20}