{"gold_per_floor":[118,78,89,108,32,32,62,62,62,92,92,111,111,140,140,219,219,232,247,347,129,129,160,170,196,196,229,229,240,258,270,270,349,349,369,421,437,437,454,479,479,511,536,569,602,632,632,652,652,652,652,652,652,190,218,218],"floor_reached":57,"playtime":3690,"items_purged":["Strike_R","Strike_R"],"score":3611,"play_id":"085bfa89-4548-420d-a52d-37951eb2a9b7","local_time":"20190303174606","is_ascension_mode":true,"campfire_choices":[{"data":"Immolate","floor":6,"key":"SMITH"},{"data":"Bash","floor":8,"key":"SMITH"},{"floor":15,"key":"DIG"},{"data":"Corruption","floor":28,"key":"SMITH"},{"floor":32,"key":"DIG"},{"floor":41,"key":"DIG"},{"floor":49,"key":"RECALL"},{"data":"Feel No Pain","floor":53,"key":"SMITH"}],"neow_cost":"NONE","seed_source_timestamp":17018788177664,"circlet_count":0,"master_deck":["AscendersBane","Defend_R+1","Defend_R","Defend_R","Defend_R+1","Bash+1","Sword Boomerang","Immolate+1","Rampage+1","Feel No Pain+1","Exhume+1","Warcry+1","Reaper","Seeing Red+1","Warcry+1","True Grit+1","Infernal Blade+1","Armaments+1","True Grit+1","Corruption+1","Shockwave+1","True Grit+1","Entrench+1","Juggernaut","Entrench+1","Disarm+1","True Grit+1","Inflame"],"relics":["Burning Blood","Happy Flower","Thread and Needle","Shovel","Vajra","Toxic Egg 2","Odd Mushroom","Dead Branch","Astrolabe","Nunchaku","Pear","Singing Bowl","Du-Vu Doll","Charon\u0027s Ashes","StoneCalendar","Ancient Tea Set","Snecko Eye","WingedGreaves","Bag of Preparation","Orichalcum","Paper Frog","Ice Cream","Champion Belt","War Paint","ClockworkSouvenir","Oddly Smooth Stone"],"potions_floor_usage":[16,16,20,56],"damage_taken":[{"damage":4,"enemies":"Jaw Worm","floor":1,"turns":5},{"damage":1,"enemies":"Cultist","floor":3,"turns":3},{"damage":7,"enemies":"2 Louse","floor":4,"turns":3},{"damage":20,"enemies":"3 Sentries","floor":7,"turns":4},{"damage":23,"enemies":"Lagavulin","floor":10,"turns":7},{"damage":0,"enemies":"Blue Slaver","floor":12,"turns":3},{"damage":0,"enemies":"The Mushroom Lair","floor":14,"turns":1},{"damage":45,"enemies":"Hexaghost","floor":16,"turns":8},{"damage":12,"enemies":"2 Thieves","floor":18,"turns":3},{"damage":0,"enemies":"Spheric Guardian","floor":19,"turns":3},{"damage":0,"enemies":"Colosseum Slavers","floor":20,"turns":1},{"damage":7,"enemies":"Colosseum Nobs","floor":20,"turns":3},{"damage":0,"enemies":"Book of Stabbing","floor":23,"turns":4},{"damage":7,"enemies":"Centurion and Healer","floor":24,"turns":7},{"damage":0,"enemies":"Gremlin Leader","floor":25,"turns":2},{"damage":16,"enemies":"Slavers","floor":27,"turns":3},{"damage":8,"enemies":"Chosen and Byrds","floor":29,"turns":4},{"damage":0,"enemies":"Snake Plant","floor":30,"turns":2},{"damage":9,"enemies":"Centurion and Healer","floor":31,"turns":3},{"damage":0,"enemies":"Champ","floor":33,"turns":3},{"damage":0,"enemies":"3 Shapes","floor":35,"turns":3},{"damage":8,"enemies":"2 Orb Walkers","floor":36,"turns":2},{"damage":0,"enemies":"Orb Walker","floor":37,"turns":1},{"damage":14,"enemies":"4 Shapes","floor":39,"turns":3},{"damage":13,"enemies":"Reptomancer","floor":40,"turns":3},{"damage":0,"enemies":"Giant Head","floor":42,"turns":3},{"damage":0,"enemies":"Reptomancer","floor":44,"turns":1},{"damage":0,"enemies":"Giant Head","floor":45,"turns":4},{"damage":6,"enemies":"Reptomancer","floor":46,"turns":2},{"damage":8,"enemies":"Spire Growth","floor":48,"turns":3},{"damage":0,"enemies":"Donu and Deca","floor":50,"turns":3},{"damage":9,"enemies":"Awakened One","floor":51,"turns":6},{"damage":9,"enemies":"Shield and Spear","floor":55,"turns":2},{"damage":43,"enemies":"The Heart","floor":56,"turns":6}],"seed_played":"9012696303161878849","potions_obtained":[{"floor":2,"key":"AttackPotion"},{"floor":2,"key":"EssenceOfSteel"},{"floor":14,"key":"Strength Potion"},{"floor":16,"key":"Energy Potion"},{"floor":18,"key":"GamblersBrew"},{"floor":24,"key":"PowerPotion"}],"is_trial":false,"path_per_floor":["M","?","M","M","$","R","E","R","T","E","T","M","?","?","R","B",null,"M","M","?","$","?","E","M","E","T","E","R","M","M","M","R","B",null,"M","?","M","?","M","E","R","E","T","E","E","E","?","M","R","B","B",null,"R","$","E","B",null],"character_chosen":"IRONCLAD","items_purchased":["Rampage","Infernal Blade+1","Armaments+1","ClockworkSouvenir","True Grit+1","Inflame"],"campfire_rested":0,"item_purchase_floors":[5,21,21,54,54,54],"current_hp_per_floor":[70,70,75,74,74,74,60,60,60,43,43,49,49,55,55,16,60,68,74,84,84,85,87,87,87,87,85,85,87,89,86,86,89,89,91,91,95,95,95,90,90,99,99,99,101,103,98,98,98,100,100,100,100,100,102,78],"gold":218,"neow_bonus":"RANDOM_COMMON_RELIC","is_prod":false,"is_daily":false,"chose_seed":false,"campfire_upgraded":4,"win_rate":0,"timestamp":1551631566,"path_taken":["M","?","M","?","?","R","E","R","T","E","?","?","?","?","R","BOSS","M","M","?","$","?","E","M","E","T","E","R","?","M","?","R","BOSS","M","?","M","?","M","E","R","E","T","E","E","E","?","?","R","BOSS","BOSS","R","$","E","BOSS"],"build_version":"2019-01-23","purchased_purges":2,"victory":true,"max_hp_per_floor":[75,75,75,75,75,75,75,75,75,75,75,75,75,75,75,75,75,75,75,85,85,85,87,87,87,87,87,87,87,89,89,89,89,89,91,93,95,95,95,97,97,99,99,99,101,103,98,100,100,100,100,100,100,100,102,102],"card_choices":[{"not_picked":["Wild Strike","Warcry"],"picked":"Sword Boomerang","floor":1},{"not_picked":["Thunderclap","Battle Trance"],"picked":"Immolate","floor":3},{"not_picked":["True Grit","Clash","Heavy Blade"],"picked":"SKIP","floor":4},{"not_picked":["Clothesline","Twin Strike","Carnage"],"picked":"SKIP","floor":7},{"not_picked":["Flex","Clash"],"picked":"Feel No Pain","floor":10},{"not_picked":["Body Slam","Flex+1"],"picked":"Exhume+1","floor":12},{"not_picked":["Rupture","Pummel"],"picked":"Warcry+1","floor":14},{"not_picked":["Bludgeon","Exhume+1"],"picked":"Reaper","floor":16},{"not_picked":["Clothesline","Sentinel+1"],"picked":"True Grit+1","floor":18},{"not_picked":["Dropkick","Pommel Strike+1","Sword Boomerang"],"picked":"SKIP","floor":19},{"not_picked":["Pommel Strike","Evolve","Fire Breathing"],"picked":"Singing Bowl","floor":23},{"not_picked":["Flex+1","Blood for Blood"],"picked":"True Grit+1","floor":24},{"not_picked":["Body Slam","Juggernaut"],"picked":"Corruption","floor":25},{"not_picked":["Cleave","Inflame"],"picked":"Shockwave+1","floor":27},{"not_picked":["Power Through+1","Heavy Blade"],"picked":"True Grit+1","floor":29},{"not_picked":["Thunderclap","Hemokinesis","Rage+1"],"picked":"Singing Bowl","floor":30},{"not_picked":["Body Slam+1","Wild Strike"],"picked":"Entrench+1","floor":31},{"not_picked":["Immolate","Feed"],"picked":"Juggernaut","floor":33},{"not_picked":["Spot Weakness+1","Seeing Red+1","True Grit+1"],"picked":"Singing Bowl","floor":35},{"not_picked":["Iron Wave","Perfected Strike","Headbutt"],"picked":"Singing Bowl","floor":36},{"not_picked":["Wild Strike","Battle Trance+1","Sword Boomerang"],"picked":"Singing Bowl","floor":37},{"not_picked":["Body Slam","Flex+1"],"picked":"Entrench+1","floor":39},{"not_picked":["Bloodletting+1","Headbutt","Dropkick"],"picked":"Singing Bowl","floor":40},{"not_picked":["Anger","Body Slam","Warcry+1"],"picked":"Singing Bowl","floor":42},{"not_picked":["Bludgeon","Inflame"],"picked":"Disarm+1","floor":44},{"not_picked":["Havoc+1","Wild Strike+1","Reckless Charge"],"picked":"Singing Bowl","floor":45},{"not_picked":["Pommel Strike","Iron Wave","Thunderclap"],"picked":"Singing Bowl","floor":46},{"not_picked":["Heavy Blade+1","Iron Wave","True Grit+1"],"picked":"Singing Bowl","floor":48},{"not_picked":["Rampage","Dual Wield+1","Entrench+1"],"picked":"Singing Bowl","floor":55}],"player_experience":1357172,"relics_obtained":[{"floor":7,"key":"Thread and Needle"},{"floor":9,"key":"Shovel"},{"floor":10,"key":"Vajra"},{"floor":11,"key":"Toxic Egg 2"},{"floor":14,"key":"Odd Mushroom"},{"floor":15,"key":"Dead Branch"},{"floor":20,"key":"Nunchaku"},{"floor":20,"key":"Pear"},{"floor":23,"key":"Singing Bowl"},{"floor":25,"key":"Du-Vu Doll"},{"floor":26,"key":"Charon\u0027s Ashes"},{"floor":27,"key":"StoneCalendar"},{"floor":32,"key":"Ancient Tea Set"},{"floor":36,"key":"WingedGreaves"},{"floor":40,"key":"Bag of Preparation"},{"floor":41,"key":"Orichalcum"},{"floor":42,"key":"Paper Frog"},{"floor":44,"key":"Ice Cream"},{"floor":45,"key":"Champion Belt"},{"floor":46,"key":"War Paint"},{"floor":55,"key":"Oddly Smooth Stone"}],"event_choices":[{"damage_healed":0,"gold_gain":0,"player_choice":"Bought 3 Potions","damage_taken":0,"max_hp_gain":0,"max_hp_loss":0,"event_name":"The Woman in Blue","floor":2,"gold_loss":0},{"damage_healed":0,"gold_gain":0,"player_choice":"Grow","damage_taken":0,"max_hp_gain":0,"max_hp_loss":0,"event_name":"Living Wall","floor":13,"gold_loss":0,"cards_upgraded":["Rampage"]},{"damage_healed":0,"gold_gain":0,"player_choice":"Fought Mushrooms","damage_taken":0,"max_hp_gain":0,"max_hp_loss":0,"event_name":"Mushrooms","floor":14,"gold_loss":0},{"damage_healed":0,"gold_gain":0,"player_choice":"Fight","damage_taken":0,"max_hp_gain":0,"max_hp_loss":0,"event_name":"Colosseum","floor":20,"gold_loss":0},{"damage_healed":0,"gold_gain":0,"player_choice":"Fought Nobs","damage_taken":0,"max_hp_gain":0,"max_hp_loss":0,"event_name":"Colosseum","floor":20,"gold_loss":0},{"damage_healed":1,"gold_gain":0,"player_choice":"Full Heal","damage_taken":0,"max_hp_gain":0,"max_hp_loss":0,"event_name":"Wheel of Change","floor":22,"gold_loss":0},{"damage_healed":0,"gold_gain":0,"player_choice":"Fight","damage_taken":0,"max_hp_gain":0,"max_hp_loss":0,"event_name":"Mysterious Sphere","floor":36,"gold_loss":0},{"cards_removed":["Thunderclap"],"damage_healed":0,"gold_gain":0,"player_choice":"Removed Attack","damage_taken":0,"max_hp_gain":0,"max_hp_loss":0,"event_name":"Falling","floor":38,"gold_loss":0},{"damage_healed":0,"gold_gain":0,"player_choice":"Max HP","damage_taken":0,"max_hp_gain":0,"max_hp_loss":5,"event_name":"Winding Halls","floor":47,"gold_loss":0}],"is_beta":false,"boss_relics":[{"not_picked":["Black Blood","Eternal Feather"],"picked":"Astrolabe"},{"not_picked":["Philosopher\u0027s Stone","Cursed Key"],"picked":"Snecko Eye"}],"items_purged_floors":[21,54],"is_endless":false,"potions_floor_spawned":[12,14,16,18,24,25,27,29,36,37,40,42,46,48,55],"ascension_level":20}