{"gold_per_floor":[214,26,26,37,51,51,86,86,159,191,203,203,217,252,252,328,328,344,363,33,33,46,46],"floor_reached":23,"playtime":3387,"items_purged":["Strike_B"],"score":411,"play_id":"153b1dd2-12e0-45b6-98c0-c906b2b23fdf","local_time":"20181128174316","is_ascension_mode":true,"campfire_choices":[{"data":"Hologram","floor":6,"key":"SMITH"},{"data":"Static Discharge","floor":8,"key":"SMITH"},{"data":"Coolheaded","floor":12,"key":"SMITH"},{"data":"Echo Form","floor":15,"key":"SMITH"}],"neow_cost":"NONE","seed_source_timestamp":32897686372123,"circlet_count":0,"master_deck":["AscendersBane","Strike_B+1","Strike_B","Strike_B","Defend_B","Defend_B","Defend_B","Defend_B","Zap","Dualcast","Ball Lightning+1","Consume+1","Beam Cell","FTL","Static Discharge+1","Hologram+1","Glacier","Thunder Strike","Coolheaded+1","Turbo","Echo Form+1","Rainbow","Coolheaded","Capacitor","Panacea","Capacitor"],"relics":["Cracked Core","Regal Pillow","Meat on the Bone","DataDisk","Whetstone","Velvet Choker","Bag of Preparation"],"potions_floor_usage":[13,23],"damage_taken":[{"damage":6,"enemies":"2 Louse","floor":1,"turns":3},{"damage":7,"enemies":"Cultist","floor":4,"turns":4},{"damage":7,"enemies":"Jaw Worm","floor":5,"turns":3},{"damage":6,"enemies":"Gremlin Nob","floor":7,"turns":3},{"damage":4,"enemies":"Lagavulin","floor":10,"turns":7},{"damage":17,"enemies":"Exordium Thugs","floor":11,"turns":4},{"damage":11,"enemies":"Gremlin Gang","floor":13,"turns":6},{"damage":11,"enemies":"Gremlin Nob","floor":14,"turns":3},{"damage":17,"enemies":"Hexaghost","floor":16,"turns":9},{"damage":12,"enemies":"Shell Parasite","floor":18,"turns":4},{"damage":0,"enemies":"Chosen","floor":19,"turns":3},{"damage":11,"enemies":"Sentry and Sphere","floor":22,"turns":8},{"damage":45,"enemies":"Gremlin Leader","floor":23,"turns":6}],"seed_played":"5761716386705490194","potions_obtained":[{"floor":7,"key":"LiquidBronze"},{"floor":10,"key":"SkillPotion"},{"floor":22,"key":"SteroidPotion"}],"is_trial":false,"path_per_floor":["M","$","?","M","M","R","E","R","T","E","M","R","M","E","R","B",null,"M","M","$","?","M","E"],"character_chosen":"DEFECT","items_purchased":["Consume","Beam Cell","FTL","Bag of Preparation","Panacea"],"campfire_rested":0,"item_purchase_floors":[2,2,2,20,20],"current_hp_per_floor":[58,58,58,51,44,44,38,38,38,46,41,41,42,43,43,38,63,51,51,51,51,40,0],"gold":46,"neow_bonus":"HUNDRED_GOLD","is_prod":false,"is_daily":false,"chose_seed":false,"campfire_upgraded":4,"win_rate":0,"timestamp":1543423396,"path_taken":["M","$","?","M","M","R","E","R","T","E","M","R","?","E","R","BOSS","M","M","$","?","M","E"],"build_version":"2018-11-15","purchased_purges":1,"victory":false,"max_hp_per_floor":[71,71,71,71,71,71,71,71,71,71,71,71,71,71,71,71,71,71,71,71,71,71,71],"card_choices":[{"not_picked":["Barrage","Steam"],"picked":"Ball Lightning","floor":1},{"not_picked":["Rebound","Steam Power"],"picked":"Static Discharge","floor":4},{"not_picked":["Leap","Gash"],"picked":"Hologram","floor":5},{"not_picked":["Blizzard","Auto Shields"],"picked":"Glacier","floor":7},{"not_picked":["Streamline","Barrage"],"picked":"Thunder Strike","floor":10},{"not_picked":["Barrage","Consume"],"picked":"Coolheaded","floor":11},{"not_picked":["Leap","Hello World"],"picked":"Turbo","floor":13},{"not_picked":["Stack","Auto Shields"],"picked":"Echo Form","floor":14},{"not_picked":["Hyperbeam","Machine Learning"],"picked":"Rainbow","floor":16},{"not_picked":["Hologram","Compile Driver"],"picked":"Coolheaded","floor":18},{"not_picked":["Compile Driver","Rebound"],"picked":"Capacitor","floor":19},{"not_picked":["Go for the Eyes","Coolheaded+1"],"picked":"Capacitor","floor":22}],"player_experience":906796,"relics_obtained":[{"floor":7,"key":"Regal Pillow"},{"floor":9,"key":"Meat on the Bone"},{"floor":10,"key":"DataDisk"},{"floor":14,"key":"Whetstone"}],"event_choices":[{"damage_healed":0,"gold_gain":0,"player_choice":"Upgraded","damage_taken":0,"max_hp_gain":0,"max_hp_loss":0,"event_name":"Upgrade Shrine","floor":3,"gold_loss":0,"cards_upgraded":["Consume"]},{"damage_healed":0,"gold_gain":0,"player_choice":"Ignored","damage_taken":0,"max_hp_gain":0,"max_hp_loss":0,"event_name":"Beggar","floor":21,"gold_loss":0}],"is_beta":true,"boss_relics":[{"not_picked":["Lizard Tail","Eternal Feather"],"picked":"Velvet Choker"}],"items_purged_floors":[20],"is_endless":false,"potions_floor_spawned":[7,10,22],"killed_by":"Gremlin Leader","ascension_level":19}