{"gold_per_floor":[209,228,16,28,41,41,105,124,177,212,212,243,243,256,256,332,332,345,321,156,176,19,19,54,67,67,81,91,91,104,54,54,126,126,141,141,141,41,58,58,0,19,96,109,109],"floor_reached":45,"playtime":2151,"items_purged":["Strike_R","Strike_R"],"score":998,"play_id":"2583e4d2-372f-4005-a6b5-8c2dd4e989fe","local_time":"20190302154109","is_ascension_mode":true,"campfire_choices":[{"data":"Uppercut","floor":6.0,"key":"SMITH"},{"floor":13.0,"key":"REST"},{"data":"Armaments","floor":15.0,"key":"SMITH"},{"data":"Inflame","floor":23.0,"key":"SMITH"},{"floor":29,"key":"REST"},{"floor":32,"key":"REST"},{"data":"Limit Break","floor":40,"key":"SMITH"}],"neow_cost":"NONE","seed_source_timestamp":0,"circlet_count":0,"master_deck":["AscendersBane","Strike_R","Strike_R","Defend_R","Defend_R","Defend_R","Defend_R","Bash+1","Shrug It Off","Sword Boomerang+1","Hemokinesis","Metallicize","Headbutt","Uppercut+1","Feed","Armaments+1","Inflame+1","Double Tap","Battle Trance+1","Inflame","Twin Strike+1","Heavy Blade+1","Limit Break+1","Thinking Ahead"],"special_seed":0,"relics":["Burning Blood","Blue Candle","Blood Vial","Pen Nib","Art of War","Velvet Choker","Bag of Preparation","Ancient Tea Set","Whetstone","Busted Crown","Red Mask"],"potions_floor_usage":[27,28,28,33,45,45],"damage_taken":[{"damage":13.0,"enemies":"Jaw Worm","floor":1.0,"turns":7.0},{"damage":0.0,"enemies":"2 Louse","floor":2.0,"turns":3.0},{"damage":3.0,"enemies":"Cultist","floor":4.0,"turns":4.0},{"damage":28.0,"enemies":"Lots of Slimes","floor":5.0,"turns":6.0},{"damage":29.0,"enemies":"Gremlin Nob","floor":7.0,"turns":4.0},{"damage":6.0,"enemies":"Blue Slaver","floor":8.0,"turns":6.0},{"damage":24.0,"enemies":"3 Sentries","floor":10.0,"turns":12.0},{"damage":8.0,"enemies":"Gremlin Nob","floor":12.0,"turns":3.0},{"damage":4.0,"enemies":"Red Slaver","floor":14.0,"turns":7.0},{"damage":23.0,"enemies":"The Guardian","floor":16.0,"turns":17.0},{"damage":20.0,"enemies":"Shell Parasite","floor":18.0,"turns":3.0},{"damage":17.0,"enemies":"2 Thieves","floor":19.0,"turns":4.0},{"damage":27.0,"enemies":"Sentry and Sphere","floor":21.0,"turns":7.0},{"damage":25.0,"enemies":"Book of Stabbing","floor":24.0,"turns":4.0},{"damage":30,"enemies":"Centurion and Healer","floor":25,"turns":4},{"damage":7,"enemies":"Snake Plant","floor":27,"turns":4},{"damage":17,"enemies":"Shelled Parasite and Fungi","floor":28,"turns":9},{"damage":7,"enemies":"Centurion and Healer","floor":30,"turns":3},{"damage":42,"enemies":"Collector","floor":33,"turns":4},{"damage":28,"enemies":"3 Darklings","floor":35,"turns":4},{"damage":14,"enemies":"3 Shapes","floor":39,"turns":6},{"damage":24,"enemies":"Jaw Worm Horde","floor":42,"turns":4},{"damage":21,"enemies":"Writhing Mass","floor":44,"turns":5},{"damage":58,"enemies":"Reptomancer","floor":45,"turns":2}],"seed_played":"-5514018602486618176","potions_obtained":[{"floor":4.0,"key":"GamblersBrew"},{"floor":5.0,"key":"Fruit Juice"},{"floor":7.0,"key":"Swift Potion"},{"floor":14.0,"key":"LiquidBronze"},{"floor":19.0,"key":"Block Potion"},{"floor":24.0,"key":"Swift Potion"},{"floor":27,"key":"BloodPotion"},{"floor":28,"key":"Strength Potion"},{"floor":39,"key":"FearPotion"},{"floor":42,"key":"Block Potion"}],"is_trial":false,"path_per_floor":["M","M","$","M","M","R","?","M","T","E","?","E","R","M","R","B",null,"M","M","$","M","$","R","E","M","T","M","M","R","M","?","R","B",null,"M","?","?","$","M","R","?","M","T","M","E"],"character_chosen":"IRONCLAD","items_purchased":["Hemokinesis","Metallicize","Fire Potion","Inflame","Bag of Preparation"],"campfire_rested":3,"item_purchase_floors":[3,3,3,20,22],"current_hp_per_floor":[61,67,67,70,48,48,30,33,33,20,20,20,45,52,52,41,80,71,65,65,50,50,50,37,18,18,23,29,64,68,68,104,70,108,92,82,82,82,79,79,79,66,66,53,0],"gold":109,"neow_bonus":"HUNDRED_GOLD","is_prod":false,"is_daily":false,"chose_seed":false,"campfire_upgraded":4,"win_rate":0,"timestamp":1551537669,"path_taken":["M","M","$","M","M","R","?","M","T","E","?","E","R","M","R","BOSS","M","?","?","M","$","R","E","M","T","M","M","R","M","?","R","BOSS","M","?","?","$","M","R","?","M","T","M","E"],"build_version":"2019-01-23","purchased_purges":2,"victory":false,"max_hp_per_floor":[75,75,75,75,75,75,80,83,83,86,86,86,86,89,89,93,93,96,99,99,103,103,103,107,110,110,114,118,118,121,121,121,121,121,125,125,125,125,128,128,128,131,131,131,131],"card_choices":[{"not_picked":["Thunderclap","Heavy Blade"],"picked":"Shrug It Off","floor":1.0},{"not_picked":["Headbutt","Sever Soul"],"picked":"Sword Boomerang","floor":2.0},{"not_picked":["Combust","Thunderclap"],"picked":"Headbutt","floor":4.0},{"not_picked":["Heavy Blade","Whirlwind"],"picked":"Uppercut","floor":5.0},{"not_picked":["Evolve","Armaments"],"picked":"Feed","floor":7.0},{"not_picked":["Perfected Strike","Pommel Strike"],"picked":"Armaments","floor":8.0},{"not_picked":["Rupture","Feel No Pain"],"picked":"Inflame","floor":10.0},{"not_picked":["Cleave","Clash","Thunderclap"],"picked":"SKIP","floor":12.0},{"not_picked":["Thunderclap","Entrench","True Grit"],"picked":"SKIP","floor":14.0},{"not_picked":["Dark Embrace","Feed"],"picked":"Double Tap","floor":16.0},{"not_picked":["Intimidate+1","Armaments"],"picked":"Battle Trance+1","floor":18.0},{"not_picked":["Perfected Strike","Second Wind","Pommel Strike+1"],"picked":"SKIP","floor":19.0},{"not_picked":["Hemokinesis","Intimidate","Pommel Strike"],"picked":"SKIP","floor":21.0},{"not_picked":["Wild Strike","Clash"],"picked":"Twin Strike+1","floor":24.0},{"not_picked":["Flex","Wild Strike+1","Fire Breathing"],"picked":"SKIP","floor":25},{"not_picked":["Havoc","Headbutt"],"picked":"Heavy Blade+1","floor":27},{"not_picked":["Body Slam","Berserk","Thunderclap"],"picked":"SKIP","floor":28},{"not_picked":["Twin Strike","Iron Wave","Warcry"],"picked":"SKIP","floor":30},{"not_picked":["Offering","Juggernaut"],"picked":"Limit Break","floor":33},{"not_picked":["Perfected Strike"],"picked":"SKIP","floor":35},{"not_picked":[],"picked":"Thinking Ahead","floor":36},{"not_picked":["Clash"],"picked":"SKIP","floor":39},{"not_picked":["Evolve"],"picked":"SKIP","floor":42},{"not_picked":["Sentinel"],"picked":"SKIP","floor":44}],"player_experience":1355021,"relics_obtained":[{"floor":9.0,"key":"Blood Vial"},{"floor":10.0,"key":"Pen Nib"},{"floor":12.0,"key":"Art of War"},{"floor":24.0,"key":"Ancient Tea Set"},{"floor":26,"key":"Whetstone"}],"event_choices":[{"damage_healed":0.0,"max_hp_gain":0.0,"max_hp_loss":0.0,"gold_gain":0.0,"event_name":"Dead Adventurer","player_choice":"Searched \u00272\u0027 times","floor":7.0,"gold_loss":0.0,"damage_taken":0.0,"relics_obtained":["Blue Candle"]},{"cards_removed":["Strike_R"],"damage_healed":0.0,"max_hp_gain":0.0,"max_hp_loss":0.0,"gold_gain":0.0,"event_name":"Purifier","player_choice":"Purged","floor":11.0,"gold_loss":0.0,"damage_taken":0.0},{"damage_healed":0,"gold_gain":0,"player_choice":"Bet on Murderer","damage_taken":0,"max_hp_gain":0,"max_hp_loss":0,"event_name":"The Joust","floor":31,"gold_loss":50},{"damage_healed":0,"gold_gain":0,"player_choice":"Memory 3","damage_taken":10,"max_hp_gain":0,"max_hp_loss":0,"event_name":"SensoryStone","floor":36,"gold_loss":0},{"damage_healed":0,"gold_gain":0,"player_choice":"Ignored","damage_taken":0,"max_hp_gain":0,"max_hp_loss":0,"event_name":"Mysterious Sphere","floor":37,"gold_loss":0},{"damage_healed":0,"gold_gain":0,"player_choice":"Paid","damage_taken":0,"relics_obtained":["Red Mask"],"max_hp_gain":0,"max_hp_loss":0,"event_name":"Tomb of Lord Red Mask","floor":41,"gold_loss":58}],"is_beta":false,"boss_relics":[{"not_picked":["Black Blood","Runic Cube"],"picked":"Velvet Choker"},{"not_picked":["Pandora\u0027s Box","Empty Cage"],"picked":"Busted Crown"}],"items_purged_floors":[20,38],"is_endless":false,"potions_floor_spawned":[4,5,7,14,19,24,27,28,39,42],"killed_by":"Reptomancer","ascension_level":20}