{"gold_per_floor":[115,65,75,89,109,140,140,172,172,172],"floor_reached":10,"playtime":567,"items_purged":[],"score":129,"play_id":"5f30c4eb-38f8-47c1-817a-4b243813cfba","local_time":"20181019200833","is_ascension_mode":true,"campfire_choices":[],"neow_cost":"NONE","seed_source_timestamp":4858852928863,"circlet_count":0,"master_deck":["Defend_G","Defend_G","Strike_G","Strike_G","Strike_G","Survivor","Neutralize","AscendersBane","Cloak And Dagger+1","Noxious Fumes+1","Skewer+1","Footwork","Blade Dance","Dash","Footwork","Backflip","Reflex","Blade Dance"],"relics":["Astrolabe","Bottled Lightning","Darkstone Periapt","Dodecahedron"],"potions_floor_usage":[3,5,6],"damage_taken":[{"damage":1,"enemies":"2 Louse","floor":1,"turns":3},{"damage":0,"enemies":"Small Slimes","floor":3,"turns":2},{"damage":0,"enemies":"Jaw Worm","floor":4,"turns":4},{"damage":0,"enemies":"Gremlin Gang","floor":5,"turns":4},{"damage":14,"enemies":"3 Sentries","floor":6,"turns":6},{"damage":29,"enemies":"Gremlin Nob","floor":8,"turns":5},{"damage":20,"enemies":"3 Sentries","floor":10,"turns":4}],"seed_played":"8876291962036994427","potions_obtained":[{"floor":1,"key":"Explosive Potion"},{"floor":4,"key":"Energy Potion"},{"floor":5,"key":"Poison Potion"}],"is_trial":false,"path_per_floor":["M","?","M","M","M","E","?","E","T"],"character_chosen":"THE_SILENT","items_purchased":[],"campfire_rested":0,"item_purchase_floors":[],"current_hp_per_floor":[62,62,62,62,62,48,48,19,19,0],"gold":172,"neow_bonus":"BOSS_RELIC","is_prod":false,"is_daily":false,"chose_seed":false,"campfire_upgraded":0,"win_rate":0,"timestamp":1539972513,"path_taken":["M","?","M","M","M","E","?","E","T","E"],"build_version":"2018-10-18","purchased_purges":0,"victory":false,"max_hp_per_floor":[70,70,70,70,70,70,70,70,70,70],"card_choices":[{"not_picked":["Dash","Slice"],"picked":"Footwork","floor":1},{"not_picked":["Concentrate","Outmaneuver"],"picked":"Blade Dance","floor":3},{"not_picked":["Calculated Gamble","Cloak And Dagger"],"picked":"Dash","floor":4},{"not_picked":["Blur","Dodge and Roll"],"picked":"Footwork","floor":5},{"not_picked":["Dagger Spray","Bouncing Flask"],"picked":"Backflip","floor":6},{"not_picked":["Outmaneuver","Storm of Steel"],"picked":"Blade Dance","floor":8}],"player_experience":658866,"relics_obtained":[{"floor":6,"key":"Bottled Lightning"},{"floor":8,"key":"Darkstone Periapt"},{"floor":9,"key":"Dodecahedron"}],"event_choices":[{"cards_removed":["Strike_G"],"damage_healed":0,"gold_gain":0,"player_choice":"Card Removal","damage_taken":0,"max_hp_gain":0,"max_hp_loss":0,"event_name":"The Cleric","floor":2,"gold_loss":50},{"damage_healed":0,"gold_gain":0,"cards_transformed":["Defend_G"],"player_choice":"Transformed","damage_taken":0,"max_hp_gain":0,"max_hp_loss":0,"event_name":"Transmorgrifier","floor":7,"gold_loss":0,"cards_obtained":["Reflex"]}],"is_beta":true,"boss_relics":[],"items_purged_floors":[],"is_endless":false,"potions_floor_spawned":[1,4,5],"killed_by":"3 Sentries","ascension_level":13}