{"gold_per_floor":[118,129,145,162,179,205,205,56,56,56,75,95,124,134,134,233,233,251,264,264,281,281],"floor_reached":22,"playtime":1637,"items_purged":["Strike_G"],"score":222,"play_id":"48876e76-610a-4a1c-9ff1-f7b5d6cea475","local_time":"20190922223001","is_ascension_mode":true,"campfire_choices":[{"data":"Neutralize","floor":7,"key":"SMITH"},{"data":"Cloak And Dagger","floor":15,"key":"SMITH"}],"neow_cost":"NONE","seed_source_timestamp":953352572225400,"circlet_count":0,"master_deck":["Strike_G","Strike_G","Defend_G","Defend_G","Defend_G","Defend_G","Defend_G","Survivor","Neutralize+1","Dagger Spray","Poisoned Stab","Backstab","Escape Plan","All Out Attack","Predator","Accuracy","Noxious Fumes","Cloak And Dagger+1","Dagger Throw","Expertise","Envenom","Escape Plan+1","Blade Dance","Decay","Backstab+1"],"relics":["Ring of the Snake","Ninja Scroll","Ginger","Black Star"],"potions_floor_usage":[21,22,22,22],"damage_taken":[{"damage":3,"enemies":"Cultist","floor":1,"turns":5},{"damage":2,"enemies":"2 Louse","floor":2,"turns":2},{"damage":1,"enemies":"Jaw Worm","floor":3,"turns":3},{"damage":1,"enemies":"Red Slaver","floor":4,"turns":4},{"damage":0,"enemies":"Blue Slaver","floor":5,"turns":3},{"damage":5,"enemies":"3 Sentries","floor":6,"turns":5},{"damage":0,"enemies":"2 Fungi Beasts","floor":11,"turns":2},{"damage":0,"enemies":"Looter","floor":12,"turns":1},{"damage":9,"enemies":"Gremlin Nob","floor":13,"turns":4},{"damage":2,"enemies":"Blue Slaver","floor":14,"turns":2},{"damage":13,"enemies":"Slime Boss","floor":16,"turns":7},{"damage":27,"enemies":"Shell Parasite","floor":18,"turns":5},{"damage":0,"enemies":"Chosen","floor":19,"turns":4},{"damage":17,"enemies":"Snecko","floor":21,"turns":5},{"damage":26,"enemies":"Sentry and Sphere","floor":22,"turns":5}],"seed_played":"2062932059792049114","potions_obtained":[{"floor":1,"key":"LiquidBronze"},{"floor":3,"key":"Weak Potion"},{"floor":12,"key":"Dexterity Potion"},{"floor":21,"key":"EntropicBrew"}],"is_trial":false,"path_per_floor":["M","M","M","M","M","E","R","$","T","?","M","M","E","M","R","B",null,"M","M","?","M","M"],"character_chosen":"THE_SILENT","items_purchased":["Accuracy"],"campfire_rested":0,"item_purchase_floors":[8],"current_hp_per_floor":[67,65,64,63,63,58,58,58,58,58,58,58,49,47,47,34,70,43,43,43,26,0],"gold":281,"neow_bonus":"REMOVE_CARD","is_prod":false,"is_daily":false,"chose_seed":false,"campfire_upgraded":2,"win_rate":0,"timestamp":1569202201,"path_taken":["M","M","M","M","?","E","R","$","T","?","M","M","E","M","R","BOSS","M","M","?","?","M"],"build_version":"2019-07-17","purchased_purges":1,"victory":false,"max_hp_per_floor":[70,70,70,70,70,70,70,70,70,70,70,70,70,70,70,70,70,70,70,70,70,70],"card_choices":[{"not_picked":["Reflex","Caltrops"],"picked":"Dagger Spray","floor":1},{"not_picked":["Deflect","Acrobatics"],"picked":"Poisoned Stab","floor":2},{"not_picked":["Poisoned Stab","Prepared"],"picked":"Backstab","floor":3},{"not_picked":["Distraction","Deflect"],"picked":"Escape Plan","floor":4},{"not_picked":["Flying Knee","Dash"],"picked":"All Out Attack","floor":5},{"not_picked":["Flechettes","Prepared"],"picked":"Predator","floor":6},{"not_picked":["Outmaneuver","Footwork"],"picked":"Noxious Fumes","floor":11},{"not_picked":["Slice","Backflip"],"picked":"Cloak And Dagger","floor":12},{"not_picked":["Corpse Explosion","Blur"],"picked":"Dagger Throw","floor":13},{"not_picked":["Deadly Poison","Riddle With Holes"],"picked":"Expertise","floor":14},{"not_picked":["Tools of the Trade","Corpse Explosion"],"picked":"Envenom","floor":16},{"not_picked":["Masterful Stab","Acrobatics"],"picked":"Escape Plan+1","floor":18},{"not_picked":["Escape Plan","Underhanded Strike+1"],"picked":"Blade Dance","floor":19},{"not_picked":["Outmaneuver","Finisher"],"picked":"Backstab+1","floor":21}],"player_experience":90977,"relics_obtained":[{"floor":6,"key":"Ninja Scroll"},{"floor":13,"key":"Ginger"}],"event_choices":[{"cards_removed":["Strike_G"],"damage_healed":0,"gold_gain":0,"player_choice":"Forget","damage_taken":0,"max_hp_gain":0,"max_hp_loss":0,"event_name":"Living Wall","floor":10,"gold_loss":0},{"damage_healed":0,"gold_gain":0,"player_choice":"Cursed","damage_taken":0,"max_hp_gain":0,"max_hp_loss":0,"event_name":"Wheel of Change","floor":20,"gold_loss":0,"cards_obtained":["Decay"]}],"is_beta":false,"boss_relics":[{"not_picked":["Cursed Key","Ectoplasm"],"picked":"Black Star"}],"items_purged_floors":[8],"is_endless":false,"potions_floor_spawned":[1,3,12,14,16,21],"killed_by":"Sentry and Sphere","ascension_level":2}