{"gold_per_floor":[117,46,64,29,29,29,29,29,53,53,67,94,94,106,106,203,203,214,214,214,232,249,249,249],"floor_reached":24,"playtime":1949,"items_purged":[],"score":301,"play_id":"0b96ae58-5ada-45b1-80db-71cb6b321d9a","local_time":"20180924135330","is_ascension_mode":true,"campfire_choices":[{"data":"Noxious Fumes","floor":6,"key":"SMITH"},{"data":"Distraction","floor":8,"key":"SMITH"},{"data":"Deadly Poison","floor":10,"key":"SMITH"},{"data":"Bouncing Flask","floor":15,"key":"SMITH"},{"data":"After Image","floor":23,"key":"SMITH"}],"neow_cost":"NONE","seed_source_timestamp":19206728948364,"circlet_count":0,"master_deck":["Defend_G+1","Defend_G+1","Defend_G+1","Defend_G+1","Defend_G+1","Strike_G+1","Strike_G+1","Strike_G+1","Strike_G+1","Survivor","Neutralize+1","AscendersBane","Deadly Poison+1","Noxious Fumes+1","Distraction+1","Slice","Adrenaline","Bouncing Flask+1","After Image+1","Poisoned Stab","Terror+1","Quick Slash+1"],"relics":["Whetstone","Dead Branch","WristBlade","Nloth\u0027s Gift"],"potions_floor_usage":[24,24],"damage_taken":[{"damage":3,"enemies":"Small Slimes","floor":1,"turns":4},{"damage":0,"enemies":"2 Louse","floor":3,"turns":4},{"damage":0,"enemies":"Jaw Worm","floor":11,"turns":3},{"damage":36,"enemies":"Lagavulin","floor":12,"turns":7},{"damage":0,"enemies":"Looter","floor":14,"turns":3},{"damage":5,"enemies":"The Guardian","floor":16,"turns":7},{"damage":0,"enemies":"Spheric Guardian","floor":18,"turns":3},{"damage":3,"enemies":"Shell Parasite","floor":21,"turns":4},{"damage":10,"enemies":"Snake Plant","floor":22,"turns":3},{"damage":63,"enemies":"Gremlin Leader","floor":24,"turns":6}],"seed_played":"8071626355514035867","potions_obtained":[{"floor":3,"key":"SpeedPotion"}],"is_trial":false,"path_per_floor":["M","$","M","?","?","R","?","R","T","R","M","E","?","M","R","B",null,"M","?","?","M","M","R"],"character_chosen":"THE_SILENT","items_purchased":["Noxious Fumes"],"campfire_rested":0,"item_purchase_floors":[2],"current_hp_per_floor":[60,60,60,70,75,75,75,75,75,75,75,39,39,39,39,34,65,65,65,65,62,52,52,0],"gold":249,"neow_bonus":"UPGRADE_CARD","is_prod":false,"is_daily":false,"chose_seed":false,"campfire_upgraded":5,"win_rate":0,"timestamp":1537790010,"path_taken":["M","$","M","?","?","R","?","R","T","R","M","E","?","M","R","BOSS","M","?","?","M","?","R","E"],"build_version":"2018-09-20","purchased_purges":0,"victory":false,"max_hp_per_floor":[70,70,70,70,75,75,75,75,75,75,75,75,75,75,75,75,75,75,75,75,75,75,75,75],"card_choices":[{"not_picked":["Dagger Throw","Flying Knee"],"picked":"Deadly Poison","floor":1},{"not_picked":["PiercingWail","Crippling Poison"],"picked":"Distraction","floor":3},{"not_picked":["Deflect","PiercingWail"],"picked":"Slice","floor":11},{"not_picked":["Sucker Punch","Dash"],"picked":"Adrenaline","floor":12},{"not_picked":["Blur","Escape Plan"],"picked":"Bouncing Flask","floor":14},{"not_picked":["Wraith Form v2","Bullet Time"],"picked":"After Image","floor":16},{"not_picked":["Heel Hook","Flechettes"],"picked":"Poisoned Stab","floor":18},{"not_picked":["Backflip","Deadly Poison+1"],"picked":"Terror+1","floor":21},{"not_picked":["Underhanded Strike","Dodge and Roll+1"],"picked":"Quick Slash+1","floor":22}],"player_experience":517373,"relics_obtained":[{"floor":9,"key":"Whetstone"},{"floor":12,"key":"Dead Branch"}],"event_choices":[{"event_name":"The Cleric","player_choice":"Healed","floor":4,"damage_taken":0},{"event_name":"Big Fish","player_choice":"Donut","floor":5,"damage_taken":0},{"event_name":"Golden Wing","player_choice":"Ignored","floor":7,"damage_taken":0},{"event_name":"Bonfire Elementals","player_choice":"BASIC","floor":13,"damage_taken":0},{"event_name":"N\u0027loth","player_choice":"Traded a Ring of the Snake","floor":19,"damage_taken":0},{"event_name":"Back to Basics","player_choice":"Simplicity","floor":20,"damage_taken":0}],"is_beta":true,"boss_relics":[{"not_picked":["Eternal Feather","Snecko Eye"],"picked":"WristBlade"}],"items_purged_floors":[],"is_endless":false,"potions_floor_spawned":[3,16,18],"killed_by":"Gremlin Leader","ascension_level":11}