{"gold_per_floor":[109,109,128,0,10,10,10,41,41,41,56,82,82,111,111,189,189,204,218,218,231,248,277,287,287,310,360,376,376,291,324,324,396,396,411,217,217,234,67,96,96,109,109,128,456,475,490,519,519,519,519,519,519,8,38,38],"floor_reached":57,"playtime":2563,"items_purged":["Strike_G","Strike_G","Strike_G"],"score":3029,"play_id":"506203ed-972f-4e4a-ba51-07645159e13d","local_time":"20190401233251","is_ascension_mode":true,"campfire_choices":[{"data":"Neutralize","floor":6.0,"key":"SMITH"},{"data":"All Out Attack","floor":10.0,"key":"SMITH"},{"data":"Noxious Fumes","floor":13.0,"key":"SMITH"},{"data":"Backflip","floor":15.0,"key":"SMITH"},{"floor":25.0,"key":"REST"},{"floor":29.0,"key":"REST"},{"floor":32.0,"key":"RECALL"},{"floor":49,"key":"REST"},{"floor":53,"key":"REST"}],"neow_cost":"NONE","seed_source_timestamp":0,"circlet_count":0,"master_deck":["AscendersBane","Defend_G+1","Defend_G","Defend_G","Defend_G","Defend_G","Strike_G","Survivor+1","Neutralize+1","All Out Attack+1","Backflip+1","Adrenaline","Cloak And Dagger+1","Noxious Fumes+1","Venomology+1","Calculated Gamble+1","Ghostly+1","Ghostly+1","Ghostly+1","Deadly Poison+1","Bouncing Flask+1","Acrobatics+1","Noxious Fumes","Bouncing Flask+1","Corpse Explosion+1","Panacea+1","Crippling Poison+1","Noxious Fumes","Deflect+1"],"special_seed":0,"relics":["Ring of the Snake","Anchor","Ninja Scroll","Toxic Egg 2","Art of War","Letter Opener","Fusion Hammer","Bronze Scales","Boot","Orichalcum","Oddly Smooth Stone","Black Star","Snake Skull","Incense Burner","Bottled Lightning","Paper Crane","Potion Belt","Old Coin","Juzu Bracelet","Smiling Mask","Mummified Hand","Vajra","War Paint"],"potions_floor_usage":[33,33,38,40,44,50,50,51,55,56,56,56,56,56,56,56,56],"damage_taken":[{"damage":3.0,"enemies":"2 Louse","floor":1.0,"turns":4.0},{"damage":0.0,"enemies":"Small Slimes","floor":3.0,"turns":2.0},{"damage":0.0,"enemies":"Jaw Worm","floor":5.0,"turns":4.0},{"damage":3.0,"enemies":"Gremlin Nob","floor":8.0,"turns":3.0},{"damage":0.0,"enemies":"Exordium Thugs","floor":11.0,"turns":3.0},{"damage":7.0,"enemies":"3 Sentries","floor":12.0,"turns":7.0},{"damage":24.0,"enemies":"Lagavulin","floor":14.0,"turns":7.0},{"damage":3.0,"enemies":"The Guardian","floor":16.0,"turns":12.0},{"damage":2.0,"enemies":"2 Thieves","floor":18.0,"turns":3.0},{"damage":5.0,"enemies":"Shell Parasite","floor":19.0,"turns":4.0},{"damage":0.0,"enemies":"Centurion and Healer","floor":21.0,"turns":9.0},{"damage":24.0,"enemies":"Cultist and Chosen","floor":22.0,"turns":9.0},{"damage":3.0,"enemies":"Book of Stabbing","floor":23.0,"turns":5.0},{"damage":0.0,"enemies":"Sentry and Sphere","floor":24.0,"turns":4.0},{"damage":0.0,"enemies":"Centurion and Healer","floor":28.0,"turns":6.0},{"damage":0.0,"enemies":"Gremlin Leader","floor":31.0,"turns":4.0},{"damage":23,"enemies":"Collector","floor":33,"turns":6},{"damage":0,"enemies":"3 Shapes","floor":35,"turns":2},{"damage":0,"enemies":"Orb Walker","floor":38,"turns":3},{"damage":0,"enemies":"Nemesis","floor":40,"turns":5},{"damage":0,"enemies":"4 Shapes","floor":42,"turns":2},{"damage":0,"enemies":"Spire Growth","floor":44,"turns":4},{"damage":0,"enemies":"Reptomancer","floor":45,"turns":5},{"damage":0,"enemies":"3 Darklings","floor":46,"turns":2},{"damage":0,"enemies":"Writhing Mass","floor":47,"turns":4},{"damage":0,"enemies":"Nemesis","floor":48,"turns":5},{"damage":9,"enemies":"Donu and Deca","floor":50,"turns":8},{"damage":24,"enemies":"Awakened One","floor":51,"turns":13},{"damage":1,"enemies":"Shield and Spear","floor":55,"turns":5},{"damage":31,"enemies":"The Heart","floor":56,"turns":8}],"seed_played":"2105315041058193597","potions_obtained":[{"floor":1.0,"key":"Fruit Juice"},{"floor":3.0,"key":"FearPotion"},{"floor":12.0,"key":"Dexterity Potion"},{"floor":14.0,"key":"FearPotion"},{"floor":18.0,"key":"Dexterity Potion"},{"floor":24.0,"key":"GamblersBrew"},{"floor":33,"key":"Poison Potion"},{"floor":38,"key":"PowerPotion"},{"floor":46,"key":"Block Potion"},{"floor":55,"key":"GamblersBrew"}],"is_trial":false,"path_per_floor":["M","?","M","$","M","R","$","E","T","R","M","E","R","E","R","B",null,"M","M","?","M","M","E","M","R","T","?","M","R","?","E","R","B",null,"M","$","?","M","$","E","T","M","T","M","E","M","M","E","R","B","B",null,"R","$","E","B",null],"character_chosen":"THE_SILENT","items_purchased":["AttackPotion","Panacea+1","Snake Skull","PowerPotion","Noxious Fumes","Mummified Hand","Deflect+1"],"campfire_rested":4,"item_purchase_floors":[4,36,39,54,54,54,54],"current_hp_per_floor":[56,61,61,66,66,66,66,63,63,63,63,56,56,32,32,29,64,62,57,38,38,14,11,11,22,22,22,22,33,33,33,33,10,31,31,31,31,31,31,31,31,31,31,31,31,31,31,31,38,29,5,30,38,38,37,21],"gold":38,"neow_bonus":"RANDOM_COMMON_RELIC","is_prod":false,"is_daily":false,"chose_seed":false,"campfire_upgraded":4,"win_rate":0,"timestamp":1554154371,"path_taken":["M","?","M","$","M","R","$","E","T","R","M","E","R","E","R","BOSS","M","M","?","M","M","E","M","R","T","?","M","R","?","E","R","BOSS","M","$","?","M","$","E","?","M","T","M","E","M","M","E","R","BOSS","BOSS","R","$","E","BOSS"],"build_version":"2019-01-23","purchased_purges":3,"victory":true,"max_hp_per_floor":[66,71,71,76,76,76,76,76,76,76,76,76,76,76,76,76,76,76,76,38,38,38,38,38,38,38,38,38,38,38,38,38,38,38,38,38,38,38,38,38,38,38,38,38,38,38,38,38,38,38,38,38,38,38,38,38],"card_choices":[{"not_picked":["Accuracy","Quick Slash"],"picked":"All Out Attack","floor":1.0},{"not_picked":["Tactician","Outmaneuver"],"picked":"Backflip","floor":3.0},{"not_picked":["Choke","Blade Dance","Setup"],"picked":"SKIP","floor":5.0},{"not_picked":["Underhanded Strike","Endless Agony"],"picked":"Adrenaline","floor":8.0},{"not_picked":["Calculated Gamble+1","Underhanded Strike"],"picked":"Cloak And Dagger+1","floor":11.0},{"not_picked":["Die Die Die","Masterful Stab"],"picked":"Noxious Fumes","floor":12.0},{"not_picked":["Reflex+1","Concentrate+1","Sucker Punch"],"picked":"SKIP","floor":14.0},{"not_picked":["Phantasmal Killer+1","Grand Finale"],"picked":"Venomology+1","floor":16.0},{"not_picked":["Flechettes","Quick Slash","Flying Knee"],"picked":"SKIP","floor":18.0},{"not_picked":["Sucker Punch","Dagger Spray"],"picked":"Calculated Gamble+1","floor":19.0},{"not_picked":["Bullet Time+1","Blur+1"],"picked":"Deadly Poison+1","floor":21.0},{"not_picked":["Terror+1","Riddle With Holes","Sucker Punch"],"picked":"SKIP","floor":22.0},{"not_picked":["Dagger Throw","Escape Plan+1"],"picked":"Bouncing Flask+1","floor":23.0},{"not_picked":["Infinite Blades","Concentrate+1"],"picked":"Acrobatics+1","floor":24.0},{"not_picked":["Prepared+1","Heel Hook"],"picked":"Noxious Fumes","floor":28.0},{"not_picked":["Concentrate+1","Acrobatics+1"],"picked":"Bouncing Flask+1","floor":31.0},{"not_picked":["Envenom","Adrenaline+1"],"picked":"Corpse Explosion+1","floor":33},{"not_picked":["Dagger Throw","Underhanded Strike","Distraction+1"],"picked":"SKIP","floor":35},{"not_picked":["Flechettes","Bouncing Flask+1","Dagger Spray"],"picked":"SKIP","floor":38},{"not_picked":["Deadly Poison+1","Outmaneuver+1","Flying Knee"],"picked":"SKIP","floor":40},{"not_picked":["Outmaneuver+1","Dagger Throw+1","Doppelganger+1"],"picked":"SKIP","floor":42},{"not_picked":["Dagger Throw","Endless Agony","Blade Dance+1"],"picked":"SKIP","floor":44},{"not_picked":["Outmaneuver+1","Underhanded Strike","Flechettes"],"picked":"SKIP","floor":45},{"not_picked":["Endless Agony","Distraction+1"],"picked":"Crippling Poison+1","floor":46},{"not_picked":["Sucker Punch","Blade Dance+1","Deadly Poison+1"],"picked":"SKIP","floor":47},{"not_picked":["Poisoned Stab","Reflex+1","Bane"],"picked":"SKIP","floor":48},{"not_picked":["Setup+1","Prepared+1","Bane"],"picked":"SKIP","floor":55}],"player_experience":1516318,"relics_obtained":[{"floor":8.0,"key":"Ninja Scroll"},{"floor":9.0,"key":"Toxic Egg 2"},{"floor":12.0,"key":"Art of War"},{"floor":14.0,"key":"Letter Opener"},{"floor":23.0,"key":"Bronze Scales"},{"floor":26.0,"key":"Boot"},{"floor":31.0,"key":"Oddly Smooth Stone"},{"floor":40,"key":"Incense Burner"},{"floor":40,"key":"Bottled Lightning"},{"floor":41,"key":"Paper Crane"},{"floor":45,"key":"Potion Belt"},{"floor":45,"key":"Old Coin"},{"floor":48,"key":"Juzu Bracelet"},{"floor":48,"key":"Smiling Mask"},{"floor":55,"key":"Vajra"},{"floor":55,"key":"War Paint"}],"event_choices":[{"damage_healed":0.0,"max_hp_gain":5.0,"max_hp_loss":0.0,"gold_gain":0.0,"event_name":"Big Fish","player_choice":"Donut","floor":2.0,"gold_loss":0.0,"damage_taken":0.0},{"damage_healed":0.0,"max_hp_gain":0.0,"max_hp_loss":38.0,"gold_gain":0.0,"event_name":"Ghosts","player_choice":"Became a Ghost","floor":20.0,"gold_loss":0.0,"damage_taken":0.0,"cards_obtained":["Ghostly","Ghostly","Ghostly"]},{"damage_healed":0.0,"max_hp_gain":0.0,"max_hp_loss":0.0,"gold_gain":50.0,"event_name":"Nest","player_choice":"Stole From Cult","floor":27.0,"gold_loss":0.0,"damage_taken":0.0},{"damage_healed":0.0,"max_hp_gain":0.0,"max_hp_loss":0.0,"gold_gain":0.0,"event_name":"Addict","player_choice":"Obtained Relic","floor":30.0,"gold_loss":85.0,"damage_taken":0.0,"relics_obtained":["Orichalcum"]},{"cards_removed":["Strike_G"],"damage_healed":0,"gold_gain":0,"player_choice":"Removed Attack","damage_taken":0,"max_hp_gain":0,"max_hp_loss":0,"event_name":"Falling","floor":37,"gold_loss":0}],"is_beta":false,"boss_relics":[{"not_picked":["Cursed Key","Lizard Tail"],"picked":"Fusion Hammer"},{"not_picked":["Busted Crown","Runic Dome"],"picked":"Black Star"}],"items_purged_floors":[4,36,54],"is_endless":false,"potions_floor_spawned":[1,3,12,14,18,24,28,31,33,38,44,46,47,55],"ascension_level":20}