{"gold_per_floor":[18,36,47,147,78,113,113,130,130,146,179,189,223,26,26,125,125,145,145,161,62,80,106,106,136,217,248,160,160,177,192,192,289,289,300,300,312,119,119,154,168,168,192,42,54,66,86,102,102,102],"floor_reached":51,"playtime":10761,"items_purged":["Strike_G","Defend_G","Defend_G","Defend_G"],"score":818,"play_id":"1ae6dd2a-d130-4510-9347-8f5af74600b3","local_time":"20190917064234","is_ascension_mode":false,"campfire_choices":[{"data":"Apotheosis","floor":7,"key":"SMITH"},{"floor":15,"key":"REST"},{"floor":24,"key":"REST"},{"floor":29,"key":"REST"},{"floor":32,"key":"REST"},{"data":"Adrenaline","floor":42,"key":"SMITH"},{"data":"Tactician","floor":49,"key":"SMITH"}],"neow_cost":"NO_GOLD","seed_source_timestamp":455349782626000,"circlet_count":0,"master_deck":["Strike_G","Strike_G","Defend_G","Defend_G","Survivor","Neutralize","Apotheosis+1","Outmaneuver","Escape Plan","Expertise","Heel Hook","Acrobatics","Infinite Blades","Well Laid Plans","Deflect","Thinking Ahead","Adrenaline+1","Underhanded Strike+1","Glass Knife+1","Flash of Steel+1","Prepared","Acrobatics","Prepared","After Image","Madness","Madness","Tactician+1","Deep Breath","Outmaneuver+1"],"relics":["Ring of the Snake","Torii","Gambling Chip","Calipers","Matryoshka","Astrolabe","Dream Catcher","MawBank","Paper Crane","Ninja Scroll","Coffee Dripper","Molten Egg 2","Bag of Preparation","Pen Nib"],"potions_floor_usage":[10,13,13,33,33,33,45],"damage_taken":[{"damage":1,"enemies":"Cultist","floor":1,"turns":5},{"damage":0,"enemies":"Small Slimes","floor":2,"turns":3},{"damage":2,"enemies":"Jaw Worm","floor":3,"turns":4},{"damage":19,"enemies":"3 Sentries","floor":6,"turns":12},{"damage":8,"enemies":"3 Louse","floor":8,"turns":4},{"damage":18,"enemies":"Gremlin Gang","floor":10,"turns":7},{"damage":0,"enemies":"Lagavulin","floor":11,"turns":6},{"damage":1,"enemies":"Large Slime","floor":12,"turns":3},{"damage":28,"enemies":"3 Sentries","floor":13,"turns":8},{"damage":7,"enemies":"Hexaghost","floor":16,"turns":12},{"damage":0,"enemies":"Shell Parasite","floor":18,"turns":3},{"damage":0,"enemies":"Spheric Guardian","floor":20,"turns":4},{"damage":0,"enemies":"Snake Plant","floor":22,"turns":3},{"damage":6,"enemies":"Slavers","floor":23,"turns":5},{"damage":1,"enemies":"Book of Stabbing","floor":25,"turns":6},{"damage":0,"enemies":"Snecko","floor":27,"turns":5},{"damage":1,"enemies":"Centurion and Healer","floor":30,"turns":3},{"damage":0,"enemies":"Snake Plant","floor":31,"turns":4},{"damage":22,"enemies":"Collector","floor":33,"turns":14},{"damage":0,"enemies":"Orb Walker","floor":35,"turns":2},{"damage":0,"enemies":"3 Shapes","floor":37,"turns":5},{"damage":0,"enemies":"Reptomancer","floor":40,"turns":4},{"damage":0,"enemies":"Sphere and 2 Shapes","floor":41,"turns":3},{"damage":11,"enemies":"Jaw Worm Horde","floor":45,"turns":4},{"damage":0,"enemies":"4 Shapes","floor":46,"turns":2},{"damage":0,"enemies":"3 Darklings","floor":47,"turns":4},{"damage":0,"enemies":"Spire Growth","floor":48,"turns":2},{"damage":0,"enemies":"Donu and Deca","floor":50,"turns":6}],"seed_played":"3605111857035663814","potions_obtained":[{"floor":2,"key":"SpeedPotion"},{"floor":8,"key":"Regen Potion"},{"floor":10,"key":"Poison Potion"},{"floor":11,"key":"Fire Potion"},{"floor":18,"key":"EssenceOfSteel"},{"floor":20,"key":"Explosive Potion"},{"floor":35,"key":"Swift Potion"},{"floor":45,"key":"Regen Potion"},{"floor":48,"key":"SteroidPotion"}],"is_trial":false,"path_per_floor":["M","M","M","?","$","E","R","M","T","M","E","M","E","$","R","B",null,"M","$","M","$","M","E","R","E","T","M","$","R","M","M","R","B",null,"M","?","M","$","?","E","M","R","T","$","M","M","M","M","R","B",null],"character_chosen":"THE_SILENT","items_purchased":["Expertise","Thinking Ahead","Acrobatics","Tactician"],"campfire_rested":4,"item_purchase_floors":[5,14,21,38],"current_hp_per_floor":[69,69,67,67,67,48,48,40,40,36,36,35,7,7,28,21,70,70,70,70,70,70,64,70,69,69,69,69,70,69,69,70,48,70,70,61,61,61,61,61,61,61,61,61,50,50,50,50,50,50],"gold":102,"neow_bonus":"RANDOM_COLORLESS_2","is_prod":false,"is_daily":false,"chose_seed":false,"campfire_upgraded":3,"win_rate":0.0,"timestamp":1568713354,"path_taken":["M","M","M","?","$","E","R","M","T","?","E","M","E","$","R","BOSS","M","$","M","$","M","E","R","E","T","M","?","R","M","M","R","BOSS","M","?","M","$","?","E","M","R","T","$","M","M","?","M","R","BOSS"],"build_version":"2019-07-17","purchased_purges":4,"victory":true,"max_hp_per_floor":[70,70,70,70,70,70,70,70,70,70,70,70,70,70,70,70,70,70,70,70,70,70,70,70,70,70,70,70,70,70,70,70,70,70,70,70,70,70,70,70,70,70,70,70,70,70,70,70,70,70],"card_choices":[{"not_picked":["Backflip","All Out Attack"],"picked":"Outmaneuver","floor":1},{"not_picked":["Blade Dance","Sucker Punch","Riddle With Holes"],"picked":"SKIP","floor":2},{"not_picked":["Skewer","Riddle With Holes"],"picked":"Escape Plan","floor":3},{"not_picked":["Sucker Punch","Flechettes"],"picked":"Heel Hook","floor":6},{"not_picked":["Dash","PiercingWail"],"picked":"Acrobatics","floor":8},{"not_picked":["Dodge and Roll","Dagger Spray"],"picked":"Infinite Blades","floor":10},{"not_picked":["Distraction","Flying Knee"],"picked":"Well Laid Plans","floor":11},{"not_picked":["Footwork","Catalyst","A Thousand Cuts"],"picked":"SKIP","floor":12},{"not_picked":["Bouncing Flask","Slice"],"picked":"Deflect","floor":13},{"not_picked":["Wraith Form v2","Phantasmal Killer"],"picked":"Adrenaline","floor":16},{"not_picked":["Dagger Throw","Dodge and Roll"],"picked":"Prepared","floor":18},{"not_picked":["Dagger Spray","Noxious Fumes","Flying Knee+1"],"picked":"SKIP","floor":20},{"not_picked":["Acrobatics","Deadly Poison","Underhanded Strike"],"picked":"SKIP","floor":22},{"not_picked":["Bouncing Flask","Backflip","Flying Knee"],"picked":"SKIP","floor":23},{"not_picked":["Masterful Stab","Corpse Explosion"],"picked":"Prepared","floor":24},{"not_picked":["Choke+1","Backflip","Dagger Throw"],"picked":"SKIP","floor":25},{"not_picked":["Noxious Fumes","Bane+1","Riddle With Holes"],"picked":"SKIP","floor":27},{"not_picked":["Backflip","Underhanded Strike","Crippling Poison"],"picked":"SKIP","floor":30},{"not_picked":["Slice+1","PiercingWail","Deflect"],"picked":"SKIP","floor":31},{"not_picked":["Burst","Envenom"],"picked":"After Image","floor":33},{"not_picked":["Backflip","Crippling Poison+1","Dash+1"],"picked":"SKIP","floor":35},{"not_picked":["Deadly Poison+1","Poisoned Stab","Prepared+1"],"picked":"SKIP","floor":37},{"not_picked":["Trip","Chrysalis"],"picked":"Deep Breath","floor":39},{"not_picked":["Burst","Malaise","Backflip+1"],"picked":"SKIP","floor":40},{"not_picked":["Eviscerate+1","PiercingWail"],"picked":"Outmaneuver+1","floor":41},{"not_picked":["Outmaneuver","Deadly Poison","Poisoned Stab+1"],"picked":"SKIP","floor":45},{"not_picked":["Dodge and Roll+1","Backstab+1","Dagger Spray+1"],"picked":"SKIP","floor":46},{"not_picked":["Infinite Blades","Backflip+1","Quick Slash+1"],"picked":"SKIP","floor":47},{"not_picked":["Backflip","Deadly Poison+1","Outmaneuver+1"],"picked":"SKIP","floor":48}],"player_experience":17614,"relics_obtained":[{"floor":6,"key":"Torii"},{"floor":9,"key":"Gambling Chip"},{"floor":11,"key":"Calipers"},{"floor":13,"key":"Matryoshka"},{"floor":23,"key":"Dream Catcher"},{"floor":25,"key":"MawBank"},{"floor":26,"key":"Paper Crane"},{"floor":26,"key":"Ninja Scroll"},{"floor":40,"key":"Molten Egg 2"},{"floor":43,"key":"Bag of Preparation"},{"floor":43,"key":"Pen Nib"}],"event_choices":[{"damage_healed":0,"gold_gain":100,"player_choice":"Pray","damage_taken":0,"max_hp_gain":0,"max_hp_loss":0,"event_name":"Golden Shrine","floor":4,"gold_loss":0},{"damage_healed":0,"gold_gain":0,"player_choice":"Embrace Madness","damage_taken":9,"max_hp_gain":0,"max_hp_loss":0,"event_name":"Winding Halls","floor":36,"gold_loss":0,"cards_obtained":["Madness","Madness"]},{"damage_healed":0,"gold_gain":0,"player_choice":"Memory 1","damage_taken":0,"max_hp_gain":0,"max_hp_loss":0,"event_name":"SensoryStone","floor":39,"gold_loss":0}],"is_beta":false,"boss_relics":[{"not_picked":["Calling Bell","Cursed Key"],"picked":"Astrolabe"},{"not_picked":["Lizard Tail","Velvet Choker"],"picked":"Coffee Dripper"}],"items_purged_floors":[21,28,38,44],"is_endless":false,"potions_floor_spawned":[2,8,10,11,12,18,20,25,31,35,45,48],"ascension_level":0}