{"gold_per_floor":[118,131,56,68,81,81,115,115,115,15,28,55,55,68,68,168,218,229,242,257,92,92],"floor_reached":22,"playtime":1167,"items_purged":["Strike_R","Strike_R","Strike_R"],"score":248,"play_id":"337b60cd-7746-4869-b119-f04031ecb228","local_time":"20190328172806","is_ascension_mode":true,"campfire_choices":[{"data":"Armaments","floor":6,"key":"SMITH"},{"data":"Pommel Strike","floor":8,"key":"SMITH"},{"floor":13,"key":"REST"},{"floor":15,"key":"REST"}],"neow_cost":"NONE","seed_source_timestamp":126901286555302,"circlet_count":0,"master_deck":["Strike_R","Strike_R+1","Defend_R","Defend_R","Defend_R","Defend_R","Bash","Pommel Strike+1","Sentinel","Armaments+1","Sword Boomerang","Feel No Pain","Flex","Ghostly Armor","Demon Form","Rampage","Dropkick","Clash","Evolve","Inflame"],"relics":["Burning Blood","Vajra","Omamori","Matryoshka","Mercury Hourglass","Tiny House"],"potions_floor_usage":[5,7,11,18,19,20],"damage_taken":[{"damage":6,"enemies":"Cultist","floor":1,"turns":4},{"damage":3,"enemies":"Jaw Worm","floor":2,"turns":4},{"damage":0,"enemies":"Small Slimes","floor":4,"turns":2},{"damage":0,"enemies":"Red Slaver","floor":5,"turns":5},{"damage":40,"enemies":"Lagavulin","floor":7,"turns":6},{"damage":6,"enemies":"Exordium Thugs","floor":11,"turns":3},{"damage":35,"enemies":"3 Sentries","floor":12,"turns":10},{"damage":1,"enemies":"2 Fungi Beasts","floor":14,"turns":2},{"damage":60,"enemies":"Hexaghost","floor":16,"turns":12},{"damage":9,"enemies":"3 Byrds","floor":18,"turns":5},{"damage":22,"enemies":"2 Thieves","floor":19,"turns":5},{"damage":41,"enemies":"Chosen and Byrds","floor":20,"turns":7},{"damage":21,"enemies":"Cultist and Chosen","floor":22,"turns":4}],"seed_played":"490189125340471575","potions_obtained":[{"floor":1,"key":"PowerPotion"},{"floor":2,"key":"EssenceOfSteel"},{"floor":7,"key":"AttackPotion"},{"floor":17,"key":"AttackPotion"},{"floor":18,"key":"EssenceOfSteel"},{"floor":19,"key":"Swift Potion"}],"is_trial":false,"path_per_floor":["M","M","$","M","M","R","E","R","T","$","M","E","R","M","R","B",null,"M","M","M","$","M"],"character_chosen":"IRONCLAD","items_purchased":["Inflame"],"campfire_rested":2,"item_purchase_floors":[21],"current_hp_per_floor":[80,80,80,80,80,80,46,46,46,46,46,17,41,46,70,16,69,66,50,15,15,0],"gold":92,"neow_bonus":"RANDOM_COMMON_RELIC","is_prod":false,"is_daily":false,"chose_seed":false,"campfire_upgraded":2,"win_rate":0,"timestamp":1553819286,"path_taken":["M","M","$","?","M","R","E","R","T","$","?","E","R","M","R","BOSS","M","M","?","$","M"],"build_version":"2019-01-23","purchased_purges":3,"victory":false,"max_hp_per_floor":[80,80,80,80,80,80,80,80,80,80,80,80,80,80,80,80,85,85,85,85,85,85],"card_choices":[{"not_picked":["Reckless Charge","Thunderclap","Hemokinesis"],"picked":"SKIP","floor":1},{"not_picked":["Warcry","Wild Strike"],"picked":"Pommel Strike","floor":2},{"not_picked":["Heavy Blade","True Grit"],"picked":"Sentinel","floor":4},{"not_picked":["Warcry","Second Wind"],"picked":"Armaments","floor":5},{"not_picked":["Perfected Strike","Dark Embrace"],"picked":"Sword Boomerang","floor":7},{"not_picked":["Twin Strike","Carnage"],"picked":"Feel No Pain","floor":11},{"not_picked":["Wild Strike","Intimidate"],"picked":"Flex","floor":12},{"not_picked":["Sword Boomerang","Sentinel"],"picked":"Ghostly Armor","floor":14},{"not_picked":["Dark Embrace","Brutality"],"picked":"Demon Form","floor":16},{"not_picked":["Shockwave","Second Wind"],"picked":"Rampage","floor":17},{"not_picked":["Dual Wield+1","True Grit"],"picked":"Dropkick","floor":18},{"not_picked":["Headbutt","Body Slam"],"picked":"Clash","floor":19},{"not_picked":["Carnage","Sever Soul"],"picked":"Evolve","floor":20}],"player_experience":479928,"relics_obtained":[{"floor":7,"key":"Omamori"},{"floor":9,"key":"Matryoshka"},{"floor":12,"key":"Mercury Hourglass"}],"event_choices":[],"is_beta":false,"boss_relics":[{"not_picked":["White Beast Statue","Runic Cube"],"picked":"Tiny House"}],"items_purged_floors":[3,10,21],"is_endless":false,"potions_floor_spawned":[1,2,7,18,19],"killed_by":"Cultist and Chosen","ascension_level":5}