{"gold_per_floor":[116,81,23,23,43,69,88,88,164,195,39,39,53,17,17,91,91,111,111,84,84,100,100],"floor_reached":23,"playtime":1938,"items_purged":["Strike_B"],"score":452,"play_id":"2da90bc4-d251-42f8-bf54-6be012d4a894","local_time":"20190620163806","is_ascension_mode":true,"campfire_choices":[{"data":"Zap","floor":8.0,"key":"SMITH"},{"floor":12,"key":"REST"},{"data":"Creative AI","floor":15,"key":"SMITH"}],"neow_cost":"PERCENT_DAMAGE","seed_source_timestamp":24216577198392,"circlet_count":0,"master_deck":["AscendersBane","Strike_B","Strike_B","Strike_B","Defend_B","Defend_B","Defend_B","Defend_B","Zap+1","Dualcast","Doom and Gloom","Cold Snap","Glacier","Turbo","Conserve Battery","Creative AI+1","Cold Snap"],"special_seed":0,"relics":["Cracked Core","Bird Faced Urn","DataDisk","Pantograph","Gremlin Horn","Black Star"],"potions_floor_usage":[14,16,23,23],"damage_taken":[{"damage":4.0,"enemies":"Jaw Worm","floor":1.0,"turns":3.0},{"damage":5.0,"enemies":"Small Slimes","floor":5.0,"turns":3.0},{"damage":15.0,"enemies":"3 Sentries","floor":6.0,"turns":7.0},{"damage":0.0,"enemies":"Cultist","floor":7.0,"turns":3.0},{"damage":30,"enemies":"Gremlin Nob","floor":10,"turns":4},{"damage":1,"enemies":"Looter","floor":13,"turns":3},{"damage":1,"enemies":"Exordium Thugs","floor":14,"turns":6},{"damage":14,"enemies":"Slime Boss","floor":16,"turns":23},{"damage":26,"enemies":"3 Byrds","floor":18,"turns":15},{"damage":27,"enemies":"2 Thieves","floor":20,"turns":4},{"damage":23,"enemies":"Snake Plant","floor":22,"turns":14},{"damage":94,"enemies":"Slavers","floor":23,"turns":5}],"seed_played":"5316472538215188792","potions_obtained":[{"floor":1.0,"key":"Fire Potion"},{"floor":4.0,"key":"EntropicBrew"},{"floor":4.0,"key":"EntropicBrew"},{"floor":20,"key":"Dexterity Potion"}],"is_trial":false,"path_per_floor":["M","?","$","?","M","E","M","R","T","E","$","R","M","M","R","B",null,"M","?","M","?","M","E"],"character_chosen":"DEFECT","items_purchased":["Cold Snap","Creative AI"],"campfire_rested":1,"item_purchase_floors":[3,11],"current_hp_per_floor":[42,59,59,59,54,39,39,39,39,9,9,30,29,28,28,71,71,71,51,28,43,76,0],"gold":100,"neow_bonus":"ONE_RARE_RELIC","is_prod":false,"is_daily":false,"chose_seed":false,"campfire_upgraded":2,"win_rate":0,"timestamp":1561041486,"path_taken":["M","?","$","?","?","E","M","R","T","E","$","R","M","M","R","BOSS","M","?","M","?","?","E"],"build_version":"2019-01-23","purchased_purges":1,"victory":false,"max_hp_per_floor":[71,71,71,71,71,71,71,71,71,71,71,71,71,71,71,71,71,71,76,76,76,76,76],"card_choices":[{"not_picked":["Hologram","Beam Cell"],"picked":"Doom and Gloom","floor":1.0},{"not_picked":["Cold Snap","Steam"],"picked":"Glacier","floor":5.0},{"not_picked":["Rebound","Heatsinks"],"picked":"Turbo","floor":6.0},{"not_picked":["Redo","Double Energy"],"picked":"Conserve Battery","floor":7.0},{"not_picked":["Turbo","Redo","Steam"],"picked":"SKIP","floor":10},{"not_picked":["Consume","Chaos"],"picked":"Cold Snap","floor":13},{"not_picked":["Streamline","Turbo","Barrage"],"picked":"SKIP","floor":14},{"not_picked":["Leap","Steam","Rebound"],"picked":"SKIP","floor":18},{"not_picked":["Redo","Sunder","Streamline"],"picked":"SKIP","floor":20},{"not_picked":["Leap","Rip and Tear","Go for the Eyes"],"picked":"SKIP","floor":22}],"player_experience":1759079,"relics_obtained":[{"floor":6.0,"key":"DataDisk"},{"floor":9.0,"key":"Pantograph"},{"floor":10,"key":"Gremlin Horn"}],"event_choices":[{"damage_healed":17.0,"max_hp_gain":0.0,"max_hp_loss":0.0,"gold_gain":0.0,"event_name":"The Cleric","player_choice":"Healed","floor":2.0,"gold_loss":35.0,"damage_taken":0.0},{"damage_healed":0.0,"max_hp_gain":0.0,"max_hp_loss":0.0,"gold_gain":0.0,"event_name":"Lab","player_choice":"Got Potions","floor":4.0,"gold_loss":0.0,"damage_taken":0.0},{"damage_healed":0,"gold_gain":0,"player_choice":"Shed Blood","damage_taken":25,"max_hp_gain":5,"max_hp_loss":0,"event_name":"Forgotten Altar","floor":19,"gold_loss":0},{"damage_healed":15,"gold_gain":0,"player_choice":"Heal","damage_taken":0,"max_hp_gain":0,"max_hp_loss":0,"event_name":"The Library","floor":21,"gold_loss":0}],"is_beta":false,"boss_relics":[{"not_picked":["Velvet Choker","Pandora\u0027s Box"],"picked":"Black Star"}],"items_purged_floors":[11],"is_endless":false,"potions_floor_spawned":[1,6,10,13,20,22],"killed_by":"Slavers","ascension_level":20}