{"gold_per_floor":[113,113,128,142,67,97,97,125,179,179,193,226,238,273,273,351,351,351,29,29,29,29,29,29,29,29,29,29,29,29,29,29,29],"floor_reached":33,"playtime":1023,"items_purged":[],"score":652,"play_id":"f61cec88-63fc-4df8-8df3-80935d172aee","local_time":"20190819105707","is_ascension_mode":true,"campfire_choices":[{"data":"Bash","floor":7,"key":"SMITH"},{"data":"Juggernaut","floor":15,"key":"SMITH"},{"data":"Demon Form","floor":23,"key":"SMITH"},{"floor":28,"key":"DIG"},{"floor":32,"key":"DIG"}],"neow_cost":"NONE","seed_source_timestamp":0,"circlet_count":0,"master_deck":["AscendersBane","Strike_R","Strike_R","Defend_R","Defend_R","Defend_R","Defend_R","Bash+1","Carnage","Anger","Warcry","Rampage","Headbutt","Shockwave","Immolate","Juggernaut+1","Demon Form+1","Infernal Blade+1","Shrug It Off","Sword Boomerang+1","Ghostly","Ghostly","Ghostly","Body Slam","Shockwave","Ghostly Armor+1","Feel No Pain","Shrug It Off"],"special_seed":0,"relics":["Burning Blood","NeowsBlessing","Omamori","Odd Mushroom","Vajra","Magic Flower","Anchor","Turnip","Ectoplasm","Bottled Tornado","Shovel","Ornamental Fan","Mercury Hourglass","Blood Vial","Question Card","Bird Faced Urn","Pear","Frozen Egg 2"],"potions_floor_usage":[6,16,16],"damage_taken":[{"damage":0,"enemies":"Small Slimes","floor":1,"turns":1},{"damage":0,"enemies":"Jaw Worm","floor":3,"turns":1},{"damage":0,"enemies":"2 Louse","floor":4,"turns":1},{"damage":32,"enemies":"Gremlin Nob","floor":6,"turns":4},{"damage":26,"enemies":"The Mushroom Lair","floor":8,"turns":4},{"damage":3,"enemies":"2 Fungi Beasts","floor":11,"turns":3},{"damage":20,"enemies":"Lagavulin","floor":12,"turns":4},{"damage":0,"enemies":"Looter","floor":13,"turns":2},{"damage":11,"enemies":"Gremlin Nob","floor":14,"turns":3},{"damage":30,"enemies":"The Guardian","floor":16,"turns":12},{"damage":31,"enemies":"3 Byrds","floor":18,"turns":4},{"damage":11,"enemies":"Spheric Guardian","floor":20,"turns":3},{"damage":14,"enemies":"Book of Stabbing","floor":24,"turns":4},{"damage":21,"enemies":"Centurion and Healer","floor":25,"turns":5},{"damage":0,"enemies":"Gremlin Leader","floor":27,"turns":5},{"damage":0,"enemies":"Colosseum Slavers","floor":31,"turns":2},{"damage":8,"enemies":"Colosseum Nobs","floor":31,"turns":4},{"damage":47,"enemies":"Automaton","floor":33,"turns":6}],"seed_played":"-5624608513294488358","potions_obtained":[{"floor":1,"key":"Poison Potion"},{"floor":6,"key":"SkillPotion"},{"floor":14,"key":"Explosive Potion"},{"floor":16,"key":"Dexterity Potion"},{"floor":18,"key":"Explosive Potion"},{"floor":20,"key":"Block Potion"},{"floor":31,"key":"PowerPotion"}],"is_trial":false,"path_per_floor":["M","$","M","M","?","E","R","?","T","T","M","E","M","E","R","B",null,"M","$","M","?","?","R","E","M","T","E","R","?","T","?","R","B"],"character_chosen":"IRONCLAD","items_purchased":["Bottled Tornado","Shrug It Off"],"campfire_rested":0,"item_purchase_floors":[19,19],"current_hp_per_floor":[74,74,75,75,75,49,49,29,29,29,35,24,33,31,31,10,59,37,37,35,35,35,35,30,18,18,27,27,27,27,47,47,0],"gold":29,"neow_bonus":"THREE_ENEMY_KILL","is_prod":false,"is_daily":false,"chose_seed":false,"campfire_upgraded":3,"win_rate":0,"timestamp":1566205027,"path_taken":["M","$","M","M","?","E","R","?","T","?","?","E","M","E","R","BOSS","M","$","M","?","?","R","E","M","T","E","R","?","?","?","R","BOSS"],"build_version":"2019-07-17","purchased_purges":0,"victory":false,"max_hp_per_floor":[75,75,75,75,75,75,75,75,75,75,75,75,75,75,75,75,75,75,75,75,37,37,37,37,37,37,37,37,37,37,47,47,47],"card_choices":[{"not_picked":["Shrug It Off","Thunderclap"],"picked":"Carnage","floor":1},{"not_picked":["Wild Strike","Perfected Strike"],"picked":"Anger","floor":3},{"not_picked":["Reckless Charge","Dark Embrace"],"picked":"Warcry","floor":4},{"not_picked":["Wild Strike","Sword Boomerang"],"picked":"Rampage","floor":6},{"not_picked":["Bloodletting","Wild Strike"],"picked":"Headbutt","floor":8},{"not_picked":["Intimidate","Wild Strike"],"picked":"Shockwave","floor":11},{"not_picked":["Corruption","Barricade"],"picked":"Immolate","floor":12},{"not_picked":["Wild Strike","Intimidate","Flex"],"picked":"SKIP","floor":13},{"not_picked":["Ghostly Armor","Pommel Strike"],"picked":"Juggernaut","floor":14},{"not_picked":["Fiend Fire","Berserk"],"picked":"Demon Form","floor":16},{"not_picked":["Spot Weakness","Hemokinesis"],"picked":"Infernal Blade+1","floor":18},{"not_picked":["Cleave","Warcry"],"picked":"Sword Boomerang+1","floor":20},{"not_picked":["Headbutt","Inflame"],"picked":"Ghostly Armor+1","floor":24},{"not_picked":["Sentinel","Cleave","Clash"],"picked":"SKIP","floor":25},{"not_picked":["Wild Strike","Brutality","Uppercut"],"picked":"SKIP","floor":27},{"not_picked":["Armaments","Warcry","Thunderclap"],"picked":"Shrug It Off","floor":31}],"player_experience":1935786,"relics_obtained":[{"floor":6,"key":"Omamori"},{"floor":8,"key":"Odd Mushroom"},{"floor":9,"key":"Vajra"},{"floor":10,"key":"Magic Flower"},{"floor":12,"key":"Anchor"},{"floor":14,"key":"Turnip"},{"floor":24,"key":"Shovel"},{"floor":26,"key":"Ornamental Fan"},{"floor":27,"key":"Mercury Hourglass"},{"floor":28,"key":"Blood Vial"},{"floor":30,"key":"Question Card"},{"floor":31,"key":"Bird Faced Urn"},{"floor":31,"key":"Pear"},{"floor":32,"key":"Frozen Egg 2"}],"event_choices":[{"cards_removed":["Strike_R"],"damage_healed":0,"gold_gain":0,"player_choice":"Card Removal","damage_taken":0,"max_hp_gain":0,"max_hp_loss":0,"event_name":"The Cleric","floor":5,"gold_loss":75},{"damage_healed":0,"gold_gain":0,"player_choice":"Fought Mushrooms","damage_taken":0,"max_hp_gain":0,"max_hp_loss":0,"event_name":"Mushrooms","floor":8,"gold_loss":0},{"damage_healed":0,"gold_gain":0,"player_choice":"Became a Ghost","damage_taken":0,"max_hp_gain":0,"max_hp_loss":38,"event_name":"Ghosts","floor":21,"gold_loss":0,"cards_obtained":["Ghostly","Ghostly","Ghostly"]},{"damage_healed":0,"gold_gain":0,"cards_transformed":["Strike_R","Strike_R"],"player_choice":"Became Test Subject","damage_taken":0,"max_hp_gain":0,"max_hp_loss":0,"event_name":"Drug Dealer","floor":22,"gold_loss":0,"cards_obtained":["Body Slam","Shockwave"]},{"damage_healed":0,"gold_gain":0,"player_choice":"Read","damage_taken":0,"max_hp_gain":0,"max_hp_loss":0,"event_name":"The Library","floor":29,"gold_loss":0,"cards_obtained":["Feel No Pain"]},{"damage_healed":0,"gold_gain":0,"player_choice":"Fight","damage_taken":0,"max_hp_gain":0,"max_hp_loss":0,"event_name":"Colosseum","floor":31,"gold_loss":0},{"damage_healed":0,"gold_gain":0,"player_choice":"Fought Nobs","damage_taken":0,"max_hp_gain":0,"max_hp_loss":0,"event_name":"Colosseum","floor":31,"gold_loss":0}],"is_beta":false,"boss_relics":[{"not_picked":["Lizard Tail","Runic Dome"],"picked":"Ectoplasm"}],"items_purged_floors":[],"is_endless":false,"potions_floor_spawned":[1,6,14,16,18,20,24,31],"killed_by":"Automaton","ascension_level":20}