{"gold_per_floor":[113,25,35,49,62,62,75,101,168,215,246,281,323,300,312,396,408,440,48,60,160,160,160,194,194,194,194,208,222,254,271,271,345,345,362,362,409,220,220,252,252,252,276,295,307,324,349,369,369,369,369],"floor_reached":51,"playtime":2249,"items_purged":["Strike_R"],"score":1659,"play_id":"4c9f5085-9730-4e61-9eee-b33482d244ce","local_time":"20190321112628","is_ascension_mode":true,"campfire_choices":[{"data":"Bash","floor":6,"key":"SMITH"},{"data":"Shockwave","floor":15,"key":"SMITH"},{"data":"Immolate","floor":23,"key":"SMITH"},{"floor":25,"key":"REST"},{"data":"True Grit","floor":27,"key":"SMITH"},{"data":"Pummel","floor":32,"key":"SMITH"},{"floor":42,"key":"RECALL"},{"floor":49,"key":"REST"}],"neow_cost":"NONE","seed_source_timestamp":1975423024416,"circlet_count":0,"master_deck":["AscendersBane","Strike_R","Strike_R+1","Strike_R","Strike_R","Defend_R","Defend_R","Defend_R","Defend_R","Bash+1","Perfected Strike+1","Shrug It Off","Feel No Pain","Rampage","Twin Strike","Shockwave+1","Battle Trance","Pummel+1","Immolate+1","Pommel Strike","True Grit+1","Shrug It Off","Rage+1","Battle Trance","Dark Embrace+1","Offering","Feel No Pain+1","Shrug It Off","Body Slam","Evolve+1","Heavy Blade+1","Brutality+1","Disarm+1","Flame Barrier+1"],"relics":["Burning Blood","Bag of Marbles","MawBank","Tiny Chest","Happy Flower","Pen Nib","Gambling Chip","Black Star","Brimstone","Magic Flower","Matryoshka","Mercury Hourglass","Self Forming Clay","Frozen Egg 2","Lantern","Meat on the Bone","Anchor","Centennial Puzzle","Mummified Hand","Fusion Hammer","Thread and Needle","Whetstone","PreservedInsect","Molten Egg 2","Kunai"],"potions_floor_usage":[8,13,21,33],"damage_taken":[{"damage":7,"enemies":"Small Slimes","floor":1,"turns":4},{"damage":0,"enemies":"Cultist","floor":3,"turns":3},{"damage":1,"enemies":"2 Louse","floor":4,"turns":3},{"damage":5,"enemies":"Looter","floor":5,"turns":5},{"damage":1,"enemies":"Exordium Wildlife","floor":7,"turns":3},{"damage":27,"enemies":"Lagavulin","floor":8,"turns":7},{"damage":31,"enemies":"Gremlin Nob","floor":10,"turns":4},{"damage":11,"enemies":"Large Slime","floor":11,"turns":5},{"damage":6,"enemies":"3 Sentries","floor":13,"turns":5},{"damage":12,"enemies":"The Guardian","floor":16,"turns":8},{"damage":32,"enemies":"Shell Parasite","floor":18,"turns":6},{"damage":12,"enemies":"2 Thieves","floor":20,"turns":2},{"damage":0,"enemies":"Colosseum Slavers","floor":21,"turns":1},{"damage":11,"enemies":"Colosseum Nobs","floor":21,"turns":3},{"damage":33,"enemies":"Slavers","floor":24,"turns":3},{"damage":6,"enemies":"Centurion and Healer","floor":28,"turns":3},{"damage":12,"enemies":"Shelled Parasite and Fungi","floor":29,"turns":3},{"damage":26,"enemies":"Gremlin Leader","floor":30,"turns":3},{"damage":8,"enemies":"Snake Plant","floor":31,"turns":2},{"damage":31,"enemies":"Collector","floor":33,"turns":6},{"damage":0,"enemies":"3 Shapes","floor":35,"turns":1},{"damage":2,"enemies":"2 Orb Walkers","floor":37,"turns":3},{"damage":6,"enemies":"Nemesis","floor":40,"turns":3},{"damage":6,"enemies":"3 Darklings","floor":44,"turns":2},{"damage":6,"enemies":"Maw","floor":45,"turns":5},{"damage":0,"enemies":"Sphere and 2 Shapes","floor":46,"turns":3},{"damage":9,"enemies":"Reptomancer","floor":47,"turns":4},{"damage":11,"enemies":"Writhing Mass","floor":48,"turns":3},{"damage":20,"enemies":"Donu and Deca","floor":50,"turns":9},{"damage":74,"enemies":"Time Eater","floor":51,"turns":7}],"seed_played":"4359579577224866458","potions_obtained":[{"floor":0,"key":"Block Potion"},{"floor":0,"key":"Explosive Potion"},{"floor":1,"key":"FearPotion"},{"floor":10,"key":"Regen Potion"},{"floor":16,"key":"Fire Potion"},{"floor":24,"key":"BloodPotion"},{"floor":33,"key":"AttackPotion"},{"floor":41,"key":"SkillPotion"}],"is_trial":false,"path_per_floor":["M","?","M","M","M","R","M","E","T","E","M","T","E","?","R","B",null,"M","$","M","?","T","R","E","R","T","R","M","M","E","M","R","B",null,"M","?","?","$","?","E","?","R","T","M","M","M","E","M","R","B","B"],"character_chosen":"IRONCLAD","items_purchased":["Brimstone","Pommel Strike","True Grit","Body Slam","Whetstone"],"campfire_rested":2,"item_purchase_floors":[19,19,19,38,38],"current_hp_per_floor":[67,67,73,75,75,75,75,54,54,29,24,24,24,42,42,36,65,39,39,33,34,34,34,10,32,32,32,53,50,51,52,52,49,69,75,71,71,71,61,64,64,64,64,67,70,71,71,69,71,60,0],"gold":369,"neow_bonus":"THREE_SMALL_POTIONS","is_prod":false,"is_daily":false,"chose_seed":false,"campfire_upgraded":5,"win_rate":0,"timestamp":1553163988,"path_taken":["M","?","M","M","?","R","M","E","T","E","M","?","E","?","R","BOSS","M","$","M","?","?","R","E","R","T","R","M","M","E","M","R","BOSS","M","?","?","$","?","E","?","R","T","M","M","M","E","?","R","BOSS","BOSS"],"build_version":"2019-01-23","purchased_purges":1,"victory":false,"max_hp_per_floor":[75,75,75,75,75,75,75,75,75,75,75,75,75,75,75,75,75,75,75,75,75,75,75,75,75,75,75,75,75,75,75,75,75,75,75,71,71,71,71,71,71,71,71,71,71,71,71,71,71,71,71],"card_choices":[{"not_picked":["Warcry","Dual Wield"],"picked":"Perfected Strike","floor":1},{"not_picked":["Body Slam","Reckless Charge"],"picked":"Shrug It Off","floor":3},{"not_picked":["Rupture","Ghostly Armor"],"picked":"Feel No Pain","floor":4},{"not_picked":["Battle Trance","True Grit"],"picked":"Rampage","floor":5},{"not_picked":["Anger","Warcry"],"picked":"Twin Strike","floor":7},{"not_picked":["Clash","Iron Wave","Intimidate"],"picked":"SKIP","floor":8},{"not_picked":["Bludgeon","Sword Boomerang"],"picked":"Shockwave","floor":10},{"not_picked":["Iron Wave","Headbutt"],"picked":"Battle Trance","floor":11},{"not_picked":["Sentinel","Second Wind"],"picked":"Pummel","floor":13},{"not_picked":["Exhume","Impervious"],"picked":"Immolate","floor":16},{"not_picked":["Twin Strike+1","Headbutt","Heavy Blade"],"picked":"SKIP","floor":18},{"not_picked":["Flex","Havoc","Clothesline"],"picked":"SKIP","floor":20},{"not_picked":["Rampage","Barricade"],"picked":"Shrug It Off","floor":21},{"not_picked":["Thunderclap","Heavy Blade"],"picked":"Rage+1","floor":24},{"not_picked":["Havoc+1","Second Wind","Armaments"],"picked":"SKIP","floor":28},{"not_picked":["Warcry","Body Slam","Headbutt+1"],"picked":"SKIP","floor":29},{"not_picked":["Reckless Charge","Thunderclap"],"picked":"Battle Trance","floor":30},{"not_picked":["Wild Strike","Warcry"],"picked":"Dark Embrace+1","floor":31},{"not_picked":["Berserk+1","Impervious"],"picked":"Offering","floor":33},{"not_picked":["Flex","Intimidate"],"picked":"Feel No Pain+1","floor":35},{"not_picked":["Flame Barrier","Rage"],"picked":"Shrug It Off","floor":37},{"not_picked":["Anger","Sword Boomerang"],"picked":"Evolve+1","floor":40},{"not_picked":["Wild Strike+1","Anger+1","Rampage+1"],"picked":"SKIP","floor":44},{"not_picked":["Havoc","Shockwave"],"picked":"Heavy Blade+1","floor":45},{"not_picked":["Armaments+1","Perfected Strike+1"],"picked":"Brutality+1","floor":46},{"not_picked":["Heavy Blade+1","Evolve+1"],"picked":"Disarm+1","floor":47},{"not_picked":["Reckless Charge+1","Battle Trance+1"],"picked":"Flame Barrier+1","floor":48}],"player_experience":1459467,"relics_obtained":[{"floor":8,"key":"MawBank"},{"floor":9,"key":"Tiny Chest"},{"floor":10,"key":"Happy Flower"},{"floor":12,"key":"Pen Nib"},{"floor":13,"key":"Gambling Chip"},{"floor":21,"key":"Magic Flower"},{"floor":21,"key":"Matryoshka"},{"floor":22,"key":"Mercury Hourglass"},{"floor":22,"key":"Self Forming Clay"},{"floor":24,"key":"Frozen Egg 2"},{"floor":24,"key":"Lantern"},{"floor":26,"key":"Meat on the Bone"},{"floor":26,"key":"Anchor"},{"floor":30,"key":"Centennial Puzzle"},{"floor":30,"key":"Mummified Hand"},{"floor":37,"key":"Thread and Needle"},{"floor":40,"key":"PreservedInsect"},{"floor":40,"key":"Molten Egg 2"},{"floor":47,"key":"Kunai"}],"event_choices":[{"damage_healed":0,"gold_gain":0,"player_choice":"Paid Gold","damage_taken":0,"relics_obtained":["Bag of Marbles"],"max_hp_gain":0,"max_hp_loss":0,"event_name":"WeMeetAgain","floor":2,"gold_loss":88},{"damage_healed":18,"gold_gain":0,"player_choice":"Healed","damage_taken":0,"max_hp_gain":0,"max_hp_loss":0,"event_name":"The Cleric","floor":14,"gold_loss":35},{"damage_healed":0,"gold_gain":0,"player_choice":"Fight","damage_taken":0,"max_hp_gain":0,"max_hp_loss":0,"event_name":"Colosseum","floor":21,"gold_loss":0},{"damage_healed":0,"gold_gain":0,"player_choice":"Fought Nobs","damage_taken":0,"max_hp_gain":0,"max_hp_loss":0,"event_name":"Colosseum","floor":21,"gold_loss":0},{"damage_healed":0,"gold_gain":0,"player_choice":"Max HP","damage_taken":0,"max_hp_gain":0,"max_hp_loss":4,"event_name":"Winding Halls","floor":36,"gold_loss":0},{"damage_healed":0,"gold_gain":0,"player_choice":"Fight","damage_taken":0,"max_hp_gain":0,"max_hp_loss":0,"event_name":"Mysterious Sphere","floor":37,"gold_loss":0},{"damage_healed":0,"gold_gain":0,"player_choice":"Memory 3","damage_taken":10,"max_hp_gain":0,"max_hp_loss":0,"event_name":"SensoryStone","floor":39,"gold_loss":0},{"damage_healed":0,"gold_gain":0,"player_choice":"Got Potions","damage_taken":0,"max_hp_gain":0,"max_hp_loss":0,"event_name":"Lab","floor":41,"gold_loss":0}],"is_beta":false,"boss_relics":[{"not_picked":["Calling Bell","Tiny House"],"picked":"Black Star"},{"not_picked":["Cursed Key","Mark of Pain"],"picked":"Fusion Hammer"}],"items_purged_floors":[19],"is_endless":false,"potions_floor_spawned":[1,7,10,16,20,24,33,40,45],"killed_by":"Time Eater","ascension_level":20}