{"gold_per_floor":[112,112,129,145,157,157,184,197,197,223,223,63,91,105,105,177,177,189,205,217,54,72,100,100,128,128,138,138,150,175,50,50,128,128,141,141,141,159,169,202,202,202,226,260,260,270,270],"floor_reached":47,"playtime":1867,"items_purged":["Strike_R"],"score":1359,"play_id":"6054cdbc-ba6e-4b0e-8c13-2de0535ec10f","local_time":"20190219184240","is_ascension_mode":true,"campfire_choices":[{"data":"Immolate","floor":6,"key":"SMITH"},{"data":"Inflame","floor":11,"key":"SMITH"},{"data":"Shockwave","floor":15,"key":"SMITH"},{"floor":24,"key":"REST"},{"floor":32,"key":"REST"},{"floor":41,"key":"REST"}],"neow_cost":"NONE","seed_source_timestamp":25582962206246,"circlet_count":0,"master_deck":["AscendersBane","Defend_R","Defend_R","Defend_R","Defend_R","Bash+1","Anger","Immolate+1","Anger+1","Combust","Inflame+1","Shockwave+1","Offering","Evolve","Shrug It Off","Impervious","Feed+1","Cleave+1","Berserk+1","Infernal Blade","True Grit+1","Armaments+1","Demon Form+1","Juggernaut","Seeing Red","Warcry+1","Infernal Blade","Feel No Pain+1","Feel No Pain+1","Juggernaut+1","Sword Boomerang","Heavy Blade+1","Spot Weakness+1","Offering","Finesse","Finesse","Sadistic Nature+1","Pain","Corruption+1"],"relics":["Burning Blood","Pear","Pantograph","Paper Frog","Astrolabe","Whetstone","Mummified Hand","Regal Pillow","The Courier","Nloth\u0027s Gift","Frozen Egg 2","Cursed Key","Thread and Needle","Bag of Marbles"],"potions_floor_usage":[20,23,23,23,25,39,40,44,46,47],"damage_taken":[{"damage":2,"enemies":"Cultist","floor":1,"turns":4},{"damage":0,"enemies":"Small Slimes","floor":3,"turns":2},{"damage":0,"enemies":"2 Louse","floor":4,"turns":1},{"damage":0,"enemies":"Lots of Slimes","floor":5,"turns":1},{"damage":20,"enemies":"3 Sentries","floor":7,"turns":4},{"damage":10,"enemies":"Exordium Wildlife","floor":8,"turns":3},{"damage":17,"enemies":"Lagavulin","floor":10,"turns":4},{"damage":20,"enemies":"3 Sentries","floor":13,"turns":4},{"damage":4,"enemies":"Looter","floor":14,"turns":4},{"damage":9,"enemies":"Slime Boss","floor":16,"turns":4},{"damage":29,"enemies":"2 Thieves","floor":18,"turns":3},{"damage":20,"enemies":"3 Byrds","floor":19,"turns":4},{"damage":26,"enemies":"Snake Plant","floor":20,"turns":4},{"damage":10,"enemies":"Cultist and Chosen","floor":22,"turns":6},{"damage":15,"enemies":"Slavers","floor":23,"turns":3},{"damage":43,"enemies":"Book of Stabbing","floor":25,"turns":5},{"damage":4,"enemies":"Centurion and Healer","floor":27,"turns":6},{"damage":18,"enemies":"Snecko","floor":29,"turns":3},{"damage":11,"enemies":"Gremlin Leader","floor":30,"turns":5},{"damage":27,"enemies":"Champ","floor":33,"turns":9},{"damage":7,"enemies":"3 Shapes","floor":35,"turns":2},{"damage":45,"enemies":"3 Darklings","floor":38,"turns":6},{"damage":50,"enemies":"Jaw Worm Horde","floor":39,"turns":4},{"damage":25,"enemies":"Reptomancer","floor":40,"turns":3},{"damage":59,"enemies":"Nemesis","floor":44,"turns":5},{"damage":6,"enemies":"Spire Growth","floor":46,"turns":4},{"damage":47,"enemies":"Reptomancer","floor":47,"turns":2}],"seed_played":"8134416398256458016","potions_obtained":[{"floor":0,"key":"SteroidPotion"},{"floor":0,"key":"Swift Potion"},{"floor":1,"key":"Poison Potion"},{"floor":7,"key":"Explosive Potion"},{"floor":14,"key":"SteroidPotion"},{"floor":18,"key":"PowerPotion"},{"floor":20,"key":"SteroidPotion"},{"floor":27,"key":"BloodPotion"},{"floor":30,"key":"SkillPotion"},{"floor":33,"key":"Ancient Potion"},{"floor":40,"key":"Regen Potion"},{"floor":46,"key":"Swift Potion"}],"is_trial":false,"path_per_floor":["M","?","M","M","M","R","E","M","T","E","R","$","E","M","R","B",null,"M","M","M","$","M","E","R","E","T","M","?","M","E","$","R","B",null,"M","?","$","M","M","E","R","?","T","E","?","M","E"],"character_chosen":"IRONCLAD","items_purchased":["Evolve","Whetstone","Feel No Pain+1","Feel No Pain+1"],"campfire_rested":3,"item_purchase_floors":[12,21,31,31],"current_hp_per_floor":[72,72,75,75,75,75,61,57,67,56,56,56,42,44,44,66,80,57,47,31,31,31,26,56,23,23,29,29,17,16,16,64,68,102,101,101,101,66,22,18,69,59,59,15,15,15,0],"gold":270,"neow_bonus":"THREE_SMALL_POTIONS","is_prod":false,"is_daily":false,"chose_seed":false,"campfire_upgraded":3,"win_rate":0,"timestamp":1550598160,"path_taken":["M","?","?","M","M","R","E","M","T","E","R","$","E","M","R","BOSS","M","M","M","$","M","E","R","E","T","M","?","M","E","?","R","BOSS","M","?","$","M","?","E","R","?","T","E","?","M","E"],"build_version":"2019-01-23","purchased_purges":1,"victory":false,"max_hp_per_floor":[75,75,75,75,75,75,75,75,85,85,85,85,85,85,85,85,85,85,89,93,93,97,101,101,105,105,109,109,109,113,113,113,113,113,113,113,113,117,117,121,121,121,121,121,115,115,115],"card_choices":[{"not_picked":["Metallicize","Clash"],"picked":"Anger","floor":1},{"not_picked":["Cleave","Clash"],"picked":"Anger","floor":3},{"not_picked":["Evolve","Second Wind"],"picked":"Combust","floor":4},{"not_picked":["Perfected Strike","Flex"],"picked":"Inflame","floor":5},{"not_picked":["True Grit","Clash"],"picked":"Shockwave","floor":7},{"not_picked":["Twin Strike","Pommel Strike","Second Wind"],"picked":"SKIP","floor":8},{"not_picked":["Body Slam","Dropkick"],"picked":"Offering","floor":10},{"not_picked":["Sword Boomerang","Shockwave","True Grit"],"picked":"SKIP","floor":13},{"not_picked":["Dropkick","Anger"],"picked":"Shrug It Off","floor":14},{"not_picked":["Limit Break","Dark Embrace"],"picked":"Impervious","floor":16},{"not_picked":["Cleave","Uppercut","Perfected Strike"],"picked":"SKIP","floor":18},{"not_picked":["Wild Strike","Evolve"],"picked":"Infernal Blade","floor":19},{"not_picked":["Clothesline","Clash"],"picked":"True Grit+1","floor":20},{"not_picked":["Cleave","Thunderclap"],"picked":"Armaments+1","floor":22},{"not_picked":["Fiend Fire","Brutality"],"picked":"Demon Form","floor":23},{"not_picked":["Burning Pact","Blood for Blood"],"picked":"Juggernaut","floor":25},{"not_picked":["Pommel Strike","Perfected Strike"],"picked":"Seeing Red","floor":27},{"not_picked":["Evolve","Fire Breathing"],"picked":"Warcry+1","floor":29},{"not_picked":["Headbutt","Evolve"],"picked":"Infernal Blade","floor":30},{"not_picked":["Berserk+1","Brutality+1"],"picked":"Juggernaut+1","floor":33},{"not_picked":["Iron Wave","Wild Strike+1"],"picked":"Sword Boomerang","floor":35},{"not_picked":["Flex","Clothesline"],"picked":"Heavy Blade+1","floor":38},{"not_picked":["Headbutt","Armaments+1"],"picked":"Spot Weakness+1","floor":39},{"not_picked":["Heavy Blade","Body Slam"],"picked":"Offering","floor":40},{"not_picked":["Chrysalis","Madness"],"picked":"Finesse","floor":42},{"not_picked":["Magnetism+1","Impatience"],"picked":"Finesse","floor":42},{"not_picked":["Dramatic Entrance","Mind Blast"],"picked":"Sadistic Nature+1","floor":42},{"not_picked":["Pommel Strike","Twin Strike","Clothesline+1"],"picked":"SKIP","floor":44},{"not_picked":["Uppercut","Clothesline"],"picked":"Corruption+1","floor":46}],"player_experience":1310129,"relics_obtained":[{"floor":7,"key":"Potion Belt"},{"floor":9,"key":"Pear"},{"floor":10,"key":"Pantograph"},{"floor":13,"key":"Paper Frog"},{"floor":23,"key":"Mummified Hand"},{"floor":25,"key":"Regal Pillow"},{"floor":26,"key":"The Courier"},{"floor":30,"key":"Frozen Egg 2"},{"floor":40,"key":"Thread and Needle"},{"floor":44,"key":"Bag of Marbles"}],"event_choices":[{"damage_healed":0,"gold_gain":0,"cards_transformed":["Strike_R"],"player_choice":"Transformed","damage_taken":0,"max_hp_gain":0,"max_hp_loss":0,"event_name":"Transmorgrifier","floor":2,"gold_loss":0,"cards_obtained":["Immolate"]},{"damage_healed":0,"gold_gain":0,"player_choice":"Traded Relic","damage_taken":0,"relics_obtained":["Nloth\u0027s Gift"],"max_hp_gain":0,"max_hp_loss":0,"event_name":"N\u0027loth","floor":28,"relics_lost":["Potion Belt"],"gold_loss":0},{"damage_healed":0,"gold_gain":0,"player_choice":"Upgraded","damage_taken":0,"max_hp_gain":0,"max_hp_loss":0,"event_name":"Upgrade Shrine","floor":36,"gold_loss":0,"cards_upgraded":["Demon Form"]},{"damage_healed":0,"gold_gain":0,"player_choice":"Memory 3","damage_taken":10,"max_hp_gain":0,"max_hp_loss":0,"event_name":"SensoryStone","floor":42,"gold_loss":0},{"damage_healed":0,"gold_gain":0,"player_choice":"Max HP","damage_taken":0,"max_hp_gain":0,"max_hp_loss":6,"event_name":"Winding Halls","floor":45,"gold_loss":0}],"is_beta":false,"boss_relics":[{"not_picked":["Pandora\u0027s Box","Black Blood"],"picked":"Astrolabe"},{"not_picked":["Runic Dome","Lizard Tail"],"picked":"Cursed Key"}],"items_purged_floors":[12],"is_endless":false,"potions_floor_spawned":[1,7,14,16,18,20,27,30,33,40,46],"killed_by":"Reptomancer","ascension_level":20}