{"gold_per_floor":[111,122,92,105,124,124,152,152,177,177,187,213,225,251,251,324,324,336,356,356,78,78,78],"floor_reached":23,"playtime":1983,"items_purged":[],"score":422,"play_id":"deed0d9a-18cd-41c4-a26b-d3306341ea45","local_time":"20191001091709","is_ascension_mode":true,"campfire_choices":[{"data":"Zap","floor":6,"key":"SMITH"},{"data":"Creative AI","floor":8,"key":"SMITH"},{"data":"Buffer","floor":15,"key":"SMITH"}],"neow_cost":"NONE","seed_source_timestamp":60726909841800,"circlet_count":0,"master_deck":["AscendersBane","Zap+1","Dualcast","Cold Snap+1","Sweeping Beam","Creative AI+1","Sunder","Genetic Algorithm","Hologram","Buffer+1","Seek","Force Field","Reprogram","Leap","Rip and Tear","Undo","Double Energy","Force Field","Compile Driver","Reinforced Body","FTL"],"relics":["Cracked Core","NeowsBlessing","Bag of Preparation","Pen Nib","Omamori","Whetstone","Pandora\u0027s Box","Bottled Lightning","CaptainsWheel"],"potions_floor_usage":[16,16],"damage_taken":[{"damage":0,"enemies":"Cultist","floor":1,"turns":1},{"damage":0,"enemies":"2 Louse","floor":2,"turns":1},{"damage":0,"enemies":"Small Slimes","floor":4,"turns":1},{"damage":4,"enemies":"Looter","floor":5,"turns":3},{"damage":19,"enemies":"Lagavulin","floor":7,"turns":9},{"damage":2,"enemies":"Large Slime","floor":11,"turns":5},{"damage":30,"enemies":"3 Sentries","floor":12,"turns":6},{"damage":3,"enemies":"Blue Slaver","floor":13,"turns":4},{"damage":49,"enemies":"Lagavulin","floor":14,"turns":9},{"damage":9,"enemies":"Slime Boss","floor":16,"turns":11},{"damage":22,"enemies":"Shell Parasite","floor":18,"turns":8},{"damage":4,"enemies":"Chosen","floor":19,"turns":7},{"damage":32,"enemies":"Gremlin Leader","floor":23,"turns":4}],"seed_played":"-6268376404905169152","potions_obtained":[{"floor":2,"key":"SteroidPotion"},{"floor":3,"key":"Dexterity Potion"},{"floor":5,"key":"FairyPotion"},{"floor":14,"key":"Swift Potion"},{"floor":16,"key":"SkillPotion"},{"floor":18,"key":"PotionOfCapacity"}],"is_trial":false,"path_per_floor":["M","M","?","M","M","R","E","R","T","?","M","E","M","E","R","B",null,"M","M","?","$","?","E"],"character_chosen":"DEFECT","items_purchased":["Bottled Lightning"],"campfire_rested":0,"item_purchase_floors":[21],"current_hp_per_floor":[64,64,64,64,60,60,41,41,41,71,69,39,36,21,21,12,56,34,30,30,30,30,0],"gold":78,"neow_bonus":"THREE_ENEMY_KILL","is_prod":false,"is_daily":false,"chose_seed":false,"campfire_upgraded":3,"win_rate":0,"timestamp":1569914229,"path_taken":["M","?","?","?","M","R","E","R","T","?","?","E","M","E","R","BOSS","M","M","?","$","?","E"],"build_version":"2019-09-27","purchased_purges":0,"victory":false,"max_hp_per_floor":[71,71,71,71,71,71,71,71,71,71,71,71,71,71,71,71,71,71,71,71,71,71,71],"card_choices":[{"not_picked":["Steam","Rebound"],"picked":"Cold Snap","floor":1},{"not_picked":["BootSequence","Cold Snap"],"picked":"Sweeping Beam","floor":2},{"not_picked":["Hologram","Rebound"],"picked":"Creative AI","floor":4},{"not_picked":["Rebound","Force Field"],"picked":"Chill","floor":5},{"not_picked":["Rebound","Chill","Rip and Tear"],"picked":"SKIP","floor":7},{"not_picked":["Hello World","Gash"],"picked":"Sunder","floor":11},{"not_picked":["Leap","Static Discharge"],"picked":"Genetic Algorithm","floor":12},{"not_picked":["Go for the Eyes","Redo"],"picked":"Hologram","floor":13},{"not_picked":["Stack","Undo"],"picked":"Buffer","floor":14},{"not_picked":["Core Surge","All For One"],"picked":"Seek","floor":16},{"not_picked":["Hologram","Skim"],"picked":"Force Field","floor":18},{"not_picked":["Conserve Battery","Redo"],"picked":"Compile Driver","floor":19}],"player_experience":2127649,"relics_obtained":[{"floor":7,"key":"Bag of Preparation"},{"floor":9,"key":"Pen Nib"},{"floor":12,"key":"Omamori"},{"floor":14,"key":"Whetstone"}],"event_choices":[{"damage_healed":0,"gold_gain":0,"player_choice":"Bought 2 Potions","damage_taken":0,"max_hp_gain":0,"max_hp_loss":0,"event_name":"The Woman in Blue","floor":3,"gold_loss":0},{"cards_removed":["Chill"],"damage_healed":30,"gold_gain":0,"player_choice":"Offered Uncommon","damage_taken":0,"max_hp_gain":0,"max_hp_loss":0,"event_name":"Bonfire Elementals","floor":10,"gold_loss":0},{"damage_healed":0,"gold_gain":0,"cards_transformed":["Steam Power","Blizzard"],"player_choice":"Became Test Subject","damage_taken":0,"max_hp_gain":0,"max_hp_loss":0,"event_name":"Drug Dealer","floor":20,"gold_loss":0,"cards_obtained":["Reinforced Body","FTL"]},{"damage_healed":0,"gold_gain":0,"player_choice":"Stole Relic","damage_taken":0,"relics_obtained":["CaptainsWheel"],"max_hp_gain":0,"max_hp_loss":0,"event_name":"Addict","floor":22,"gold_loss":0,"cards_obtained":["Shame"]}],"is_beta":true,"boss_relics":[{"not_picked":["SlaversCollar","Runic Pyramid"],"picked":"Pandora\u0027s Box"}],"items_purged_floors":[],"is_endless":false,"potions_floor_spawned":[2,5,14,16,18],"killed_by":"Gremlin Leader","ascension_level":20}