{"gold_per_floor":[109,126,40,57,57,57,85,85,85,120,171,171,183,51,51,126,126,142,142,67,82,82,82,96,116,162,162,76,76,86,115,115,115],"floor_reached":33,"playtime":1530,"items_purged":["Strike_R"],"score":596,"play_id":"e70c7b49-5633-487b-999b-3fc11305915f","local_time":"20190811172407","is_ascension_mode":true,"campfire_choices":[{"data":"Bash","floor":6.0,"key":"SMITH"},{"data":"Shockwave","floor":8.0,"key":"SMITH"},{"data":"Anger","floor":15.0,"key":"SMITH"},{"floor":23.0,"key":"REST"},{"floor":27.0,"key":"REST"},{"data":"1","floor":32,"key":"LIFT"}],"neow_cost":"NONE","seed_source_timestamp":0,"circlet_count":0,"master_deck":["AscendersBane","Strike_R","Strike_R","Strike_R","Defend_R","Defend_R","Defend_R","Defend_R","Bash+1","Shockwave+1","Headbutt","Battle Trance","Evolve","Ghostly Armor","Shrug It Off","Offering","Perfected Strike+1","Blood for Blood","Blood for Blood","Heavy Blade","Inflame","Reaper","Shrug It Off","Pommel Strike+1"],"special_seed":0,"relics":["Burning Blood","Thread and Needle","Peace Pipe","Lantern","Pantograph","Snecko Eye","PreservedInsect","Girya"],"potions_floor_usage":[33],"damage_taken":[{"damage":12.0,"enemies":"Cultist","floor":1.0,"turns":4.0},{"damage":3.0,"enemies":"2 Louse","floor":2.0,"turns":4.0},{"damage":1.0,"enemies":"Small Slimes","floor":4.0,"turns":4.0},{"damage":40.0,"enemies":"3 Sentries","floor":7.0,"turns":14.0},{"damage":13.0,"enemies":"Lagavulin","floor":10.0,"turns":6.0},{"damage":2.0,"enemies":"Looter","floor":13.0,"turns":3.0},{"damage":45.0,"enemies":"Slime Boss","floor":16.0,"turns":12.0},{"damage":30.0,"enemies":"3 Byrds","floor":18.0,"turns":10.0},{"damage":11.0,"enemies":"2 Thieves","floor":21.0,"turns":3.0},{"damage":28.0,"enemies":"Snake Plant","floor":24.0,"turns":5.0},{"damage":8.0,"enemies":"Cultist and Chosen","floor":25.0,"turns":5.0},{"damage":5.0,"enemies":"Centurion and Healer","floor":30.0,"turns":4.0},{"damage":0,"enemies":"Book of Stabbing","floor":31,"turns":2},{"damage":100,"enemies":"Champ","floor":33,"turns":11}],"seed_played":"-6089484964836252152","potions_obtained":[{"floor":0.0,"key":"Weak Potion"},{"floor":0.0,"key":"Explosive Potion"},{"floor":21.0,"key":"Dexterity Potion"},{"floor":25.0,"key":"Fire Potion"}],"is_trial":false,"path_per_floor":["M","M","$","M","?","R","E","R","T","E","?","?","M","$","R","B",null,"M","?","?","M","?","R","M","M","T","R","$","?","M","E","R","B"],"character_chosen":"IRONCLAD","items_purchased":["Battle Trance","Shrug It Off","Inflame"],"campfire_rested":2,"item_purchase_floors":[3,14,28],"current_hp_per_floor":[62,65,65,70,70,70,36,36,36,29,29,18,22,22,22,8,58,34,34,34,29,8,32,10,8,8,32,32,32,43,49,49,0],"gold":115,"neow_bonus":"THREE_SMALL_POTIONS","is_prod":false,"is_daily":false,"chose_seed":false,"campfire_upgraded":3,"win_rate":0,"timestamp":1565537047,"path_taken":["M","M","?","M","?","R","E","R","T","E","?","?","M","$","R","BOSS","M","?","?","M","?","R","M","?","T","R","?","?","M","E","R","BOSS"],"build_version":"2019-07-17","purchased_purges":1,"victory":false,"max_hp_per_floor":[75,75,75,75,75,75,75,75,75,75,75,75,75,75,75,75,75,75,75,75,75,80,80,80,80,80,80,80,80,80,80,80,80],"card_choices":[{"not_picked":["Feel No Pain","Fire Breathing"],"picked":"Shockwave","floor":1.0},{"not_picked":["Corruption","Burning Pact"],"picked":"Headbutt","floor":2.0},{"not_picked":["Fire Breathing","Second Wind"],"picked":"Evolve","floor":4.0},{"not_picked":["Cleave","Clash"],"picked":"Anger","floor":7.0},{"not_picked":["Reckless Charge","Fire Breathing"],"picked":"Anger","floor":10.0},{"not_picked":["Hemokinesis","Havoc"],"picked":"Ghostly Armor","floor":13.0},{"not_picked":["Juggernaut","Double Tap"],"picked":"Offering","floor":16.0},{"not_picked":["Havoc","Cleave"],"picked":"Perfected Strike+1","floor":18.0},{"not_picked":["Burning Pact","Berserk"],"picked":"Heavy Blade","floor":21.0},{"not_picked":["Twin Strike","Heavy Blade","Ghostly Armor"],"picked":"SKIP","floor":24.0},{"not_picked":["Iron Wave","Intimidate","Flex"],"picked":"SKIP","floor":25.0},{"not_picked":["Sword Boomerang","Thunderclap","Pommel Strike"],"picked":"SKIP","floor":30.0},{"not_picked":["Body Slam","Iron Wave"],"picked":"Pommel Strike+1","floor":31}],"player_experience":1899043,"relics_obtained":[{"floor":7.0,"key":"Thread and Needle"},{"floor":9.0,"key":"Peace Pipe"},{"floor":10.0,"key":"Lantern"},{"floor":26.0,"key":"PreservedInsect"},{"floor":31,"key":"Girya"}],"event_choices":[{"damage_healed":0.0,"max_hp_gain":0.0,"max_hp_loss":0.0,"gold_gain":0.0,"event_name":"The Cleric","player_choice":"Leave","floor":5.0,"gold_loss":0.0,"damage_taken":0.0},{"damage_healed":0.0,"max_hp_gain":0.0,"max_hp_loss":0.0,"gold_gain":51.0,"event_name":"Golden Wing","player_choice":"Gained Gold","floor":11.0,"gold_loss":0.0,"damage_taken":0.0},{"damage_healed":0.0,"max_hp_gain":0.0,"max_hp_loss":0.0,"gold_gain":0.0,"event_name":"Scrap Ooze","player_choice":"Success","floor":12.0,"gold_loss":0.0,"damage_taken":11.0,"relics_obtained":["Pantograph"]},{"damage_healed":0.0,"max_hp_gain":0.0,"max_hp_loss":0.0,"gold_gain":0.0,"cards_transformed":["Anger","Anger"],"event_name":"Drug Dealer","player_choice":"Became Test Subject","floor":19.0,"gold_loss":0.0,"damage_taken":0.0,"cards_obtained":["Blood for Blood","Blood for Blood"]},{"cards_removed":["Strike_R"],"damage_healed":0.0,"max_hp_gain":0.0,"max_hp_loss":0.0,"gold_gain":0.0,"event_name":"Beggar","player_choice":"Gave Gold","floor":20.0,"gold_loss":75.0,"damage_taken":0.0},{"damage_healed":0.0,"max_hp_gain":5.0,"max_hp_loss":0.0,"gold_gain":0.0,"event_name":"Forgotten Altar","player_choice":"Shed Blood","floor":22.0,"gold_loss":0.0,"damage_taken":26.0},{"damage_healed":0.0,"max_hp_gain":0.0,"max_hp_loss":0.0,"gold_gain":0.0,"event_name":"Match and Keep!","player_choice":"2 cards matched","floor":29.0,"gold_loss":0.0,"damage_taken":0.0,"cards_obtained":["Reaper","Shrug It Off"]}],"is_beta":false,"boss_relics":[{"not_picked":["Coffee Dripper","Empty Cage"],"picked":"Snecko Eye"}],"items_purged_floors":[14],"is_endless":false,"potions_floor_spawned":[1,10,21,25],"killed_by":"Champ","ascension_level":20}