{"gold_per_floor":[116,116,2,2,16,45,45,79,79,90,90,120,68,95,95,170,170,180,79,79,79,96,96,110,110,134,164,164,176,76,76],"floor_reached":31,"playtime":945,"items_purged":["Strike_G","Strike_G"],"score":608,"play_id":"8426f88b-3687-41cd-80e1-bf069744b0db","local_time":"20190811174109","is_ascension_mode":true,"campfire_choices":[{"data":"Dagger Spray","floor":7,"key":"SMITH"},{"data":"Catalyst","floor":11,"key":"SMITH"},{"floor":15,"key":"REST"},{"data":"Wraith Form v2","floor":23,"key":"SMITH"},{"data":"Footwork","floor":25,"key":"SMITH"},{"floor":28,"key":"REST"}],"neow_cost":"NONE","seed_source_timestamp":6490611013733,"circlet_count":0,"master_deck":["AscendersBane","Strike_G","Strike_G+1","Strike_G","Defend_G+1","Defend_G","Defend_G","Defend_G","Defend_G","Survivor","Neutralize","Cloak And Dagger","Bouncing Flask","Dagger Spray+1","Escape Plan","Well Laid Plans","Bouncing Flask","Catalyst+1","Malaise","Poisoned Stab","Noxious Fumes","Footwork+1","Wraith Form v2+1","Backflip","Dodge and Roll","Noxious Fumes","Noxious Fumes+1","Backflip","PiercingWail"],"relics":["Ring of the Snake","NeowsBlessing","Tough Bandages","Matryoshka","Pear","Dream Catcher","Velvet Choker","Nloth\u0027s Gift","Blood Vial","Ancient Tea Set","Potion Belt"],"potions_floor_usage":[12,31,31],"damage_taken":[{"damage":0,"enemies":"Jaw Worm","floor":1,"turns":1},{"damage":0,"enemies":"2 Louse","floor":5,"turns":1},{"damage":0,"enemies":"Gremlin Nob","floor":6,"turns":1},{"damage":17,"enemies":"Lagavulin","floor":8,"turns":7},{"damage":0,"enemies":"Small Slimes","floor":10,"turns":3},{"damage":13,"enemies":"3 Sentries","floor":12,"turns":4},{"damage":11,"enemies":"Gremlin Nob","floor":14,"turns":3},{"damage":21,"enemies":"Slime Boss","floor":16,"turns":8},{"damage":21,"enemies":"Shell Parasite","floor":18,"turns":6},{"damage":7,"enemies":"Chosen","floor":22,"turns":5},{"damage":12,"enemies":"Centurion and Healer","floor":24,"turns":8},{"damage":11,"enemies":"Book of Stabbing","floor":27,"turns":8},{"damage":17,"enemies":"Snake Plant","floor":29,"turns":6},{"damage":33,"enemies":"Slavers","floor":31,"turns":2}],"seed_played":"-5923905559120495023","potions_obtained":[{"floor":5,"key":"Explosive Potion"},{"floor":6,"key":"Ancient Potion"},{"floor":12,"key":"LiquidBronze"},{"floor":14,"key":"Weak Potion"},{"floor":18,"key":"Poison Potion"}],"is_trial":false,"path_per_floor":["M","?","$","?","M","E","R","E","T","M","R","E","$","E","R","B",null,"M","$","?","?","M","R","M","R","T","E","R","M","$","E"],"character_chosen":"THE_SILENT","items_purchased":["Bouncing Flask","Dagger Spray","Poisoned Stab","Backflip"],"campfire_rested":2,"item_purchase_floors":[3,3,13,19],"current_hp_per_floor":[59,39,39,44,44,44,44,27,27,27,27,24,24,13,37,16,65,44,44,44,44,37,37,25,25,25,16,40,25,25,0],"gold":76,"neow_bonus":"THREE_ENEMY_KILL","is_prod":false,"is_daily":false,"chose_seed":false,"campfire_upgraded":4,"win_rate":0,"timestamp":1565538069,"path_taken":["M","?","$","?","M","E","R","E","T","M","R","E","$","E","R","BOSS","M","$","?","?","?","R","M","R","T","E","R","M","$","E"],"build_version":"2019-07-17","purchased_purges":2,"victory":false,"max_hp_per_floor":[66,66,66,71,71,71,71,71,71,71,71,81,81,81,81,81,81,81,81,81,81,81,81,81,81,81,81,81,81,81,81],"card_choices":[{"not_picked":["Dodge and Roll","All Out Attack"],"picked":"Cloak And Dagger","floor":1},{"not_picked":["Deflect","Sucker Punch"],"picked":"Escape Plan","floor":5},{"not_picked":["Night Terror","PiercingWail"],"picked":"Well Laid Plans","floor":6},{"not_picked":["Well Laid Plans","Deflect"],"picked":"Bouncing Flask","floor":8},{"not_picked":["Bane","Flechettes"],"picked":"Catalyst","floor":10},{"not_picked":["Cloak And Dagger","Wraith Form v2"],"picked":"Malaise","floor":12},{"not_picked":["Heel Hook","Prepared"],"picked":"Noxious Fumes","floor":14},{"not_picked":["Blade Dance","Dodge and Roll"],"picked":"Footwork","floor":15},{"not_picked":["Adrenaline","Night Terror"],"picked":"Wraith Form v2","floor":16},{"not_picked":["Bane","Cloak And Dagger","Well Laid Plans"],"picked":"SKIP","floor":18},{"not_picked":["Sucker Punch+1","Quick Slash"],"picked":"Dodge and Roll","floor":22},{"not_picked":["Glass Knife","Prepared"],"picked":"Noxious Fumes","floor":24},{"not_picked":["Expertise","Malaise"],"picked":"Noxious Fumes+1","floor":27},{"not_picked":["Prepared","Blur"],"picked":"Backflip","floor":28},{"not_picked":["Blur","Endless Agony+1"],"picked":"PiercingWail","floor":29}],"player_experience":1900573,"relics_obtained":[{"floor":6,"key":"Tough Bandages"},{"floor":8,"key":"Bag of Marbles"},{"floor":9,"key":"Matryoshka"},{"floor":12,"key":"Pear"},{"floor":14,"key":"Dream Catcher"},{"floor":26,"key":"Blood Vial"},{"floor":26,"key":"Ancient Tea Set"},{"floor":27,"key":"Potion Belt"}],"event_choices":[{"damage_healed":0,"gold_gain":0,"player_choice":"Entered Light","damage_taken":20,"max_hp_gain":0,"max_hp_loss":0,"event_name":"Shining Light","floor":2,"gold_loss":0,"cards_upgraded":["Strike_G","Defend_G"]},{"damage_healed":0,"gold_gain":0,"player_choice":"Donut","damage_taken":0,"max_hp_gain":5,"max_hp_loss":0,"event_name":"Big Fish","floor":4,"gold_loss":0},{"damage_healed":0,"gold_gain":0,"player_choice":"Ignored","damage_taken":0,"max_hp_gain":0,"max_hp_loss":0,"event_name":"The Mausoleum","floor":20,"gold_loss":0},{"damage_healed":0,"gold_gain":0,"player_choice":"Traded Relic","damage_taken":0,"relics_obtained":["Nloth\u0027s Gift"],"max_hp_gain":0,"max_hp_loss":0,"event_name":"N\u0027loth","floor":21,"relics_lost":["Bag of Marbles"],"gold_loss":0}],"is_beta":false,"boss_relics":[{"not_picked":["Fusion Hammer","White Beast Statue"],"picked":"Velvet Choker"}],"items_purged_floors":[19,30],"is_endless":false,"potions_floor_spawned":[5,6,12,14,18,22,24],"killed_by":"Slavers","ascension_level":20}