{"gold_per_floor":[12,12,12,22,34,63,63,83,83,83],"floor_reached":10,"playtime":631,"items_purged":[],"score":110,"play_id":"0a7c775f-7bea-4b4e-9684-647e7ecbcca3","local_time":"20190415132035","is_ascension_mode":true,"campfire_choices":[{"data":"Footwork","floor":7,"key":"SMITH"}],"neow_cost":"NO_GOLD","seed_source_timestamp":134389999579140,"circlet_count":0,"master_deck":["Defend_G","Defend_G","Defend_G","Defend_G","Defend_G","Strike_G","Strike_G","Strike_G","Strike_G","Strike_G","Survivor","Neutralize+1","Footwork+1","Dodge and Roll","Dagger Spray","Dagger Throw","Finisher"],"relics":["Ring of the Snake","Torii","Peace Pipe"],"potions_floor_usage":[6,10,10],"damage_taken":[{"damage":3,"enemies":"Cultist","floor":1,"turns":5},{"damage":0,"enemies":"Small Slimes","floor":4,"turns":4},{"damage":5,"enemies":"Jaw Worm","floor":5,"turns":8},{"damage":52,"enemies":"Lagavulin","floor":6,"turns":15},{"damage":16,"enemies":"Gremlin Gang","floor":8,"turns":6},{"damage":42,"enemies":"Gremlin Nob","floor":10,"turns":5}],"seed_played":"3715090351258069278","potions_obtained":[{"floor":1,"key":"Swift Potion"},{"floor":5,"key":"LiquidBronze"},{"floor":8,"key":"SneckoOil"}],"is_trial":false,"path_per_floor":["M","?","?","M","M","E","R","M","T","E"],"character_chosen":"THE_SILENT","items_purchased":[],"campfire_rested":0,"item_purchase_floors":[],"current_hp_per_floor":[81,86,86,86,81,29,29,13,13,0],"gold":83,"neow_bonus":"TWENTY_PERCENT_HP_BONUS","is_prod":false,"is_daily":false,"chose_seed":false,"campfire_upgraded":1,"win_rate":0,"timestamp":1555359635,"path_taken":["M","?","?","M","M","E","R","M","T","E"],"build_version":"2019-01-23","purchased_purges":0,"victory":false,"max_hp_per_floor":[84,89,89,89,89,89,89,89,89,89],"card_choices":[{"not_picked":["Dash","Outmaneuver"],"picked":"Footwork","floor":1},{"not_picked":["Bane","Cloak And Dagger"],"picked":"Dodge and Roll","floor":4},{"not_picked":["Dodge and Roll","Underhanded Strike"],"picked":"Dagger Spray","floor":5},{"not_picked":["Dodge and Roll","Bane"],"picked":"Dagger Throw","floor":6},{"not_picked":["PiercingWail","Flying Knee"],"picked":"Finisher","floor":8}],"player_experience":583447,"relics_obtained":[{"floor":6,"key":"Torii"},{"floor":9,"key":"Peace Pipe"}],"event_choices":[{"damage_healed":0,"gold_gain":0,"player_choice":"Donut","damage_taken":0,"max_hp_gain":5,"max_hp_loss":0,"event_name":"Big Fish","floor":2,"gold_loss":0},{"damage_healed":0,"gold_gain":0,"player_choice":"Upgraded","damage_taken":0,"max_hp_gain":0,"max_hp_loss":0,"event_name":"Upgrade Shrine","floor":3,"gold_loss":0,"cards_upgraded":["Neutralize"]}],"is_beta":false,"boss_relics":[],"items_purged_floors":[],"is_endless":false,"potions_floor_spawned":[1,5,8],"killed_by":"Gremlin Nob","ascension_level":5}