{"gold_per_floor":[110,122,140,157,171,171,197,197,272,272,285,285,250,265,265,369,419,432,69,83,83,83,118,118],"floor_reached":24,"playtime":1258,"items_purged":["Parasite"],"score":218,"play_id":"7e721499-be73-419d-9ce0-b74dca6f608b","local_time":"20190929231250","is_ascension_mode":false,"campfire_choices":[{"data":"Neutralize","floor":6.0,"key":"SMITH"},{"floor":10.0,"key":"REST"},{"data":"Deadly Poison","floor":12.0,"key":"SMITH"},{"floor":15.0,"key":"REST"}],"neow_cost":"NONE","seed_source_timestamp":670256082261900,"circlet_count":0,"master_deck":["Strike_G","Strike_G","Strike_G","Strike_G","Defend_G","Defend_G","Defend_G","Defend_G","Defend_G","Survivor+1","Neutralize+1","Heel Hook","Sucker Punch","Deadly Poison+1","Dodge and Roll","Flying Knee","Glass Knife","Adrenaline","PiercingWail","Cloak And Dagger","Footwork","Noxious Fumes","Footwork","Well Laid Plans","Noxious Fumes","Poisoned Stab","Deadly Poison","Sucker Punch+1"],"special_seed":0,"relics":["Ring of the Snake","The Courier","Bottled Lightning","Tiny House","Girya"],"potions_floor_usage":[20,24,24],"damage_taken":[{"damage":4.0,"enemies":"Cultist","floor":1.0,"turns":5.0},{"damage":0.0,"enemies":"Jaw Worm","floor":2.0,"turns":3.0},{"damage":2.0,"enemies":"2 Louse","floor":3.0,"turns":3.0},{"damage":7.0,"enemies":"Large Slime","floor":4.0,"turns":8.0},{"damage":3.0,"enemies":"Exordium Thugs","floor":5.0,"turns":5.0},{"damage":46.0,"enemies":"3 Sentries","floor":7.0,"turns":11.0},{"damage":4.0,"enemies":"Exordium Wildlife","floor":11.0,"turns":6.0},{"damage":13.0,"enemies":"Large Slime","floor":14.0,"turns":8.0},{"damage":38.0,"enemies":"Hexaghost","floor":16.0,"turns":12.0},{"damage":2.0,"enemies":"Chosen","floor":18.0,"turns":6.0},{"damage":9,"enemies":"3 Byrds","floor":20,"turns":5},{"damage":40,"enemies":"Book of Stabbing","floor":23,"turns":7},{"damage":40,"enemies":"3 Cultists","floor":24,"turns":7}],"seed_played":"817093258826648231","potions_obtained":[{"floor":2.0,"key":"Regen Potion"},{"floor":4.0,"key":"Strength Potion"},{"floor":16.0,"key":"FearPotion"},{"floor":17.0,"key":"SpeedPotion"},{"floor":18.0,"key":"GhostInAJar"}],"is_trial":false,"path_per_floor":["M","M","M","M","M","R","E","?","T","R","M","R","?","M","R","B",null,"M","$","M","?","?","E","M"],"character_chosen":"THE_SILENT","items_purchased":["Footwork","Noxious Fumes","Footwork","Well Laid Plans","Noxious Fumes"],"campfire_rested":2,"item_purchase_floors":[19,19,19,19,19],"current_hp_per_floor":[66,66,64,57,54,54,8,25,25,46,42,42,59,46,67,29,75,73,72,63,63,63,23,0],"gold":118,"neow_bonus":"TRANSFORM_CARD","is_prod":false,"is_daily":false,"chose_seed":false,"campfire_upgraded":2,"win_rate":0,"timestamp":1569769970,"path_taken":["M","M","M","M","M","R","E","?","T","R","M","R","?","M","R","BOSS","M","$","M","?","?","E","M"],"build_version":"2019-07-17","purchased_purges":1,"victory":false,"max_hp_per_floor":[70,70,70,70,70,70,70,70,70,70,70,70,70,70,70,70,75,75,72,72,72,72,72,72],"card_choices":[{"not_picked":["Blade Dance","Calculated Gamble"],"picked":"Sucker Punch","floor":1.0},{"not_picked":["Masterful Stab","Blade Dance"],"picked":"Deadly Poison","floor":2.0},{"not_picked":["Dagger Spray","Dagger Throw"],"picked":"Dodge and Roll","floor":3.0},{"not_picked":["Tactician","Backflip","Underhanded Strike"],"picked":"SKIP","floor":4.0},{"not_picked":["Prepared","Dagger Spray"],"picked":"Flying Knee","floor":5.0},{"not_picked":["Underhanded Strike","Backflip","Setup"],"picked":"SKIP","floor":7.0},{"not_picked":["Dagger Spray","Skewer","Bane"],"picked":"SKIP","floor":11.0},{"not_picked":["Flying Knee","Dash"],"picked":"Glass Knife","floor":14.0},{"not_picked":["Venomology","Night Terror"],"picked":"Adrenaline","floor":16.0},{"not_picked":["Flying Knee","Quick Slash"],"picked":"PiercingWail","floor":17.0},{"not_picked":["Slice","Blade Dance"],"picked":"Cloak And Dagger","floor":18.0},{"not_picked":["Calculated Gamble+1","Prepared","Deflect"],"picked":"SKIP","floor":20},{"not_picked":["Wraith Form v2","Heel Hook"],"picked":"Sucker Punch+1","floor":23}],"player_experience":229030,"relics_obtained":[{"floor":7.0,"key":"The Courier"},{"floor":9.0,"key":"Bottled Lightning"},{"floor":23,"key":"Girya"}],"event_choices":[{"damage_healed":17.0,"max_hp_gain":0.0,"max_hp_loss":0.0,"gold_gain":0.0,"event_name":"Mushrooms","player_choice":"Healed and dodged fight","floor":8.0,"gold_loss":0.0,"damage_taken":0.0,"cards_obtained":["Parasite"]},{"damage_healed":17.0,"max_hp_gain":0.0,"max_hp_loss":0.0,"gold_gain":0.0,"event_name":"The Cleric","player_choice":"Healed","floor":13.0,"gold_loss":35.0,"damage_taken":0.0},{"damage_healed":0,"gold_gain":0,"player_choice":"Read","damage_taken":0,"max_hp_gain":0,"max_hp_loss":0,"event_name":"The Library","floor":21,"gold_loss":0,"cards_obtained":["Poisoned Stab"]},{"damage_healed":0,"gold_gain":0,"player_choice":"1 cards matched","damage_taken":0,"max_hp_gain":0,"max_hp_loss":0,"event_name":"Match and Keep!","floor":22,"gold_loss":0,"cards_obtained":["Deadly Poison"]}],"is_beta":false,"boss_relics":[{"not_picked":["Busted Crown","Calling Bell"],"picked":"Tiny House"}],"items_purged_floors":[19],"is_endless":false,"potions_floor_spawned":[2,4,16,18],"killed_by":"3 Cultists","ascension_level":0}