{"gold_per_floor":[114,129,129,144,159,159,189,189,189,39,39,69,84,99,99,199,199,214,228,328,28,43,43,73,73,123,123,138,138,168,183,183,283,333,348,363,378,25,25,55,70,70,70,85,85,115,130,130,130,130],"floor_reached":51,"playtime":9262,"items_purged":[],"score":1082,"play_id":"a19d33d5-432f-4004-854b-5dd490af6116","local_time":"20190319090106","daily_mods":["Insanity","Hoarder","Lethality"],"is_ascension_mode":false,"campfire_choices":[{"data":"Sucker Punch","floor":6,"key":"SMITH"},{"floor":8,"key":"DIG"},{"floor":11,"key":"DIG"},{"floor":15,"key":"DIG"},{"floor":23,"key":"DIG"},{"floor":25,"key":"DIG"},{"floor":29,"key":"DIG"},{"floor":32,"key":"DIG"},{"floor":42,"key":"DIG"},{"floor":45,"key":"DIG"},{"floor":49,"key":"DIG"}],"neow_cost":"","seed_source_timestamp":0,"circlet_count":0,"master_deck":["Choke","Poisoned Stab","Dagger Spray","Caltrops","Poisoned Stab","Dodge and Roll","Outmaneuver+1","Deflect","PiercingWail","Dagger Throw","Bane","Choke","Deadly Poison","Backflip","Dodge and Roll","Blade Dance","Slice","Acrobatics","Sucker Punch","Quick Slash","Catalyst","Masterful Stab","Outmaneuver","Accuracy","Prepared","Dagger Spray","Calculated Gamble","Cloak And Dagger","Deflect","Dagger Spray","Escape Plan","Skewer","Dagger Throw","Deadly Poison","Calculated Gamble","Concentrate","Dagger Throw","Acrobatics","Dash","Bane","Deadly Poison","Masterful Stab","Distraction","Escape Plan","Distraction","Slice","Finisher","Sucker Punch+1","Skewer+1","Outmaneuver","Bouncing Flask","Bouncing Flask","Escape Plan","Escape Plan","Escape Plan","Slice","Slice","Slice","Tools of the Trade","Tools of the Trade","Tools of the Trade","Venomology","Venomology","Venomology","Backflip","Backflip","Backflip+1","Terror+1","Terror+1","Terror+1","Backstab","Backstab","Backstab","Writhe","Writhe","Writhe","Deflect+1","Deflect+1","Deflect+1","Backflip","Backflip","Backflip","Unload","Unload","Unload","Sucker Punch+1","Sucker Punch+1","Sucker Punch+1","Well Laid Plans","Well Laid Plans","Well Laid Plans","Tactician","Tactician","Tactician","Madness","Madness","Madness","Madness","Madness","Madness","Slice+1","Slice+1","Slice+1","Noxious Fumes","Noxious Fumes","Noxious Fumes"],"special_seed":17974,"relics":["Ring of the Snake","Shovel","Matryoshka","Question Card","Boot","PreservedInsect","Juzu Bracelet","Ornamental Fan","Shuriken","Busted Crown","Red Mask","The Specimen","Blue Candle","Bag of Preparation","Bag of Marbles","War Paint","Sundial","Pear","Dream Catcher","Potion Belt","Omamori","Incense Burner","Bird Faced Urn","The Courier","Tiny House","Turnip","Tough Bandages","Vajra","Ninja Scroll","Oddly Smooth Stone","Torii","Orichalcum"],"potions_floor_usage":[16,16,18,19,19,20,20,24,33,33,33,37,37,40,50,50,50],"damage_taken":[{"damage":0,"enemies":"2 Louse","floor":1,"turns":1},{"damage":0,"enemies":"Cultist","floor":2,"turns":2},{"damage":0,"enemies":"Jaw Worm","floor":4,"turns":1},{"damage":0,"enemies":"Large Slime","floor":5,"turns":3},{"damage":5,"enemies":"3 Sentries","floor":7,"turns":3},{"damage":0,"enemies":"Gremlin Nob","floor":12,"turns":2},{"damage":0,"enemies":"Blue Slaver","floor":13,"turns":2},{"damage":0,"enemies":"Looter","floor":14,"turns":1},{"damage":42,"enemies":"Hexaghost","floor":16,"turns":7},{"damage":0,"enemies":"3 Byrds","floor":18,"turns":3},{"damage":3,"enemies":"Masked Bandits","floor":19,"turns":3},{"damage":3,"enemies":"Colosseum Slavers","floor":20,"turns":4},{"damage":0,"enemies":"Colosseum Nobs","floor":20,"turns":2},{"damage":0,"enemies":"Shell Parasite","floor":22,"turns":1},{"damage":0,"enemies":"Book of Stabbing","floor":24,"turns":3},{"damage":0,"enemies":"Snake Plant","floor":28,"turns":1},{"damage":10,"enemies":"Slavers","floor":30,"turns":3},{"damage":0,"enemies":"Centurion and Healer","floor":31,"turns":3},{"damage":57,"enemies":"Collector","floor":33,"turns":6},{"damage":0,"enemies":"Orb Walker","floor":35,"turns":1},{"damage":0,"enemies":"3 Shapes","floor":36,"turns":3},{"damage":0,"enemies":"Writhing Mass","floor":37,"turns":3},{"damage":0,"enemies":"Reptomancer","floor":40,"turns":3},{"damage":10,"enemies":"3 Darklings","floor":41,"turns":5},{"damage":0,"enemies":"4 Shapes","floor":44,"turns":6},{"damage":0,"enemies":"Giant Head","floor":46,"turns":4},{"damage":0,"enemies":"Spire Growth","floor":47,"turns":3},{"damage":56,"enemies":"Donu and Deca","floor":50,"turns":8}],"seed_played":"5487330294901235935","potions_obtained":[{"floor":1,"key":"Fire Potion"},{"floor":5,"key":"Weak Potion"},{"floor":13,"key":"SkillPotion"},{"floor":16,"key":"Weak Potion"},{"floor":18,"key":"Fire Potion"},{"floor":22,"key":"Dexterity Potion"},{"floor":33,"key":"LiquidBronze"},{"floor":34,"key":"SneckoOil"},{"floor":41,"key":"Dexterity Potion"},{"floor":44,"key":"SteroidPotion"}],"is_trial":false,"path_per_floor":["M","M","?","M","M","R","E","R","T","$","R","E","M","M","R","B",null,"M","?","?","$","M","R","E","R","T","?","M","R","E","M","R","B",null,"M","M","M","$","?","E","M","R","T","M","R","E","M","?","R","B",null],"character_chosen":"THE_SILENT","items_purchased":["PreservedInsect","Bag of Preparation","Bag of Marbles","Turnip","Well Laid Plans","Tactician"],"campfire_rested":0,"item_purchase_floors":[10,21,21,38,38,38],"current_hp_per_floor":[70,70,70,70,70,70,65,65,65,65,65,65,65,65,65,23,70,70,67,64,64,64,64,64,74,74,74,74,74,64,64,64,7,85,85,85,85,85,74,76,70,70,70,78,78,78,80,80,80,36],"gold":130,"neow_bonus":"","is_prod":false,"is_daily":true,"chose_seed":false,"campfire_upgraded":1,"win_rate":0,"timestamp":1553011266,"path_taken":["M","M","?","M","M","R","E","R","T","$","R","E","M","M","R","BOSS","M","?","?","$","M","R","E","R","T","?","M","R","E","M","R","BOSS","M","M","M","$","?","E","M","R","T","M","R","E","M","?","R","BOSS"],"build_version":"2019-01-23","purchased_purges":0,"victory":true,"max_hp_per_floor":[70,70,70,70,70,70,70,70,70,70,70,70,70,70,70,70,70,70,70,70,70,70,70,70,80,80,80,80,80,80,80,80,80,85,85,85,85,85,85,85,85,85,85,85,85,85,85,85,85,85],"card_choices":[{"not_picked":["Deflect","Eviscerate","Heel Hook"],"picked":"SKIP","floor":1},{"not_picked":["Outmaneuver","Accuracy"],"picked":"Bouncing Flask","floor":2},{"not_picked":["Reflex","Blade Dance"],"picked":"Escape Plan","floor":4},{"not_picked":["Dagger Spray","Bouncing Flask","Underhanded Strike"],"picked":"SKIP","floor":5},{"not_picked":["Poisoned Stab","PiercingWail","Cloak And Dagger"],"picked":"SKIP","floor":7},{"not_picked":["Flying Knee","Dash","Heel Hook","Dagger Throw"],"picked":"SKIP","floor":12},{"not_picked":["Outmaneuver","Eviscerate","Setup"],"picked":"Slice","floor":13},{"not_picked":["Infinite Blades","Dagger Spray","PiercingWail"],"picked":"Tools of the Trade","floor":14},{"not_picked":["Night Terror","Die Die Die","Storm of Steel"],"picked":"Venomology","floor":16},{"not_picked":["Quick Slash","Poisoned Stab"],"picked":"SKIP","floor":18},{"not_picked":["Slice"],"picked":"Backflip","floor":19},{"not_picked":["Deflect"],"picked":"Terror+1","floor":20},{"not_picked":["Accuracy+1","Acrobatics"],"picked":"SKIP","floor":22},{"not_picked":["Blur"],"picked":"Backstab","floor":24},{"not_picked":["Heel Hook+1"],"picked":"Deflect+1","floor":28},{"not_picked":["Sucker Punch"],"picked":"Backflip","floor":30},{"not_picked":["Infinite Blades","Terror+1"],"picked":"SKIP","floor":31},{"not_picked":["Envenom"],"picked":"Unload","floor":33},{"not_picked":["Flying Knee+1"],"picked":"Sucker Punch+1","floor":35},{"not_picked":["Underhanded Strike+1","PiercingWail+1"],"picked":"SKIP","floor":36},{"not_picked":["Backflip","Flechettes"],"picked":"SKIP","floor":37},{"not_picked":["Dagger Throw","PiercingWail+1"],"picked":"SKIP","floor":40},{"not_picked":["Accuracy+1"],"picked":"Slice+1","floor":41},{"not_picked":["Blade Dance","Dodge and Roll+1"],"picked":"SKIP","floor":44},{"not_picked":["Eviscerate"],"picked":"Noxious Fumes","floor":46},{"not_picked":["Cloak And Dagger+1","Phantasmal Killer"],"picked":"SKIP","floor":47}],"player_experience":354872,"relics_obtained":[{"floor":7,"key":"Shovel"},{"floor":8,"key":"Matryoshka"},{"floor":9,"key":"Question Card"},{"floor":9,"key":"Boot"},{"floor":11,"key":"Juzu Bracelet"},{"floor":12,"key":"Ornamental Fan"},{"floor":15,"key":"Shuriken"},{"floor":19,"key":"Red Mask"},{"floor":20,"key":"The Specimen"},{"floor":20,"key":"Blue Candle"},{"floor":23,"key":"War Paint"},{"floor":24,"key":"Sundial"},{"floor":25,"key":"Pear"},{"floor":26,"key":"Dream Catcher"},{"floor":26,"key":"Potion Belt"},{"floor":29,"key":"Incense Burner"},{"floor":30,"key":"Bird Faced Urn"},{"floor":32,"key":"The Courier"},{"floor":40,"key":"Tough Bandages"},{"floor":42,"key":"Vajra"},{"floor":43,"key":"Ninja Scroll"},{"floor":45,"key":"Oddly Smooth Stone"},{"floor":46,"key":"Torii"},{"floor":49,"key":"Orichalcum"}],"event_choices":[{"cards_removed":["Bouncing Flask"],"damage_healed":0,"gold_gain":0,"player_choice":"Offered Uncommon","damage_taken":0,"max_hp_gain":0,"max_hp_loss":0,"event_name":"Bonfire Elementals","floor":3,"gold_loss":0},{"damage_healed":0,"gold_gain":0,"player_choice":"Fought Bandits","damage_taken":0,"max_hp_gain":0,"max_hp_loss":0,"event_name":"Masked Bandits","floor":19,"gold_loss":0},{"damage_healed":0,"gold_gain":0,"player_choice":"Fight","damage_taken":0,"max_hp_gain":0,"max_hp_loss":0,"event_name":"Colosseum","floor":20,"gold_loss":0},{"damage_healed":0,"gold_gain":0,"player_choice":"Fought Nobs","damage_taken":0,"max_hp_gain":0,"max_hp_loss":0,"event_name":"Colosseum","floor":20,"gold_loss":0},{"damage_healed":0,"gold_gain":0,"player_choice":"Opened","damage_taken":0,"relics_obtained":["Omamori"],"max_hp_gain":0,"max_hp_loss":0,"event_name":"The Mausoleum","floor":27,"gold_loss":0,"cards_obtained":["Writhe"]},{"damage_healed":0,"gold_gain":0,"player_choice":"Embrace Madness","damage_taken":11,"max_hp_gain":0,"max_hp_loss":0,"event_name":"Winding Halls","floor":39,"gold_loss":0,"cards_obtained":["Madness","Madness"]},{"damage_healed":0,"gold_gain":0,"player_choice":"Cursed","damage_taken":0,"max_hp_gain":0,"max_hp_loss":0,"event_name":"Wheel of Change","floor":48,"gold_loss":0,"cards_obtained":["Decay"]}],"is_beta":false,"boss_relics":[{"not_picked":["Sozu","WristBlade"],"picked":"Busted Crown"},{"not_picked":["Cursed Key","Philosopher\u0027s Stone"],"picked":"Tiny House"}],"items_purged_floors":[],"is_endless":false,"potions_floor_spawned":[1,5,13,14,16,18,20,22,33,41,44,46],"ascension_level":0}