{"path_per_floor":["M","$","M","?","M","E","R","E","T","E","M","M","$","M","R","B",null,"M","?","M","M","$","R","$","E","T","M","R","E","M","$","R","B",null,"M","?","$","M","?","E","R","E","T","R","$","M","M","M","R","B"],"character_chosen":"IRONCLAD","items_purchased":["Corruption","Shrug It Off","Anchor"],"gold_per_floor":[109,75,85,85,99,131,131,160,160,186,196,206,131,150,150,252,252,263,263,277,293,193,193,68,100,100,110,110,145,161,116,116,218,218,231,231,85,99,0,25,25,60,85,85,85,102,113,125,125,125],"floor_reached":51,"campfire_rested":2,"playtime":2422,"item_purchase_floors":[2,31,37],"current_hp_per_floor":[80,80,80,80,80,60,60,50,50,39,37,34,34,40,40,19,65,65,65,67,69,69,69,69,26,26,17,41,43,42,42,42,34,69,59,59,59,65,65,39,39,44,44,44,44,49,54,37,61,35],"items_purged":["Defend_R","Strike_R","Strike_R"],"gold":125,"score":1034,"play_id":"b240882f-2a55-4830-8d86-5ab45d7989c6","local_time":"20180525174153","is_prod":false,"is_daily":false,"chose_seed":false,"is_ascension_mode":true,"campfire_upgraded":5,"win_rate":0,"timestamp":1527262913,"campfire_choices":[{"data":"True Grit","floor":7,"key":"SMITH"},{"data":"Bash","floor":15,"key":"SMITH"},{"data":"Offering","floor":23,"key":"SMITH"},{"floor":28,"key":"REST"},{"data":"Defend_R","floor":32,"key":"PURGE"},{"data":"Double Tap","floor":41,"key":"SMITH"},{"data":"Double Tap","floor":44,"key":"SMITH"},{"floor":49,"key":"REST"}],"path_taken":["M","$","M","?","?","E","R","E","T","E","M","M","$","?","R","BOSS","M","?","M","M","$","R","$","E","T","M","R","E","M","$","R","BOSS","M","?","?","M","?","E","R","E","T","R","$","M","M","M","R","BOSS"],"build_version":"2018-05-24","seed_source_timestamp":22845538747440,"purchased_purges":3,"victory":true,"master_deck":["Strike_R+1","Strike_R+1","Defend_R+1","Bash+1","Clash","Corruption+1","Clash","True Grit+1","Clash","Offering+1","Clash","Flame Barrier+1","Battle Trance","Clash","Shrug It Off","Double Tap+1","Thunderclap+1","Double Tap+1","Clash+1","Dual Wield","Flex","Heavy Blade+1","Heavy Blade+1","Shrug It Off+1"],"max_hp_per_floor":[80,80,80,80,80,80,80,80,80,80,80,80,80,80,80,80,80,80,80,80,80,80,80,80,80,80,80,80,80,80,80,80,80,80,80,80,80,80,80,80,80,80,80,80,80,80,80,80,80,80],"relics":["Burning Blood","NeowsBlessing","Whetstone","Self Forming Clay","Shuriken","War Paint","Sozu","Ancient Tea Set","Peace Pipe","Magic Flower","Philosopher\u0027s Stone","Anchor","Red Mask","Red Skull","Gremlin Horn","Lantern"],"card_choices":[{"not_picked":["Rampage","Spot Weakness"],"picked":"Clash","floor":1},{"not_picked":["Uppercut","Body Slam"],"picked":"Clash","floor":3},{"not_picked":["Reckless Charge","Sword Boomerang"],"picked":"True Grit","floor":5},{"not_picked":["Flex","Burning Pact","Evolve"],"picked":"SKIP","floor":6},{"not_picked":["Rampage","Flex","Disarm"],"picked":"SKIP","floor":8},{"not_picked":["Corruption","Warcry","True Grit"],"picked":"SKIP","floor":10},{"not_picked":["Perfected Strike","Infernal Blade"],"picked":"Clash","floor":11},{"not_picked":["Cleave","Pummel","Carnage"],"picked":"SKIP","floor":12},{"not_picked":["Inflame","Sentinel","Havoc"],"picked":"SKIP","floor":14},{"not_picked":["Barricade","Impervious"],"picked":"Offering","floor":16},{"not_picked":["Metallicize+1","Cleave"],"picked":"Clash","floor":18},{"not_picked":["True Grit","Cleave","Warcry"],"picked":"SKIP","floor":20},{"not_picked":["Rupture","Power Through","Bloodletting"],"picked":"SKIP","floor":21},{"not_picked":["Clothesline","True Grit"],"picked":"Flame Barrier+1","floor":25},{"not_picked":["Inflame","Second Wind"],"picked":"Battle Trance","floor":27},{"not_picked":["Exhume","Wild Strike","Immolate"],"picked":"SKIP","floor":29},{"not_picked":["Infernal Blade","Havoc"],"picked":"Clash","floor":30},{"not_picked":["Feed","Berserk"],"picked":"Double Tap","floor":33},{"not_picked":["Hemokinesis","Perfected Strike"],"picked":"Thunderclap+1","floor":35},{"not_picked":["Infernal Blade","Headbutt"],"picked":"Clash+1","floor":38},{"not_picked":["Power Through","Iron Wave"],"picked":"Dual Wield","floor":40},{"not_picked":["Pummel","Perfected Strike"],"picked":"Flex","floor":42},{"not_picked":["Cleave+1","Shrug It Off+1"],"picked":"Heavy Blade+1","floor":46},{"not_picked":["Blood for Blood","Flex+1"],"picked":"Heavy Blade+1","floor":47},{"not_picked":["Infernal Blade+1","Barricade"],"picked":"Shrug It Off+1","floor":48}],"player_experience":206079,"potions_floor_usage":[10,16],"damage_taken":[{"damage":0,"enemies":"Jaw Worm","floor":1,"turns":1},{"damage":0,"enemies":"Cultist","floor":3,"turns":1},{"damage":0,"enemies":"Small Slimes","floor":5,"turns":1},{"damage":26,"enemies":"3 Sentries","floor":6,"turns":8},{"damage":16,"enemies":"Gremlin Nob","floor":8,"turns":3},{"damage":17,"enemies":"Lagavulin","floor":10,"turns":5},{"damage":8,"enemies":"Gremlin Gang","floor":11,"turns":4},{"damage":9,"enemies":"Lots of Slimes","floor":12,"turns":3},{"damage":0,"enemies":"3 Louse","floor":14,"turns":2},{"damage":27,"enemies":"The Guardian","floor":16,"turns":6},{"damage":6,"enemies":"3 Byrds","floor":18,"turns":4},{"damage":4,"enemies":"Chosen","floor":20,"turns":2},{"damage":4,"enemies":"Snecko","floor":21,"turns":3},{"damage":49,"enemies":"Gremlin Leader","floor":25,"turns":3},{"damage":15,"enemies":"Snake Plant","floor":27,"turns":2},{"damage":4,"enemies":"Book of Stabbing","floor":29,"turns":2},{"damage":10,"enemies":"Centurion and Healer","floor":30,"turns":5},{"damage":17,"enemies":"Automaton","floor":33,"turns":4},{"damage":19,"enemies":"3 Darklings","floor":35,"turns":4},{"damage":3,"enemies":"3 Shapes","floor":38,"turns":3},{"damage":35,"enemies":"2 Orb Walkers","floor":40,"turns":5},{"damage":4,"enemies":"Giant Head","floor":42,"turns":2},{"damage":4,"enemies":"Transient","floor":46,"turns":5},{"damage":4,"enemies":"Sphere and 2 Shapes","floor":47,"turns":3},{"damage":26,"enemies":"Spire Growth","floor":48,"turns":3},{"damage":35,"enemies":"Awakened One","floor":50,"turns":4}],"relics_obtained":[{"floor":6,"key":"Whetstone"},{"floor":8,"key":"Self Forming Clay"},{"floor":9,"key":"Shuriken"},{"floor":10,"key":"War Paint"},{"floor":25,"key":"Ancient Tea Set"},{"floor":26,"key":"Peace Pipe"},{"floor":29,"key":"Magic Flower"},{"floor":40,"key":"Red Skull"},{"floor":42,"key":"Gremlin Horn"},{"floor":43,"key":"Lantern"}],"event_choices":[{"event_name":"Upgrade Shrine","player_choice":"Upgraded","floor":4,"damage_taken":0},{"event_name":"Back to Basics","player_choice":"Elegance","floor":19,"damage_taken":0},{"event_name":"Transmorgrifier","player_choice":"Transform","floor":36,"damage_taken":0},{"event_name":"Tomb of Lord Red Mask","player_choice":"Paid","floor":39,"damage_taken":0}],"boss_relics":[{"not_picked":["Runic Cube","Eternal Feather"],"picked":"Sozu"},{"not_picked":["Velvet Choker","Astrolabe"],"picked":"Philosopher\u0027s Stone"}],"items_purged_floors":[13,22,24],"potions_floor_spawned":[1,10,12,16,20,21,25,35,42,48],"seed_played":"-2194177786923711129","ascension_level":5,"potions_obtained":[{"floor":1,"key":"Poison Potion"},{"floor":10,"key":"SkillPotion"},{"floor":12,"key":"Dexterity Potion"},{"floor":16,"key":"SpeedPotion"}],"is_trial":false}