{"gold_per_floor":[209,209,74,90,107,107,125,150,150,181,181,194,208,208,208,282,282,292,7,23,40,53,88,98,128,178,103,103],"floor_reached":28,"playtime":1298,"items_purged":[],"score":694,"play_id":"d8d30d74-d767-48cc-903b-e5278f8f6df2","local_time":"20190816162257","is_ascension_mode":true,"campfire_choices":[{"data":"Armaments","floor":6.0,"key":"SMITH"},{"data":"Inflame","floor":11.0,"key":"SMITH"},{"data":"Feed","floor":15.0,"key":"SMITH"}],"neow_cost":"NONE","seed_source_timestamp":22880359649439,"circlet_count":0,"master_deck":["AscendersBane","Strike_R","Strike_R","Strike_R","Defend_R","Defend_R","Defend_R","Defend_R","Bash+1","Hemokinesis","Impervious","Twin Strike","Armaments+1","Disarm","Iron Wave","Inflame+1","Anger","Feed+1","Pommel Strike","Offering","Evolve","Feel No Pain","Heavy Blade","Headbutt","Feel No Pain+1","True Grit+1","Shrug It Off","Demon Form","Warcry+1","Reckless Charge","Exhume"],"special_seed":0,"relics":["Burning Blood","Centennial Puzzle","Pear","Ginger","Fusion Hammer","Membership Card","Gambling Chip","Smiling Mask","Bag of Marbles"],"potions_floor_usage":[28],"damage_taken":[{"damage":4.0,"enemies":"Small Slimes","floor":1.0,"turns":4.0},{"damage":1.0,"enemies":"Cultist","floor":4.0,"turns":4.0},{"damage":4.0,"enemies":"2 Louse","floor":5.0,"turns":4.0},{"damage":25.0,"enemies":"Lots of Slimes","floor":7.0,"turns":6.0},{"damage":46.0,"enemies":"3 Sentries","floor":8.0,"turns":11.0},{"damage":18.0,"enemies":"Gremlin Nob","floor":10.0,"turns":4.0},{"damage":7.0,"enemies":"Looter","floor":12.0,"turns":4.0},{"damage":2.0,"enemies":"Large Slime","floor":13.0,"turns":6.0},{"damage":3.0,"enemies":"Slime Boss","floor":16.0,"turns":8.0},{"damage":9.0,"enemies":"Chosen","floor":18.0,"turns":3.0},{"damage":6.0,"enemies":"Spheric Guardian","floor":20.0,"turns":3.0},{"damage":19.0,"enemies":"Cultist and Chosen","floor":21.0,"turns":4.0},{"damage":6.0,"enemies":"Chosen and Byrds","floor":22.0,"turns":5.0},{"damage":52.0,"enemies":"Gremlin Leader","floor":23.0,"turns":8.0},{"damage":10.0,"enemies":"3 Cultists","floor":24.0,"turns":5.0},{"damage":27.0,"enemies":"Book of Stabbing","floor":25.0,"turns":6.0},{"damage":6,"enemies":"Slavers","floor":28,"turns":3}],"seed_played":"393913483430309082","potions_obtained":[{"floor":4.0,"key":"Block Potion"},{"floor":8.0,"key":"Explosive Potion"},{"floor":12.0,"key":"GamblersBrew"},{"floor":13.0,"key":"Swift Potion"},{"floor":18.0,"key":"Fire Potion"},{"floor":21.0,"key":"Fire Potion"},{"floor":24.0,"key":"Dexterity Potion"}],"is_trial":false,"path_per_floor":["M","?","$","M","M","R","M","E","T","E","R","M","M","?","R","B",null,"M","$","M","M","M","E","M","E","T","?","E"],"character_chosen":"IRONCLAD","items_purchased":["Impervious","Twin Strike","Membership Card","Feel No Pain","Heavy Blade"],"campfire_rested":0,"item_purchase_floors":[3,3,19,19,19],"current_hp_per_floor":[70,70,70,75,75,75,56,16,26,14,14,13,20,20,20,27,76,77,77,77,68,72,30,30,9,9,9,3],"gold":103,"neow_bonus":"HUNDRED_GOLD","is_prod":false,"is_daily":false,"chose_seed":false,"campfire_upgraded":3,"win_rate":0,"timestamp":1565965377,"path_taken":["M","?","$","?","M","R","M","E","T","E","R","M","M","?","R","BOSS","M","?","?","M","M","E","M","E","T","?","E"],"build_version":"2019-07-17","purchased_purges":0,"victory":false,"max_hp_per_floor":[75,75,75,75,75,75,75,75,85,85,85,85,88,88,88,92,92,96,96,96,100,104,108,112,112,112,112,112],"card_choices":[{"not_picked":["Havoc","Body Slam"],"picked":"Hemokinesis","floor":1.0},{"not_picked":["Clash","Blood for Blood"],"picked":"Armaments","floor":4.0},{"not_picked":["Intimidate","Sword Boomerang"],"picked":"Disarm","floor":5.0},{"not_picked":["Burning Pact","Second Wind"],"picked":"Iron Wave","floor":7.0},{"not_picked":["Thunderclap","Havoc"],"picked":"Inflame","floor":8.0},{"not_picked":["Intimidate","Perfected Strike"],"picked":"Anger","floor":10.0},{"not_picked":["Entrench","Shrug It Off"],"picked":"Feed","floor":12.0},{"not_picked":["Sever Soul","Flex"],"picked":"Pommel Strike","floor":13.0},{"not_picked":["Immolate","Brutality"],"picked":"Offering","floor":16.0},{"not_picked":["Perfected Strike","Fire Breathing"],"picked":"Evolve","floor":18.0},{"not_picked":["Flex","Thunderclap"],"picked":"Headbutt","floor":20.0},{"not_picked":["Armaments","Hemokinesis"],"picked":"Feel No Pain+1","floor":21.0},{"not_picked":["Wild Strike+1","Pommel Strike"],"picked":"True Grit+1","floor":22.0},{"not_picked":["Clothesline","Cleave"],"picked":"Shrug It Off","floor":23.0},{"not_picked":["Flame Barrier","Carnage"],"picked":"Demon Form","floor":24.0},{"not_picked":["Pommel Strike","Body Slam"],"picked":"Warcry+1","floor":25.0}],"player_experience":1925968,"relics_obtained":[{"floor":8.0,"key":"Centennial Puzzle"},{"floor":9.0,"key":"Pear"},{"floor":10.0,"key":"Ginger"},{"floor":23.0,"key":"Gambling Chip"},{"floor":25.0,"key":"Smiling Mask"},{"floor":26.0,"key":"Bag of Marbles"}],"event_choices":[{"damage_healed":0.0,"max_hp_gain":0.0,"max_hp_loss":0.0,"gold_gain":0.0,"event_name":"Upgrade Shrine","player_choice":"Upgraded","floor":2.0,"gold_loss":0.0,"damage_taken":0.0,"cards_upgraded":["Bash"]},{"damage_healed":0.0,"max_hp_gain":0.0,"max_hp_loss":0.0,"gold_gain":0.0,"event_name":"Match and Keep!","player_choice":"0 cards matched","floor":14.0,"gold_loss":0.0,"damage_taken":0.0,"cards_obtained":[]},{"damage_healed":0.0,"max_hp_gain":0.0,"max_hp_loss":0.0,"gold_gain":0.0,"cards_transformed":["Strike_R","Strike_R"],"event_name":"Designer","player_choice":"Transformed Cards","floor":27.0,"gold_loss":75.0,"damage_taken":0.0,"cards_obtained":["Reckless Charge","Exhume"]}],"is_beta":false,"boss_relics":[{"not_picked":["Cursed Key","Runic Cube"],"picked":"Fusion Hammer"}],"items_purged_floors":[],"is_endless":false,"potions_floor_spawned":[4,8,12,13,18,21,24],"killed_by":"Slavers","ascension_level":20}