{"gold_per_floor":[116,132,148,163,181,181,206,206,206,206,216,216,230,230,230,325,325,339,339,339,351,451,451,480,365,365,365,118,149,47,47,47,150,150,167,185,185,39,49,49,67,67,94,94,94,94,121,138,138,138],"floor_reached":50,"playtime":1770,"items_purged":[],"score":842,"play_id":"b59fcf28-3ba0-498d-9e23-388b61aeb9cc","local_time":"20180911120557","is_ascension_mode":true,"campfire_choices":[{"data":"Perfected Strike","floor":6,"key":"SMITH"},{"data":"Flex","floor":8,"key":"SMITH"},{"data":"Flex","floor":10,"key":"SMITH"},{"data":"Offering","floor":12,"key":"SMITH"},{"data":"Sword Boomerang","floor":15,"key":"SMITH"},{"floor":23,"key":"REST"},{"floor":27,"key":"REST"},{"data":"Panacea","floor":32,"key":"SMITH"},{"data":"Madness","floor":40,"key":"SMITH"},{"floor":45,"key":"REST"},{"data":"Flex","floor":49,"key":"SMITH"}],"neow_cost":"PERCENT_DAMAGE","seed_source_timestamp":5338541239786,"circlet_count":0,"master_deck":["Strike_R+1","Strike_R+1","Strike_R+1","Strike_R+1","Strike_R+1","Defend_R+1","Defend_R+1","Defend_R+1","Defend_R+1","Bash","AscendersBane","Flex+1","Perfected Strike+1","Offering+1","Sword Boomerang+1","Flex+1","Spot Weakness+1","Iron Wave","Berserk","Armaments+1","Headbutt","Pommel Strike","Metallicize+1","Whirlwind","Sword Boomerang","Twin Strike","Pummel+1","Panacea+1","Reaper","Flex+1","Twin Strike","Madness+1","Madness+1","Shockwave+1","Jack Of All Trades"],"relics":["Burning Blood","Pantograph","FossilizedHelix","Lizard Tail","Thread and Needle","Frozen Egg 2","Nunchaku","Turnip","Bronze Scales","Bottled Lightning","Matryoshka","Busted Crown","Bag of Preparation","Dead Branch","Juzu Bracelet","Blood Vial","Paper Frog","War Paint"],"potions_floor_usage":[7,22,22,22,33,39,50],"damage_taken":[{"damage":9,"enemies":"Jaw Worm","floor":1,"turns":4},{"damage":5,"enemies":"Small Slimes","floor":2,"turns":4},{"damage":3,"enemies":"2 Louse","floor":3,"turns":3},{"damage":16,"enemies":"Blue Slaver","floor":4,"turns":3},{"damage":5,"enemies":"2 Fungi Beasts","floor":5,"turns":4},{"damage":22,"enemies":"Gremlin Nob","floor":7,"turns":3},{"damage":16,"enemies":"3 Louse","floor":11,"turns":4},{"damage":11,"enemies":"Looter","floor":13,"turns":3},{"damage":0,"enemies":"Slime Boss","floor":16,"turns":5},{"damage":10,"enemies":"3 Byrds","floor":18,"turns":4},{"damage":19,"enemies":"Shell Parasite","floor":21,"turns":4},{"damage":27,"enemies":"Colosseum Slavers","floor":22,"turns":4},{"damage":38,"enemies":"Colosseum Nobs","floor":22,"turns":5},{"damage":21,"enemies":"Gremlin Leader","floor":24,"turns":4},{"damage":21,"enemies":"Slavers","floor":29,"turns":4},{"damage":99,"enemies":"Champ","floor":33,"turns":8},{"damage":0,"enemies":"3 Darklings","floor":35,"turns":4},{"damage":0,"enemies":"Orb Walker","floor":36,"turns":1},{"damage":28,"enemies":"Transient","floor":39,"turns":5},{"damage":40,"enemies":"4 Shapes","floor":41,"turns":1},{"damage":23,"enemies":"Mind Bloom Boss Battle","floor":42,"turns":6},{"damage":0,"enemies":"Maw","floor":48,"turns":5},{"damage":132,"enemies":"Time Eater","floor":50,"turns":7}],"seed_played":"8654043557087028235","potions_obtained":[{"floor":2,"key":"PowerPotion"},{"floor":13,"key":"BloodPotion"},{"floor":18,"key":"Swift Potion"},{"floor":21,"key":"FearPotion"},{"floor":33,"key":"PowerPotion"},{"floor":48,"key":"SteroidPotion"}],"is_trial":false,"path_per_floor":["M","M","M","M","M","R","E","R","T","R","M","R","M","?","R","B",null,"M","?","?","M","?","R","E","$","T","R","$","E","$","T","R","B",null,"M","M","?","$","M","R","M","?","T","$","R","?","T","M","R"],"character_chosen":"IRONCLAD","items_purchased":["Regen Potion","Whirlwind","Bronze Scales","Sword Boomerang","Twin Strike","Panacea","Bag of Preparation"],"campfire_rested":3,"item_purchase_floors":[25,25,28,28,28,30,38],"current_hp_per_floor":[61,62,65,55,56,56,40,40,40,40,30,30,25,25,25,56,86,82,82,63,50,7,37,22,22,22,52,52,37,37,37,37,56,90,101,101,88,88,66,66,32,49,49,49,79,79,79,101,101,0],"gold":138,"neow_bonus":"TWENTY_PERCENT_HP_BONUS","is_prod":false,"is_daily":false,"chose_seed":false,"campfire_upgraded":8,"win_rate":0,"timestamp":1536660357,"path_taken":["M","M","M","M","M","R","E","R","T","R","M","R","M","?","R","BOSS","M","?","?","M","?","R","E","$","T","R","$","E","?","?","R","BOSS","M","M","?","$","M","R","M","?","T","$","R","?","?","M","R","BOSS"],"build_version":"2018-09-10","purchased_purges":0,"victory":false,"max_hp_per_floor":[96,96,96,96,96,96,96,96,96,96,96,96,96,96,96,96,96,96,96,101,101,101,101,101,101,101,101,101,101,101,101,101,101,101,101,101,101,101,101,101,101,101,101,101,101,101,101,101,101,101],"card_choices":[{"not_picked":["Sword Boomerang","Bloodletting"],"picked":"Flex","floor":1},{"not_picked":["Pommel Strike","Intimidate"],"picked":"Perfected Strike","floor":2},{"not_picked":["Body Slam","Blood for Blood","Sever Soul"],"picked":"SKIP","floor":3},{"not_picked":["Shrug It Off","Cleave"],"picked":"Offering","floor":4},{"not_picked":["Rupture","Reckless Charge"],"picked":"Sword Boomerang","floor":5},{"not_picked":["Rupture","Cleave"],"picked":"Flex","floor":7},{"not_picked":["Havoc","Corruption"],"picked":"Spot Weakness","floor":11},{"not_picked":["Rampage","Entrench"],"picked":"Iron Wave","floor":13},{"not_picked":["Exhume","Barricade"],"picked":"Berserk","floor":16},{"not_picked":["Iron Wave","Flex"],"picked":"Armaments+1","floor":18},{"not_picked":["Fiend Fire","Iron Wave"],"picked":"Headbutt","floor":21},{"not_picked":["Power Through","Iron Wave"],"picked":"Pommel Strike","floor":22},{"not_picked":["Bludgeon","Power Through+1"],"picked":"Metallicize+1","floor":24},{"not_picked":["Clash+1","Thunderclap"],"picked":"Pummel+1","floor":29},{"not_picked":["Bludgeon","Berserk+1"],"picked":"Reaper","floor":33},{"not_picked":[],"picked":"Flex","floor":35},{"not_picked":[],"picked":"Twin Strike","floor":36},{"not_picked":["Intimidate"],"picked":"SKIP","floor":39},{"not_picked":["Cleave"],"picked":"SKIP","floor":41},{"not_picked":[],"picked":"Shockwave+1","floor":42},{"not_picked":[],"picked":"Jack Of All Trades","floor":46},{"not_picked":["Shockwave"],"picked":"SKIP","floor":48}],"player_experience":416237,"relics_obtained":[{"floor":7,"key":"Pantograph"},{"floor":9,"key":"FossilizedHelix"},{"floor":22,"key":"Thread and Needle"},{"floor":22,"key":"Frozen Egg 2"},{"floor":24,"key":"Nunchaku"},{"floor":26,"key":"Turnip"},{"floor":29,"key":"Bottled Lightning"},{"floor":31,"key":"Matryoshka"},{"floor":42,"key":"Dead Branch"},{"floor":43,"key":"Juzu Bracelet"},{"floor":43,"key":"Blood Vial"},{"floor":47,"key":"Paper Frog"},{"floor":47,"key":"War Paint"}],"event_choices":[{"event_name":"Liars Game","player_choice":"disagreed","floor":14,"damage_taken":0},{"event_name":"Back to Basics","player_choice":"Simplicity","floor":19,"damage_taken":0},{"event_name":"Forgotten Altar","player_choice":"Shed Blood","floor":20,"damage_taken":0},{"event_name":"Colosseum","player_choice":"Fight","floor":22,"damage_taken":0},{"event_name":"Colosseum","player_choice":"Fought Nobs","floor":22,"damage_taken":0},{"event_name":"Winding Halls","player_choice":"Embrace Madness","floor":37,"damage_taken":0},{"event_name":"MindBloom","player_choice":"Fight","floor":42,"damage_taken":0},{"event_name":"SensoryStone","player_choice":"Memory 1","floor":46,"damage_taken":0}],"is_beta":true,"boss_relics":[{"not_picked":["Pandora\u0027s Box","Empty Cage"],"picked":"Lizard Tail"},{"not_picked":["Astrolabe","Orrery"],"picked":"Busted Crown"}],"items_purged_floors":[],"is_endless":false,"potions_floor_spawned":[2,13,18,21,22,33,48],"killed_by":"Time Eater","ascension_level":10}