{"gold_per_floor":[115,265,25,43,14,42,56,73,141,175,187,199,211,258,270,282],"floor_reached":16,"playtime":513,"items_purged":["Doubt"],"score":236,"play_id":"4ba2f189-8a98-44d0-93d0-fc146368826d","local_time":"20190726085029","is_ascension_mode":true,"campfire_choices":[{"data":"Skewer","floor":11,"key":"SMITH"},{"floor":13,"key":"REST"},{"floor":15,"key":"REST"}],"neow_cost":"NONE","seed_source_timestamp":1782821271770,"circlet_count":0,"master_deck":["AscendersBane","Strike_G","Strike_G","Strike_G","Strike_G","Strike_G","Defend_G","Defend_G","Defend_G","Defend_G","Defend_G","Survivor","Neutralize","Dagger Throw","Well Laid Plans","Skewer+1","Deadly Poison","Dagger Spray","Adrenaline","Backflip","PiercingWail"],"special_seed":0,"relics":["Ring of the Snake","PreservedInsect","Bird Faced Urn","Question Card","MawBank","Golden Idol","Gremlin Horn"],"potions_floor_usage":[6,16,16],"damage_taken":[{"damage":1,"enemies":"2 Louse","floor":1,"turns":4},{"damage":5,"enemies":"Jaw Worm","floor":4,"turns":4},{"damage":8,"enemies":"Gremlin Nob","floor":6,"turns":3},{"damage":1,"enemies":"Small Slimes","floor":7,"turns":3},{"damage":8,"enemies":"Blue Slaver","floor":8,"turns":4},{"damage":12,"enemies":"3 Sentries","floor":10,"turns":6},{"damage":25,"enemies":"Lagavulin","floor":14,"turns":6},{"damage":48,"enemies":"Slime Boss","floor":16,"turns":8}],"seed_played":"-4701611525119138489","potions_obtained":[{"floor":1,"key":"SkillPotion"},{"floor":4,"key":"SteroidPotion"},{"floor":7,"key":"Poison Potion"}],"is_trial":false,"path_per_floor":["M","?","$","M","$","E","M","M","T","E","R","?","R","E","R","B"],"character_chosen":"THE_SILENT","items_purchased":["Well Laid Plans","Skewer","Dagger Spray"],"campfire_rested":2,"item_purchase_floors":[3,3,5],"current_hp_per_floor":[58,58,58,53,53,45,44,38,38,28,28,28,46,23,41,0],"gold":282,"neow_bonus":"RANDOM_COMMON_RELIC","is_prod":false,"is_daily":false,"chose_seed":false,"campfire_upgraded":1,"win_rate":0,"timestamp":1564123829,"path_taken":["M","?","$","M","$","E","M","M","T","E","R","?","R","E","R","BOSS"],"build_version":"2019-07-17","purchased_purges":1,"victory":false,"max_hp_per_floor":[66,66,66,66,66,66,66,66,66,66,66,60,60,60,60,60],"card_choices":[{"not_picked":["Expertise","Outmaneuver"],"picked":"Dagger Throw","floor":1},{"not_picked":["Flying Knee","Catalyst"],"picked":"Deadly Poison","floor":4},{"not_picked":["Deadly Poison","Backstab"],"picked":"Adrenaline","floor":6},{"not_picked":["Underhanded Strike","Heel Hook"],"picked":"Backflip","floor":7},{"not_picked":["Underhanded Strike","Tactician","Quick Slash"],"picked":"SKIP","floor":8},{"not_picked":["Skewer","Underhanded Strike","Burst"],"picked":"PiercingWail","floor":10},{"not_picked":["Bane","Quick Slash","Skewer","Acrobatics"],"picked":"SKIP","floor":14},{"not_picked":["Bane","Quick Slash","Skewer","Acrobatics"],"picked":"SKIP","floor":14}],"player_experience":1847637,"relics_obtained":[{"floor":6,"key":"Bird Faced Urn"},{"floor":9,"key":"Question Card"},{"floor":10,"key":"MawBank"},{"floor":14,"key":"Gremlin Horn"}],"event_choices":[{"damage_healed":0,"gold_gain":150,"player_choice":"AGREE","damage_taken":0,"max_hp_gain":0,"max_hp_loss":0,"event_name":"Liars Game","floor":2,"gold_loss":0,"cards_obtained":["Doubt"]},{"damage_healed":0,"gold_gain":0,"player_choice":"Lose Max HP","damage_taken":0,"relics_obtained":["Golden Idol"],"max_hp_gain":0,"max_hp_loss":6,"event_name":"Golden Idol","floor":12,"gold_loss":0}],"is_beta":false,"boss_relics":[],"items_purged_floors":[3],"is_endless":false,"potions_floor_spawned":[1,4,7],"killed_by":"Slime Boss","ascension_level":20}