{"gold_per_floor":[114,48,48,48,67,67,97,72,72,72,107,123,88,112,112,183,183,202,214,234,234],"floor_reached":21,"playtime":646,"items_purged":[],"score":346,"play_id":"54f4ea9d-bdd3-4748-9232-1f47b653ad0c","local_time":"20181103102826","is_ascension_mode":true,"campfire_choices":[{"data":"Dualcast","floor":6,"key":"SMITH"},{"floor":10,"key":"REST"},{"data":"Defragment","floor":15,"key":"SMITH"}],"neow_cost":"PERCENT_DAMAGE","seed_source_timestamp":0,"circlet_count":0,"master_deck":["AscendersBane","Strike_B","Strike_B","Strike_B","Strike_B","Defend_B","Defend_B+1","Defend_B","Defend_B","Zap+1","Dualcast+1","Biased Cognition","Go for the Eyes","Ball Lightning","Ball Lightning","Cold Snap","Melter","Defragment+1","Stack","Thunder Strike","Cold Snap+1","Defragment","Hyperbeam"],"special_seed":0,"relics":["Cracked Core","Letter Opener","Bottled Flame","Peace Pipe","Odd Mushroom","Sozu"],"potions_floor_usage":[7,20,21],"damage_taken":[{"damage":0,"enemies":"2 Louse","floor":1,"turns":1},{"damage":4,"enemies":"Jaw Worm","floor":5,"turns":2},{"damage":10,"enemies":"Gremlin Nob","floor":7,"turns":3},{"damage":20,"enemies":"Lagavulin","floor":11,"turns":4},{"damage":0,"enemies":"Cultist","floor":12,"turns":2},{"damage":0,"enemies":"The Mushroom Lair","floor":14,"turns":3},{"damage":5,"enemies":"Slime Boss","floor":16,"turns":6},{"damage":20,"enemies":"Shell Parasite","floor":18,"turns":4},{"damage":11,"enemies":"2 Thieves","floor":19,"turns":3},{"damage":19,"enemies":"Snecko","floor":20,"turns":4},{"damage":18,"enemies":"Masked Bandits","floor":21,"turns":2}],"seed_played":"7342939083884155212","potions_obtained":[{"floor":5,"key":"AttackPotion"},{"floor":11,"key":"Swift Potion"},{"floor":16,"key":"EssenceOfSteel"}],"is_trial":false,"path_per_floor":["M","?","$","?","M","R","E","$","T","R","E","M","?","?","R","B",null,"M","M","M","?"],"character_chosen":"DEFECT","items_purchased":["Cold Snap"],"campfire_rested":1,"item_purchase_floors":[8],"current_hp_per_floor":[46,46,46,25,21,21,11,11,11,32,12,12,29,29,29,24,59,39,28,9,0],"gold":234,"neow_bonus":"THREE_RARE_CARDS","is_prod":false,"is_daily":false,"chose_seed":false,"campfire_upgraded":2,"win_rate":0,"timestamp":1541237306,"path_taken":["M","?","$","?","?","R","E","?","T","R","E","M","?","?","R","BOSS","M","M","M","?"],"build_version":"2018-11-02","purchased_purges":0,"victory":false,"max_hp_per_floor":[71,71,71,71,71,71,71,71,71,71,71,71,71,71,71,71,71,71,71,71,71],"card_choices":[{"not_picked":["Buffer","All For One"],"picked":"Biased Cognition","floor":0},{"not_picked":["Hologram","Barrage"],"picked":"Go for the Eyes","floor":1},{"not_picked":["Streamline","Sunder"],"picked":"Ball Lightning","floor":5},{"not_picked":["Rip and Tear","Hologram"],"picked":"Ball Lightning","floor":7},{"not_picked":["Redo","Blizzard"],"picked":"Melter","floor":11},{"not_picked":["Static Discharge","Scrape"],"picked":"Defragment","floor":12},{"not_picked":["Turbo","Go for the Eyes"],"picked":"Stack","floor":14},{"not_picked":["Fission","Multi-Cast"],"picked":"Thunder Strike","floor":16},{"not_picked":["Sweeping Beam","Coolheaded"],"picked":"Cold Snap+1","floor":18},{"not_picked":["White Noise","Doom and Gloom+1"],"picked":"Defragment","floor":19},{"not_picked":["Loop","Rebound+1"],"picked":"Hyperbeam","floor":20}],"player_experience":747294,"relics_obtained":[{"floor":7,"key":"Letter Opener"},{"floor":9,"key":"Bottled Flame"},{"floor":11,"key":"Peace Pipe"},{"floor":14,"key":"Odd Mushroom"}],"event_choices":[{"damage_healed":0,"gold_gain":0,"player_choice":"Left Gold","damage_taken":0,"max_hp_gain":0,"max_hp_loss":0,"event_name":"World of Goop","floor":2,"gold_loss":66},{"damage_healed":0,"gold_gain":0,"player_choice":"Entered Light","damage_taken":21,"max_hp_gain":0,"max_hp_loss":0,"event_name":"Shining Light","floor":4,"gold_loss":0,"cards_upgraded":["Defend_B","Zap"]},{"damage_healed":17,"gold_gain":0,"player_choice":"Healed","damage_taken":0,"max_hp_gain":0,"max_hp_loss":0,"event_name":"The Cleric","floor":13,"gold_loss":35},{"damage_healed":0,"gold_gain":0,"player_choice":"Fought Mushrooms","damage_taken":0,"max_hp_gain":0,"max_hp_loss":0,"event_name":"Mushrooms","floor":14,"gold_loss":0},{"damage_healed":0,"gold_gain":0,"player_choice":"Fought Bandits","damage_taken":0,"max_hp_gain":0,"max_hp_loss":0,"event_name":"Masked Bandits","floor":21,"gold_loss":0}],"is_beta":true,"boss_relics":[{"not_picked":["White Beast Statue","Orrery"],"picked":"Sozu"}],"items_purged_floors":[],"is_endless":false,"potions_floor_spawned":[5,11,16],"killed_by":"Masked Bandits","ascension_level":17}