{"gold_per_floor":[112,112,132,150,99,125,125,140,140,152,163,163,188,214,214,313,313,313],"floor_reached":18,"playtime":732,"items_purged":[],"score":172,"play_id":"8eb79e01-3513-43b1-82cf-efc86f454b49","local_time":"20190929204715","is_ascension_mode":false,"campfire_choices":[{"floor":7.0,"key":"REST"},{"floor":12.0,"key":"REST"},{"floor":15.0,"key":"REST"}],"neow_cost":"NONE","seed_source_timestamp":0,"circlet_count":0,"master_deck":["Strike_G","Strike_G","Strike_G","Strike_G","Strike_G","Defend_G","Defend_G","Defend_G","Defend_G","Defend_G","Survivor","Neutralize","Die Die Die","Leg Sweep","Infinite Blades","Deflect","Cloak And Dagger","Riddle With Holes","Flechettes","Cloak And Dagger","Escape Plan","Well Laid Plans","Noxious Fumes","Corpse Explosion"],"special_seed":0,"relics":["Ring of the Snake","Question Card","Bottled Tornado","Matryoshka","Odd Mushroom","Lizard Tail"],"potions_floor_usage":[],"damage_taken":[{"damage":0.0,"enemies":"Small Slimes","floor":1.0,"turns":3.0},{"damage":0.0,"enemies":"Jaw Worm","floor":3.0,"turns":4.0},{"damage":1.0,"enemies":"2 Louse","floor":4.0,"turns":3.0},{"damage":40.0,"enemies":"3 Sentries","floor":6.0,"turns":8.0},{"damage":4.0,"enemies":"Red Slaver","floor":8.0,"turns":4.0},{"damage":10.0,"enemies":"Exordium Wildlife","floor":10.0,"turns":4.0},{"damage":0.0,"enemies":"Large Slime","floor":11.0,"turns":4.0},{"damage":20.0,"enemies":"Lagavulin","floor":13.0,"turns":7.0},{"damage":9.0,"enemies":"The Mushroom Lair","floor":14.0,"turns":3.0},{"damage":30.0,"enemies":"The Guardian","floor":16.0,"turns":13.0},{"damage":2,"enemies":"Spheric Guardian","floor":18,"turns":3}],"seed_played":"-3748969568796744546","potions_obtained":[{"floor":6.0,"key":"Dexterity Potion"},{"floor":11.0,"key":"AttackPotion"},{"floor":14.0,"key":"GamblersBrew"},{"floor":16.0,"key":"Dexterity Potion"}],"is_trial":false,"path_per_floor":["M","$","M","M","$","E","R","M","T","M","M","R","E","?","R","B",null,"M"],"character_chosen":"THE_SILENT","items_purchased":["Cloak And Dagger"],"campfire_rested":3,"item_purchase_floors":[5],"current_hp_per_floor":[70,70,70,69,69,29,50,46,46,36,36,57,37,28,49,19,70,68],"gold":313,"neow_bonus":"ONE_RANDOM_RARE_CARD","is_prod":false,"is_daily":false,"chose_seed":false,"campfire_upgraded":0,"win_rate":0,"timestamp":1569761235,"path_taken":["M","$","M","M","$","E","R","M","T","M","M","R","E","?","R","BOSS","M"],"build_version":"2019-07-17","purchased_purges":0,"victory":false,"max_hp_per_floor":[70,70,70,70,70,70,70,70,70,70,70,70,70,70,70,70,70,70],"card_choices":[{"not_picked":["Acrobatics","Prepared"],"picked":"Leg Sweep","floor":1.0},{"not_picked":["Slice","Catalyst"],"picked":"Infinite Blades","floor":3.0},{"not_picked":["Prepared","Dodge and Roll"],"picked":"Deflect","floor":4.0},{"not_picked":["Concentrate","Tools of the Trade"],"picked":"Riddle With Holes","floor":6.0},{"not_picked":["Finisher","Masterful Stab","Acrobatics"],"picked":"Flechettes","floor":8.0},{"not_picked":["PiercingWail","Dagger Spray","Deflect"],"picked":"Cloak And Dagger","floor":10.0},{"not_picked":["Underhanded Strike","Bane","Prepared"],"picked":"Escape Plan","floor":11.0},{"not_picked":["Doppelganger","Concentrate","Deadly Poison"],"picked":"Well Laid Plans","floor":13.0},{"not_picked":["Eviscerate","PiercingWail","Poisoned Stab"],"picked":"Noxious Fumes","floor":14.0},{"not_picked":["Phantasmal Killer","Malaise","Venomology"],"picked":"Corpse Explosion","floor":16.0}],"player_experience":226887,"relics_obtained":[{"floor":6.0,"key":"Question Card"},{"floor":9.0,"key":"Bottled Tornado"},{"floor":13.0,"key":"Matryoshka"},{"floor":14.0,"key":"Odd Mushroom"}],"event_choices":[{"damage_healed":0.0,"max_hp_gain":0.0,"max_hp_loss":0.0,"gold_gain":0.0,"event_name":"Mushrooms","player_choice":"Fought Mushrooms","floor":14.0,"gold_loss":0.0,"damage_taken":0.0}],"is_beta":false,"boss_relics":[{"not_picked":["Fusion Hammer","Ectoplasm"],"picked":"Lizard Tail"}],"items_purged_floors":[],"is_endless":false,"potions_floor_spawned":[6,11,14,16],"killed_by":"Spheric Guardian","ascension_level":0}