{"gold_per_floor":[112,37,37,50,50,50,78,95,95,105,136,61,86,46,46,123,123,135,145,3,3,15,15,48,48,48,66,66,100,119,151,163,249,261,293,305,317,344,79,113,113,144,171,171,206,221,239,274,274,274,274,274,274,10,36,36],"floor_reached":57,"playtime":2994,"items_purged":["Strike_R","Strike_R"],"score":3117,"play_id":"33e6d8e2-1bd5-46c0-8660-ff8aa3a8521f","local_time":"20190805234602","is_ascension_mode":true,"campfire_choices":[{"data":"Bash","floor":6,"key":"SMITH"},{"data":"Inflame","floor":15,"key":"SMITH"},{"data":"Armaments","floor":23,"key":"SMITH"},{"data":"Corruption","floor":28,"key":"SMITH"},{"data":"Barricade","floor":32,"key":"SMITH"},{"data":"Dual Wield","floor":41,"key":"SMITH"},{"floor":49,"key":"RECALL"},{"data":"Feel No Pain","floor":53,"key":"SMITH"}],"neow_cost":"NONE","seed_source_timestamp":49829290863045,"circlet_count":0,"master_deck":["AscendersBane","Defend_R","Defend_R","Defend_R","Defend_R","Bash+1","Pommel Strike","Twin Strike","Rampage","Anger","Whirlwind","Sword Boomerang","Disarm","Inflame+1","Feel No Pain+1","Reaper","Armaments+1","Corruption+1","Sentinel+1","Demon Form","Sever Soul","Parasite","Limit Break","Entrench","Barricade+1","Impervious","Body Slam","Master of Strategy","Flame Barrier","Dual Wield+1","True Grit","Feed","Shockwave","Double Tap","Second Wind"],"special_seed":0,"relics":["Burning Blood","Vajra","Pocketwatch","Gambling Chip","Calipers","Shuriken","Darkstone Periapt","Coffee Dripper","Kunai","Nunchaku","Red Skull","Meat on the Bone","MawBank","Runic Pyramid","Mummified Hand","Centennial Puzzle","Letter Opener","Lantern","Bottled Tornado","Self Forming Clay","Oddly Smooth Stone"],"potions_floor_usage":[13,56,56],"damage_taken":[{"damage":2.0,"enemies":"Cultist","floor":1.0,"turns":4.0},{"damage":2.0,"enemies":"Jaw Worm","floor":4.0,"turns":3.0},{"damage":32,"enemies":"Gremlin Nob","floor":7,"turns":4},{"damage":0,"enemies":"Small Slimes","floor":8,"turns":3},{"damage":1,"enemies":"2 Fungi Beasts","floor":10,"turns":2},{"damage":29,"enemies":"Lagavulin","floor":11,"turns":4},{"damage":15,"enemies":"3 Sentries","floor":13,"turns":4},{"damage":0,"enemies":"Slime Boss","floor":16,"turns":4},{"damage":0,"enemies":"3 Byrds","floor":18,"turns":3},{"damage":20,"enemies":"2 Thieves","floor":19,"turns":3},{"damage":54,"enemies":"Sentry and Sphere","floor":22,"turns":7},{"damage":22,"enemies":"Slavers","floor":24,"turns":5},{"damage":29,"enemies":"Centurion and Healer","floor":27,"turns":6},{"damage":13,"enemies":"Book of Stabbing","floor":29,"turns":4},{"damage":47,"enemies":"Shelled Parasite and Fungi","floor":30,"turns":5},{"damage":27,"enemies":"Gremlin Leader","floor":31,"turns":5},{"damage":24,"enemies":"Automaton","floor":33,"turns":6},{"damage":19,"enemies":"3 Shapes","floor":35,"turns":4},{"damage":9,"enemies":"Orb Walker","floor":38,"turns":4},{"damage":13,"enemies":"Nemesis","floor":40,"turns":3},{"damage":13,"enemies":"Giant Head","floor":42,"turns":6},{"damage":23,"enemies":"Reptomancer","floor":45,"turns":3},{"damage":30,"enemies":"Jaw Worm Horde","floor":46,"turns":5},{"damage":4,"enemies":"4 Shapes","floor":47,"turns":8},{"damage":18,"enemies":"Nemesis","floor":48,"turns":5},{"damage":54,"enemies":"Awakened One","floor":50,"turns":7},{"damage":44,"enemies":"Time Eater","floor":51,"turns":7},{"damage":87,"enemies":"Shield and Spear","floor":55,"turns":8},{"damage":108,"enemies":"The Heart","floor":56,"turns":9}],"seed_played":"5859215174313782860","potions_obtained":[{"floor":1.0,"key":"BloodPotion"},{"floor":13,"key":"Regen Potion"},{"floor":16,"key":"Fire Potion"},{"floor":29,"key":"Strength Potion"},{"floor":33,"key":"SkillPotion"},{"floor":45,"key":"SkillPotion"}],"is_trial":false,"path_per_floor":["M","?","?","M","?","R","E","M","T","M","E","$","E","$","R","B",null,"M","M","$","?","M","R","E","?","T","M","R","E","M","E","R","B",null,"M","?","?","M","$","E","R","E","T","?","E","M","M","E","R","B","B",null,"R","$","E","B",null],"character_chosen":"IRONCLAD","items_purchased":["Feel No Pain","Corruption","Mummified Hand","Self Forming Clay"],"campfire_rested":0,"item_purchase_floors":[14,20,39,54],"current_hp_per_floor":[72,72,46,50,50,50,24,30,30,35,12,12,21,21,21,27,63,75,74,74,80,32,32,28,34,34,39,39,49,43,52,52,85,87,75,75,65,62,62,74,74,87,87,83,74,83,86,77,77,53,86,94,94,94,101,46],"gold":36,"neow_bonus":"RANDOM_COMMON_RELIC","is_prod":false,"is_daily":false,"chose_seed":false,"campfire_upgraded":7,"win_rate":0,"timestamp":1565041562,"path_taken":["M","?","?","M","?","R","E","M","T","M","E","$","E","$","R","BOSS","M","M","?","?","M","R","E","?","T","M","R","E","M","E","R","BOSS","M","?","?","M","$","E","R","E","T","?","E","M","M","E","R","BOSS","BOSS","R","$","E","BOSS"],"build_version":"2019-07-17","purchased_purges":2,"victory":true,"max_hp_per_floor":[75,75,75,75,75,75,75,75,75,75,75,75,75,75,75,75,75,75,75,75,81,81,81,81,87,87,87,87,87,87,87,87,87,87,87,87,87,87,87,87,87,87,87,83,83,83,86,89,89,93,97,97,97,97,101,105],"card_choices":[{"not_picked":["Flame Barrier","True Grit"],"picked":"Pommel Strike","floor":1.0},{"not_picked":["Iron Wave","Feel No Pain"],"picked":"Twin Strike","floor":4},{"not_picked":["Brutality","Havoc"],"picked":"Anger","floor":7},{"not_picked":["Heavy Blade","Burning Pact"],"picked":"Whirlwind","floor":8},{"not_picked":["Thunderclap","Headbutt"],"picked":"Sword Boomerang","floor":10},{"not_picked":["Sword Boomerang","Feel No Pain"],"picked":"Disarm","floor":11},{"not_picked":["Warcry","Rupture"],"picked":"Inflame","floor":13},{"not_picked":["Demon Form","Bludgeon"],"picked":"Reaper","floor":16},{"not_picked":["Perfected Strike","Sword Boomerang"],"picked":"Armaments","floor":18},{"not_picked":["Twin Strike","Perfected Strike","Carnage"],"picked":"SKIP","floor":19},{"not_picked":["Wild Strike","Fire Breathing"],"picked":"Sentinel+1","floor":22},{"not_picked":["Cleave","Pommel Strike"],"picked":"Demon Form","floor":24},{"not_picked":["Flex","Intimidate","Armaments"],"picked":"SKIP","floor":27},{"not_picked":["Cleave","Sever Soul"],"picked":"Limit Break","floor":29},{"not_picked":["Body Slam","Whirlwind","Entrench"],"picked":"SKIP","floor":30},{"not_picked":["Body Slam","Whirlwind"],"picked":"Entrench","floor":30},{"not_picked":["Cleave","True Grit"],"picked":"Barricade","floor":31},{"not_picked":["Brutality","Berserk"],"picked":"Impervious","floor":33},{"not_picked":["Armaments","Clash"],"picked":"Body Slam","floor":35},{"not_picked":["Magnetism","Flash of Steel"],"picked":"Master of Strategy","floor":37},{"not_picked":["Iron Wave","Anger+1"],"picked":"Flame Barrier","floor":38},{"not_picked":["Armaments","Havoc"],"picked":"Dual Wield","floor":40},{"not_picked":["Berserk","Cleave+1","Twin Strike"],"picked":"SKIP","floor":42},{"not_picked":["Havoc","Wild Strike"],"picked":"True Grit","floor":45},{"not_picked":["Twin Strike","Warcry"],"picked":"Feed","floor":46},{"not_picked":["Clash+1","True Grit"],"picked":"Shockwave","floor":47},{"not_picked":["Bloodletting","Iron Wave+1"],"picked":"Double Tap","floor":48},{"not_picked":["Headbutt","Pommel Strike"],"picked":"Second Wind","floor":55}],"player_experience":1883105,"relics_obtained":[{"floor":7,"key":"Gambling Chip"},{"floor":9,"key":"Calipers"},{"floor":11,"key":"Shuriken"},{"floor":13,"key":"Darkstone Periapt"},{"floor":24,"key":"Nunchaku"},{"floor":26,"key":"Red Skull"},{"floor":29,"key":"Meat on the Bone"},{"floor":31,"key":"MawBank"},{"floor":40,"key":"Centennial Puzzle"},{"floor":42,"key":"Letter Opener"},{"floor":45,"key":"Lantern"},{"floor":48,"key":"Bottled Tornado"},{"floor":55,"key":"Oddly Smooth Stone"}],"event_choices":[{"cards_removed":["Strike_R"],"damage_healed":0.0,"max_hp_gain":0.0,"max_hp_loss":0.0,"gold_gain":0.0,"event_name":"The Cleric","player_choice":"Card Removal","floor":2.0,"gold_loss":75.0,"damage_taken":0.0},{"damage_healed":0.0,"max_hp_gain":0.0,"max_hp_loss":0.0,"gold_gain":0.0,"event_name":"Scrap Ooze","player_choice":"Success","floor":3.0,"gold_loss":0.0,"damage_taken":26.0,"relics_obtained":["Pocketwatch"]},{"damage_healed":0,"gold_gain":0,"cards_transformed":["Strike_R"],"player_choice":"Transformed","damage_taken":0,"max_hp_gain":0,"max_hp_loss":0,"event_name":"Transmorgrifier","floor":5,"gold_loss":0,"cards_obtained":["Rampage"]},{"damage_healed":0,"gold_gain":0,"player_choice":"Stole Relic","damage_taken":0,"relics_obtained":["Kunai"],"max_hp_gain":0,"max_hp_loss":0,"event_name":"Addict","floor":21,"gold_loss":0,"cards_obtained":["Shame"]},{"damage_healed":0,"gold_gain":0,"cards_transformed":["Strike_R","Shame"],"player_choice":"Became Test Subject","damage_taken":0,"max_hp_gain":0,"max_hp_loss":0,"event_name":"Drug Dealer","floor":25,"gold_loss":0,"cards_obtained":["Sever Soul","Parasite"]},{"damage_healed":0,"gold_gain":0,"player_choice":"Ignored","damage_taken":0,"max_hp_gain":0,"max_hp_loss":0,"event_name":"Tomb of Lord Red Mask","floor":36,"gold_loss":0},{"damage_healed":0,"gold_gain":0,"player_choice":"Memory 3","damage_taken":10,"max_hp_gain":0,"max_hp_loss":0,"event_name":"SensoryStone","floor":37,"gold_loss":0},{"damage_healed":0,"gold_gain":0,"player_choice":"Max HP","damage_taken":0,"max_hp_gain":0,"max_hp_loss":4,"event_name":"Winding Halls","floor":44,"gold_loss":0}],"is_beta":false,"boss_relics":[{"not_picked":["Runic Dome","Eternal Feather"],"picked":"Coffee Dripper"},{"not_picked":["Velvet Choker","Astrolabe"],"picked":"Runic Pyramid"}],"items_purged_floors":[12,20],"is_endless":false,"potions_floor_spawned":[1,13,16,22,24,29,31,33,45,47,48],"ascension_level":20}