{"path_per_floor":["M","M","M","M","?","R","E","R","T","M","E","?","M","$","R","B",null,"M","?","?","M","$","R","E","R","T","$","M","R","M","E","R","B",null,"M","$","M","?","?","R","?","R","T","$","R","E","R","M","R"],"character_chosen":"THE_SILENT","items_purchased":["Caltrops","Bandage Up","Skewer","Bag of Marbles","Accuracy","Secret Technique"],"gold_per_floor":[109,125,135,154,104,104,129,129,129,149,184,184,202,74,74,177,177,193,193,193,206,134,134,169,169,169,23,43,43,55,89,89,184,184,203,131,147,147,201,201,201,201,251,46,46,79,79,91,91,91],"floor_reached":50,"campfire_rested":2,"playtime":2083,"item_purchase_floors":[14,14,22,27,36,44],"current_hp_per_floor":[68,68,67,67,67,67,53,53,53,53,52,52,52,52,52,48,65,67,67,67,70,70,70,65,65,65,65,65,65,69,70,70,34,61,43,43,43,33,35,35,35,35,35,35,35,20,41,40,61,0],"items_purged":[],"gold":91,"score":670,"play_id":"788f3726-41d5-4720-8a68-e67890aaf6ca","local_time":"20180528161943","is_prod":false,"is_daily":false,"chose_seed":false,"is_ascension_mode":true,"campfire_upgraded":7,"win_rate":0,"timestamp":1527517183,"campfire_choices":[{"data":"Cloak And Dagger","floor":6,"key":"SMITH"},{"data":"Backstab","floor":8,"key":"SMITH"},{"data":"Caltrops","floor":15,"key":"SMITH"},{"data":"Skewer","floor":23,"key":"SMITH"},{"data":"Glass Knife","floor":25,"key":"SMITH"},{"data":"Backstab","floor":29,"key":"SMITH"},{"data":"Blade Dance","floor":32,"key":"SMITH"},{"data":"1","floor":40,"key":"LIFT"},{"data":"2","floor":42,"key":"LIFT"},{"data":"3","floor":45,"key":"LIFT"},{"floor":47,"key":"REST"},{"floor":49,"key":"REST"}],"path_taken":["M","M","M","M","?","R","E","R","T","M","E","?","M","$","R","BOSS","M","?","?","M","$","R","E","R","T","$","M","R","M","E","R","BOSS","M","$","M","?","?","R","?","R","T","?","R","E","R","M","R","BOSS"],"build_version":"2018-05-27","seed_source_timestamp":21005229654450,"purchased_purges":0,"victory":false,"master_deck":["Defend_G","Defend_G","Strike_G","Strike_G","Strike_G","Survivor","Neutralize","A Thousand Cuts+1","Tactician+1","Wraith Form v2+1","Cloak And Dagger+1","Flying Knee","Leg Sweep","Quick Slash","Backstab+1","Finisher+1","Unload","Reflex","Caltrops+1","Bandage Up","Glass Knife+1","Backflip+1","Dagger Spray","Skewer+1","Blade Dance+1","Backstab+1","Predator","Flying Knee+1","Adrenaline","Masterful Stab","Accuracy","Acrobatics+1","Flash of Steel","Master of Strategy","Thinking Ahead","Riddle With Holes","Secret Technique","Backstab","PiercingWail"],"max_hp_per_floor":[70,70,70,70,70,70,70,70,70,70,70,70,70,70,70,70,70,70,70,70,70,70,70,70,70,70,70,70,70,70,70,70,70,70,70,70,70,70,70,70,70,70,70,70,70,70,70,70,70,70],"relics":["Astrolabe","Vajra","Happy Flower","Meat on the Bone","Runic Dome","Juzu Bracelet","Mercury Hourglass","Bag of Marbles","Singing Bowl","Runic Pyramid","Girya","Lantern","Smiling Mask"],"card_choices":[{"not_picked":["Finisher","Concentrate"],"picked":"Cloak And Dagger","floor":1},{"not_picked":["Outmaneuver","Deflect"],"picked":"Flying Knee","floor":2},{"not_picked":["Flying Knee","Deflect"],"picked":"Leg Sweep","floor":3},{"not_picked":["Sucker Punch","Outmaneuver"],"picked":"Quick Slash","floor":4},{"not_picked":["Reflex","Flechettes"],"picked":"Backstab","floor":7},{"not_picked":["Escape Plan","Sucker Punch"],"picked":"Finisher","floor":10},{"not_picked":["Poisoned Stab","Grand Finale"],"picked":"Unload","floor":11},{"not_picked":["Outmaneuver","Bane"],"picked":"Reflex","floor":13},{"not_picked":["A Thousand Cuts","Wraith Form v2"],"picked":"Glass Knife","floor":16},{"not_picked":["Flying Knee+1","Sucker Punch+1"],"picked":"Backflip+1","floor":18},{"not_picked":["Backflip","Dodge and Roll"],"picked":"Dagger Spray","floor":21},{"not_picked":["PiercingWail","Endless Agony"],"picked":"Blade Dance","floor":24},{"not_picked":["Skewer","Masterful Stab"],"picked":"Backstab","floor":28},{"not_picked":["Acrobatics","Heel Hook"],"picked":"Predator","floor":30},{"not_picked":["Blur","Eviscerate"],"picked":"Flying Knee+1","floor":31},{"not_picked":["Wraith Form v2","Tactician"],"picked":"Adrenaline","floor":33},{"not_picked":["PiercingWail+1","Prepared+1"],"picked":"Masterful Stab","floor":35},{"not_picked":["Calculated Gamble","Slice"],"picked":"Acrobatics+1","floor":37},{"not_picked":["Panacea","Jack Of All Trades"],"picked":"Flash of Steel","floor":38},{"not_picked":["Good Instincts","Magnetism"],"picked":"Master of Strategy","floor":38},{"not_picked":["Purity","Sadistic Nature"],"picked":"Thinking Ahead","floor":38},{"not_picked":["Deflect+1","Underhanded Strike+1"],"picked":"Riddle With Holes","floor":39},{"not_picked":["Dodge and Roll+1","Deflect+1"],"picked":"Backstab","floor":46},{"not_picked":["All Out Attack","Dagger Spray+1"],"picked":"PiercingWail","floor":48}],"player_experience":233984,"potions_floor_usage":[11,16,24,24,31,33,33,35,46,46,46,50],"damage_taken":[{"damage":2,"enemies":"Jaw Worm","floor":1,"turns":6},{"damage":0,"enemies":"Small Slimes","floor":2,"turns":2},{"damage":1,"enemies":"Cultist","floor":3,"turns":3},{"damage":0,"enemies":"Large Slime","floor":4,"turns":5},{"damage":14,"enemies":"3 Sentries","floor":7,"turns":7},{"damage":0,"enemies":"Gremlin Gang","floor":10,"turns":4},{"damage":1,"enemies":"Gremlin Nob","floor":11,"turns":4},{"damage":0,"enemies":"Red Slaver","floor":13,"turns":1},{"damage":8,"enemies":"Hexaghost","floor":16,"turns":7},{"damage":2,"enemies":"Spheric Guardian","floor":18,"turns":4},{"damage":0,"enemies":"Chosen","floor":21,"turns":3},{"damage":5,"enemies":"Gremlin Leader","floor":24,"turns":2},{"damage":0,"enemies":"Snake Plant","floor":28,"turns":2},{"damage":0,"enemies":"Cultist and Chosen","floor":30,"turns":4},{"damage":1,"enemies":"Slavers","floor":31,"turns":2},{"damage":52,"enemies":"Automaton","floor":33,"turns":8},{"damage":30,"enemies":"3 Shapes","floor":35,"turns":2},{"damage":4,"enemies":"Orb Walker","floor":37,"turns":2},{"damage":10,"enemies":"Mysterious Sphere","floor":39,"turns":3},{"damage":27,"enemies":"Nemesis","floor":46,"turns":5},{"damage":1,"enemies":"Maw","floor":48,"turns":6},{"damage":67,"enemies":"Awakened One","floor":50,"turns":8}],"relics_obtained":[{"floor":7,"key":"Vajra"},{"floor":9,"key":"Happy Flower"},{"floor":11,"key":"Meat on the Bone"},{"floor":24,"key":"Juzu Bracelet"},{"floor":26,"key":"Mercury Hourglass"},{"floor":31,"key":"Singing Bowl"},{"floor":39,"key":"Girya"},{"floor":43,"key":"Lantern"},{"floor":46,"key":"Smiling Mask"}],"event_choices":[{"event_name":"The Cleric","player_choice":"Card Removal","floor":5,"damage_taken":0},{"event_name":"Living Wall","player_choice":"Grow","floor":12,"damage_taken":0},{"event_name":"Purifier","player_choice":"One Purge","floor":19,"damage_taken":0},{"event_name":"Drug Dealer","player_choice":"Ignored","floor":20,"damage_taken":0},{"event_name":"SensoryStone","player_choice":"Memory 3","floor":38,"damage_taken":0},{"event_name":"Mysterious Sphere","player_choice":"Fight","floor":39,"damage_taken":0},{"event_name":"The Moai Head","player_choice":"Ignored","floor":41,"damage_taken":0}],"boss_relics":[{"not_picked":["Tiny House","Orrery"],"picked":"Runic Dome"},{"not_picked":["Lizard Tail","Black Star"],"picked":"Runic Pyramid"}],"items_purged_floors":[],"potions_floor_spawned":[1,3,10,11,13,18,28,30,39,48],"seed_played":"5064576292652131731","killed_by":"Awakened One","ascension_level":5,"potions_obtained":[{"floor":1,"key":"Ancient Potion"},{"floor":3,"key":"SteroidPotion"},{"floor":10,"key":"GhostInAJar"},{"floor":11,"key":"Swift Potion"},{"floor":18,"key":"AttackPotion"},{"floor":28,"key":"EntropicBrew"},{"floor":30,"key":"SteroidPotion"},{"floor":39,"key":"SneckoOil"},{"floor":48,"key":"AttackPotion"}],"is_trial":false}