{"gold_per_floor":[113,113,62,73,142,167,167,200,200,227,227,245,261,291,291,362,362,338,352,352,81,101,101,128,128,151,183,198,228,26,76,76,151,151,163,163,174,49,63,63,96,0,74,109,2,30,30,46,46,46,46,46,46,46,76,76],"floor_reached":56,"playtime":3557,"items_purged":["Strike_R","Evolve","Strike_R","Pain"],"score":2043,"play_id":"bdda08c3-e89c-4dc3-bddf-914bd452a5af","local_time":"20190528165542","is_ascension_mode":true,"campfire_choices":[{"floor":7.0,"key":"REST"},{"floor":15.0,"key":"REST"},{"data":"Metallicize","floor":23.0,"key":"SMITH"},{"data":"Demon Form","floor":25.0,"key":"SMITH"},{"floor":32.0,"key":"REST"},{"floor":40.0,"key":"RECALL"},{"data":"Whirlwind","floor":47.0,"key":"SMITH"},{"floor":49.0,"key":"REST"},{"data":"Double Tap","floor":53.0,"key":"SMITH"}],"neow_cost":"PERCENT_DAMAGE","seed_source_timestamp":0,"circlet_count":0,"master_deck":["AscendersBane","Strike_R","Strike_R+1","Defend_R","Defend_R","Defend_R","Defend_R","Bash","Bludgeon","Thunderclap","Anger+1","Double Tap+1","Metallicize+1","Demon Form+1","Burning Pact+1","Ghostly Armor+1","True Grit+1","Exhume+1","Shockwave+1","True Grit+1","Apotheosis+1","Flex+1","Spot Weakness+1","Reaper","Shrug It Off+1","True Grit+1","Impervious+1","Impervious+1","Shrug It Off+1","Enlightenment+1","Whirlwind+1","Heavy Blade","Anger+1","Reaper","Twin Strike+1"],"special_seed":0,"relics":["Burning Blood","Ornamental Fan","Self Forming Clay","Toxic Egg 2","Orichalcum","Bag of Preparation","Odd Mushroom","Runic Pyramid","Darkstone Periapt","Smiling Mask","Juzu Bracelet","Ginger","Cursed Key","PreservedInsect","Red Mask","Frozen Egg 2","Whetstone","Happy Flower"],"potions_floor_usage":[56,56],"damage_taken":[{"damage":2.0,"enemies":"2 Louse","floor":1.0,"turns":3.0},{"damage":6.0,"enemies":"Cultist","floor":4.0,"turns":3.0},{"damage":31.0,"enemies":"Lagavulin","floor":6.0,"turns":7.0},{"damage":27.0,"enemies":"3 Sentries","floor":8.0,"turns":9.0},{"damage":23.0,"enemies":"Lagavulin","floor":10.0,"turns":5.0},{"damage":0.0,"enemies":"Small Slimes","floor":12.0,"turns":2.0},{"damage":3.0,"enemies":"2 Fungi Beasts","floor":13.0,"turns":4.0},{"damage":20.0,"enemies":"The Mushroom Lair","floor":14.0,"turns":4.0},{"damage":3.0,"enemies":"Hexaghost","floor":16.0,"turns":7.0},{"damage":12.0,"enemies":"2 Thieves","floor":18.0,"turns":5.0},{"damage":17.0,"enemies":"Shell Parasite","floor":19.0,"turns":8.0},{"damage":7.0,"enemies":"Chosen and Byrds","floor":22.0,"turns":7.0},{"damage":20.0,"enemies":"Slavers","floor":24.0,"turns":7.0},{"damage":20.0,"enemies":"Book of Stabbing","floor":27.0,"turns":6.0},{"damage":18.0,"enemies":"Snake Plant","floor":28.0,"turns":6.0},{"damage":85.0,"enemies":"Gremlin Leader","floor":29.0,"turns":10.0},{"damage":46.0,"enemies":"Collector","floor":33.0,"turns":13.0},{"damage":7.0,"enemies":"Orb Walker","floor":35.0,"turns":6.0},{"damage":0.0,"enemies":"3 Shapes","floor":37.0,"turns":6.0},{"damage":56.0,"enemies":"Transient","floor":39.0,"turns":6.0},{"damage":64.0,"enemies":"Reptomancer","floor":41.0,"turns":7.0},{"damage":6.0,"enemies":"Nemesis","floor":44.0,"turns":9.0},{"damage":26.0,"enemies":"Reptomancer","floor":46.0,"turns":5.0},{"damage":20.0,"enemies":"Sphere and 2 Shapes","floor":48.0,"turns":6.0},{"damage":65.0,"enemies":"Awakened One","floor":50.0,"turns":11.0},{"damage":57.0,"enemies":"Donu and Deca","floor":51.0,"turns":11.0},{"damage":69.0,"enemies":"Shield and Spear","floor":55.0,"turns":11.0},{"damage":84,"enemies":"The Heart","floor":56,"turns":8}],"seed_played":"-2613948879620683222","potions_obtained":[{"floor":4.0,"key":"Explosive Potion"},{"floor":6.0,"key":"FearPotion"},{"floor":13.0,"key":"Weak Potion"},{"floor":14.0,"key":"Fire Potion"},{"floor":16.0,"key":"AttackPotion"},{"floor":27.0,"key":"Poison Potion"},{"floor":29.0,"key":"SkillPotion"}],"is_trial":false,"path_per_floor":["M","?","$","M","T","E","R","E","T","E","?","M","M","?","R","B",null,"M","M","?","$","M","R","E","R","T","E","M","E","$","?","R","B",null,"M","?","M","$","M","R","E","?","T","E","$","E","R","M","R","B","B",null,"R","$","E","B"],"character_chosen":"IRONCLAD","items_purchased":["Anger","Apotheosis+1","Impervious+1","Whirlwind","PowerPotion"],"campfire_rested":4,"item_purchase_floors":[3,21,30,38,45],"current_hp_per_floor":[54,54,54,54,54,29,51,30,30,13,13,19,22,8,30,33,65,59,48,48,48,47,47,33,33,33,19,75,41,41,41,63,65,73,75,65,75,75,75,75,75,75,81,81,81,73,73,59,81,81,81,81,81,81,81,0],"gold":76,"neow_bonus":"THREE_RARE_CARDS","is_prod":false,"is_daily":false,"chose_seed":false,"campfire_upgraded":4,"win_rate":0,"timestamp":1559055342,"path_taken":["M","?","$","?","?","E","R","E","T","E","?","?","M","?","R","BOSS","M","M","?","$","M","R","E","R","T","E","M","E","$","?","R","BOSS","M","?","M","$","M","R","E","?","T","E","$","E","R","M","R","BOSS","BOSS","R","$","E","BOSS"],"build_version":"2019-01-23","purchased_purges":4,"victory":false,"max_hp_per_floor":[75,75,75,75,75,75,75,75,75,75,75,75,75,75,75,75,75,75,75,75,75,75,75,75,75,75,75,75,75,75,75,75,75,75,75,75,75,75,75,75,75,75,81,81,81,81,81,81,81,81,81,81,81,81,81,81],"card_choices":[{"not_picked":["Dark Embrace","Offering"],"picked":"Bludgeon","floor":0.0},{"not_picked":["Body Slam","Flex"],"picked":"Thunderclap","floor":1.0},{"not_picked":["Twin Strike","Wild Strike"],"picked":"Double Tap","floor":4.0},{"not_picked":["Dark Embrace","Blood for Blood"],"picked":"Metallicize","floor":6.0},{"not_picked":["Reckless Charge","Sword Boomerang","Cleave"],"picked":"SKIP","floor":8.0},{"not_picked":["Anger","Flex+1"],"picked":"Demon Form","floor":10.0},{"not_picked":["Headbutt","Perfected Strike"],"picked":"Ghostly Armor+1","floor":12.0},{"not_picked":["Pommel Strike","Heavy Blade"],"picked":"True Grit+1","floor":13.0},{"not_picked":["Havoc+1","Rage+1"],"picked":"Evolve","floor":14.0},{"not_picked":["Double Tap+1","Fiend Fire"],"picked":"Exhume+1","floor":16.0},{"not_picked":["Sword Boomerang","Wild Strike","Searing Blow"],"picked":"SKIP","floor":18.0},{"not_picked":["Dropkick","Havoc+1"],"picked":"Shockwave+1","floor":19.0},{"not_picked":["Twin Strike","Flex+1","Body Slam"],"picked":"SKIP","floor":22.0},{"not_picked":["Twin Strike","Body Slam"],"picked":"Flex+1","floor":22.0},{"not_picked":["Battle Trance+1","Burning Pact+1"],"picked":"Spot Weakness+1","floor":24.0},{"not_picked":["Dual Wield+1","Flex+1"],"picked":"Reaper","floor":27.0},{"not_picked":["Iron Wave","Havoc+1"],"picked":"Shrug It Off+1","floor":28.0},{"not_picked":["Sever Soul","Headbutt"],"picked":"True Grit+1","floor":29.0},{"not_picked":["Exhume+1","Bludgeon"],"picked":"Impervious+1","floor":33.0},{"not_picked":["Power Through+1","Havoc+1"],"picked":"Shrug It Off+1","floor":35.0},{"not_picked":["Master of Strategy+1","Secret Technique+1"],"picked":"Enlightenment+1","floor":36.0},{"not_picked":["Flex+1","Wild Strike","Rupture+1"],"picked":"SKIP","floor":37.0},{"not_picked":["Perfected Strike","Thunderclap+1"],"picked":"Heavy Blade","floor":39.0},{"not_picked":["Blood for Blood+1","Iron Wave"],"picked":"Anger+1","floor":41.0},{"not_picked":["Iron Wave","Fiend Fire"],"picked":"Reaper","floor":44.0},{"not_picked":["Spot Weakness+1","Thunderclap+1"],"picked":"Twin Strike+1","floor":46.0},{"not_picked":["Warcry+1","Perfected Strike","Pommel Strike+1"],"picked":"SKIP","floor":48.0},{"not_picked":["Headbutt","Havoc+1","Combust+1"],"picked":"SKIP","floor":55.0}],"player_experience":1706811,"relics_obtained":[{"floor":5.0,"key":"Ornamental Fan"},{"floor":6.0,"key":"Self Forming Clay"},{"floor":8.0,"key":"Toxic Egg 2"},{"floor":9.0,"key":"Orichalcum"},{"floor":10.0,"key":"Bag of Preparation"},{"floor":14.0,"key":"Odd Mushroom"},{"floor":24.0,"key":"Darkstone Periapt"},{"floor":26.0,"key":"Smiling Mask"},{"floor":27.0,"key":"Juzu Bracelet"},{"floor":29.0,"key":"Ginger"},{"floor":41.0,"key":"PreservedInsect"},{"floor":44.0,"key":"Frozen Egg 2"},{"floor":46.0,"key":"Whetstone"},{"floor":55.0,"key":"Happy Flower"}],"event_choices":[{"cards_removed":["Strike_R"],"damage_healed":0.0,"max_hp_gain":0.0,"max_hp_loss":0.0,"gold_gain":0.0,"event_name":"Bonfire Elementals","player_choice":"Offered Basic","floor":2.0,"gold_loss":0.0,"damage_taken":0.0},{"damage_healed":0.0,"max_hp_gain":0.0,"max_hp_loss":0.0,"gold_gain":0.0,"event_name":"Match and Keep!","player_choice":"1 cards matched","floor":11.0,"gold_loss":0.0,"damage_taken":0.0,"cards_obtained":["Burning Pact"]},{"damage_healed":0.0,"max_hp_gain":0.0,"max_hp_loss":0.0,"gold_gain":0.0,"event_name":"Mushrooms","player_choice":"Fought Mushrooms","floor":14.0,"gold_loss":0.0,"damage_taken":0.0},{"damage_healed":0.0,"max_hp_gain":0.0,"max_hp_loss":0.0,"gold_gain":0.0,"event_name":"Duplicator","player_choice":"Copied","floor":20.0,"gold_loss":0.0,"damage_taken":0.0,"cards_obtained":["True Grit"]},{"damage_healed":0.0,"max_hp_gain":0.0,"max_hp_loss":0.0,"gold_gain":50.0,"event_name":"Nest","player_choice":"Stole From Cult","floor":31.0,"gold_loss":0.0,"damage_taken":0.0},{"damage_healed":0.0,"max_hp_gain":0.0,"max_hp_loss":0.0,"gold_gain":0.0,"event_name":"SensoryStone","player_choice":"Memory 3","floor":36.0,"gold_loss":0.0,"damage_taken":10.0},{"damage_healed":0.0,"max_hp_gain":0.0,"max_hp_loss":0.0,"gold_gain":0.0,"event_name":"Tomb of Lord Red Mask","player_choice":"Paid","floor":42.0,"gold_loss":96.0,"damage_taken":0.0,"relics_obtained":["Red Mask"]}],"is_beta":false,"boss_relics":[{"not_picked":["Astrolabe","Tiny House"],"picked":"Runic Pyramid"},{"not_picked":["Black Star","Busted Crown"],"picked":"Cursed Key"}],"items_purged_floors":[21,30,38,45],"is_endless":false,"potions_floor_spawned":[4,6,13,14,16,27,29,33,35,39,44,46,55],"killed_by":"The Heart","ascension_level":20}