{"gold_per_floor":[114,84,99,49,124,124,159,159,159,159,159,170,22,47,47,143,143,159,159,172,172,172,172,200,200],"floor_reached":25,"playtime":981,"items_purged":[],"score":326,"play_id":"5182f996-9d20-4468-81df-cfb9f0dfa8b1","local_time":"20180903213732","is_ascension_mode":true,"campfire_choices":[{"data":"Perfected Strike","floor":6,"key":"SMITH"},{"data":"Clothesline","floor":8,"key":"SMITH"},{"data":"Bash","floor":11,"key":"SMITH"},{"floor":15,"key":"REST"},{"data":"Immolate","floor":23,"key":"SMITH"}],"neow_cost":"","seed_source_timestamp":37897573357727,"circlet_count":0,"master_deck":["Strike_R","Strike_R","Strike_R","Strike_R","Defend_R","Defend_R","Defend_R","Bash+1","Clothesline+1","Perfected Strike+1","Evolve+1","Battle Trance","Cleave","Immolate+1","Metallicize+1","Wild Strike","Perfected Strike"],"relics":["Burning Blood","Frozen Egg 2","Paper Frog","Mercury Hourglass","Juzu Bracelet","Bottled Lightning","Mark of Pain","Ornamental Fan","Bottled Tornado","Pen Nib"],"potions_floor_usage":[7,14,25],"damage_taken":[{"damage":6,"enemies":"Cultist","floor":1,"turns":4},{"damage":5,"enemies":"Small Slimes","floor":3,"turns":3},{"damage":30,"enemies":"3 Sentries","floor":7,"turns":6},{"damage":2,"enemies":"Jaw Worm","floor":12,"turns":3},{"damage":30,"enemies":"Lagavulin","floor":14,"turns":4},{"damage":20,"enemies":"Slime Boss","floor":16,"turns":7},{"damage":19,"enemies":"Shell Parasite","floor":18,"turns":4},{"damage":7,"enemies":"Chosen","floor":20,"turns":4},{"damage":40,"enemies":"Gremlin Leader","floor":24,"turns":3},{"damage":10,"enemies":"Colosseum Slavers","floor":25,"turns":2},{"damage":24,"enemies":"Colosseum Nobs","floor":25,"turns":2}],"seed_played":"-6988101990410529312","potions_obtained":[{"floor":1,"key":"Weak Potion"},{"floor":2,"key":"Strength Potion"},{"floor":2,"key":"GamblersBrew"},{"floor":18,"key":"Dexterity Potion"},{"floor":24,"key":"Block Potion"}],"is_trial":false,"path_per_floor":["M","?","M","?","?","R","E","R","T","?","R","M","$","E","R","B",null,"M","?","M","T","?","R","E"],"character_chosen":"IRONCLAD","items_purchased":["Juzu Bracelet"],"campfire_rested":1,"item_purchase_floors":[13],"current_hp_per_floor":[72,72,73,73,62,62,38,38,38,31,31,35,35,11,35,21,65,52,52,51,51,51,51,17,0],"gold":200,"neow_bonus":"","is_prod":false,"is_daily":false,"chose_seed":false,"campfire_upgraded":4,"win_rate":0,"timestamp":1536003452,"path_taken":["M","?","M","?","?","R","E","R","T","?","R","M","$","E","R","BOSS","M","?","M","?","?","R","E","?"],"build_version":"2018-08-30","purchased_purges":0,"victory":false,"max_hp_per_floor":[80,80,80,80,80,80,80,80,80,80,80,80,80,80,80,80,80,80,80,80,80,80,80,80,80],"card_choices":[{"not_picked":["Metallicize","Heavy Blade"],"picked":"Clothesline","floor":1},{"not_picked":["Second Wind","Bloodletting"],"picked":"Perfected Strike","floor":3},{"not_picked":["Body Slam","Anger"],"picked":"Evolve","floor":7},{"not_picked":["Clothesline","Offering"],"picked":"Battle Trance","floor":12},{"not_picked":["Warcry","Entrench"],"picked":"Cleave","floor":14},{"not_picked":["Bludgeon","Exhume"],"picked":"Immolate","floor":16},{"not_picked":["Intimidate","Pummel"],"picked":"Metallicize+1","floor":18},{"not_picked":["Twin Strike+1","Cleave"],"picked":"Wild Strike","floor":20},{"not_picked":["Carnage","Searing Blow"],"picked":"Perfected Strike","floor":24}],"player_experience":380842,"relics_obtained":[{"floor":7,"key":"Frozen Egg 2"},{"floor":9,"key":"Paper Frog"},{"floor":14,"key":"Bottled Lightning"},{"floor":21,"key":"Bottled Tornado"},{"floor":24,"key":"Pen Nib"}],"event_choices":[{"event_name":"The Woman in Blue","player_choice":"Bought 2 Potions","floor":2,"damage_taken":0},{"event_name":"The Cleric","player_choice":"Card Removal","floor":4,"damage_taken":0},{"event_name":"World of Goop","player_choice":"Gather Gold","floor":5,"damage_taken":0},{"event_name":"Scrap Ooze","player_choice":"success","floor":10,"damage_taken":7},{"event_name":"The Mausoleum","player_choice":"Yes","floor":19,"damage_taken":0},{"event_name":"Bonfire Elementals","player_choice":"BASIC","floor":22,"damage_taken":0},{"event_name":"Colosseum","player_choice":"Fight","floor":25,"damage_taken":0},{"event_name":"Colosseum","player_choice":"Fought Nobs","floor":25,"damage_taken":0}],"is_beta":true,"boss_relics":[{"not_picked":["Runic Pyramid","Calling Bell"],"picked":"Mark of Pain"}],"items_purged_floors":[],"is_endless":false,"potions_floor_spawned":[1,18,24,25],"killed_by":"Colosseum Nobs","ascension_level":9}