{"path_per_floor":["M","M","?","M","M","R","M","R","T","R","M","?","?","M","R","B",null,"M","?","M","M","M","R","E","R","T","M","$","R","M","M","R"],"character_chosen":"THE_SILENT","items_purchased":["Bronze Scales","Malaise"],"gold_per_floor":[118,132,97,109,126,126,138,138,138,138,155,155,155,172,172,267,267,267,192,192,192,192,192,192,192,192,192,10,10,10,10,10,10],"floor_reached":33,"campfire_rested":2,"playtime":1833,"item_purchase_floors":[28,28],"current_hp_per_floor":[58,52,69,62,62,62,61,61,61,61,61,47,47,47,47,31,60,58,58,58,45,34,34,27,27,27,21,21,42,39,28,49,0],"items_purged":[],"gold":10,"score":368,"play_id":"7906a9db-5c72-4127-9401-d2eedff7f6bd","local_time":"20180614134408","is_prod":false,"is_daily":false,"chose_seed":false,"is_ascension_mode":true,"campfire_upgraded":6,"win_rate":0,"timestamp":1528976648,"campfire_choices":[{"data":"Terror","floor":6,"key":"SMITH"},{"data":"Leg Sweep","floor":8,"key":"SMITH"},{"data":"Dagger Spray","floor":10,"key":"SMITH"},{"data":"Infinite Blades","floor":15,"key":"SMITH"},{"data":"Adrenaline","floor":23,"key":"SMITH"},{"data":"Deadly Poison","floor":25,"key":"SMITH"},{"floor":29,"key":"REST"},{"floor":32,"key":"REST"}],"path_taken":["M","M","?","M","M","R","M","R","T","R","M","?","?","M","R","BOSS","M","?","M","M","M","R","E","R","T","?","?","R","M","M","R","BOSS"],"build_version":"2018-06-13v3","seed_source_timestamp":15112920161666,"purchased_purges":0,"victory":false,"master_deck":["Defend_G","Defend_G","Defend_G","Defend_G","Strike_G","Strike_G+1","Strike_G","Strike_G","Survivor","Neutralize","Flying Knee","Terror+1","Dagger Spray+1","Leg Sweep+1","Cloak And Dagger","Endless Agony+1","Infinite Blades+1","Blur","Adrenaline+1","Deadly Poison+1","Flying Knee","Distraction+1","Escape Plan","Dagger Spray+1","Skewer","Malaise","Malaise","Adrenaline","Terror+1","Sucker Punch+1"],"max_hp_per_floor":[70,70,70,70,70,70,70,70,70,70,70,70,70,70,70,70,70,70,70,70,70,70,70,70,70,70,70,70,70,70,70,70,70],"relics":["Ring of the Snake","Thread and Needle","Ectoplasm","Prayer Wheel","Letter Opener","Bronze Scales"],"card_choices":[{"not_picked":["Bane","Prepared"],"picked":"Flying Knee","floor":1},{"not_picked":["Outmaneuver","Slice"],"picked":"Terror","floor":2},{"not_picked":["Backstab","PiercingWail"],"picked":"Dagger Spray","floor":4},{"not_picked":["Unload","Backflip"],"picked":"Leg Sweep","floor":5},{"not_picked":["Bane","Dodge and Roll"],"picked":"Cloak And Dagger","floor":7},{"not_picked":["Acrobatics","Poisoned Stab"],"picked":"Endless Agony","floor":11},{"not_picked":["Flechettes","Deflect"],"picked":"Blur","floor":14},{"not_picked":["Doppelganger","Tactician"],"picked":"Adrenaline","floor":16},{"not_picked":["Caltrops","Sucker Punch"],"picked":"Deadly Poison","floor":18},{"not_picked":["Outmaneuver","Dodge and Roll"],"picked":"Flying Knee","floor":20},{"not_picked":["Underhanded Strike","Flying Knee+1"],"picked":"Distraction+1","floor":21},{"not_picked":["Dagger Throw","Slice"],"picked":"Escape Plan","floor":22},{"not_picked":["Eviscerate","Outmaneuver+1"],"picked":"Dagger Spray+1","floor":24},{"not_picked":["Backflip+1","PiercingWail"],"picked":"Skewer","floor":27},{"not_picked":["Prepared","Outmaneuver","Backflip"],"picked":"SKIP","floor":27},{"not_picked":["Quick Slash","Deflect"],"picked":"Malaise","floor":30},{"not_picked":["Underhanded Strike+1","Deflect"],"picked":"Adrenaline","floor":30},{"not_picked":["Deflect","Dodge and Roll"],"picked":"Terror+1","floor":31},{"not_picked":["Dagger Throw","Backflip+1"],"picked":"Sucker Punch+1","floor":31}],"player_experience":333912,"potions_floor_usage":[18,18,24,24,33,33],"damage_taken":[{"damage":5,"enemies":"Cultist","floor":1,"turns":5},{"damage":6,"enemies":"Jaw Worm","floor":2,"turns":6},{"damage":7,"enemies":"Small Slimes","floor":4,"turns":3},{"damage":0,"enemies":"2 Fungi Beasts","floor":5,"turns":3},{"damage":1,"enemies":"Red Slaver","floor":7,"turns":3},{"damage":0,"enemies":"Large Slime","floor":11,"turns":4},{"damage":0,"enemies":"Exordium Thugs","floor":14,"turns":3},{"damage":16,"enemies":"The Guardian","floor":16,"turns":11},{"damage":2,"enemies":"Chosen","floor":18,"turns":6},{"damage":0,"enemies":"3 Byrds","floor":20,"turns":5},{"damage":13,"enemies":"Snecko","floor":21,"turns":4},{"damage":11,"enemies":"Slaver and Parasite","floor":22,"turns":7},{"damage":7,"enemies":"Slavers","floor":24,"turns":5},{"damage":6,"enemies":"Chosen and Byrds","floor":27,"turns":4},{"damage":3,"enemies":"3 Cultists","floor":30,"turns":4},{"damage":11,"enemies":"Slaver and Parasite","floor":31,"turns":5},{"damage":56,"enemies":"Champ","floor":33,"turns":14}],"relics_obtained":[{"floor":9,"key":"Thread and Needle"},{"floor":24,"key":"Prayer Wheel"},{"floor":26,"key":"Letter Opener"}],"event_choices":[{"event_name":"The Cleric","player_choice":"Healed","floor":3,"damage_taken":0},{"event_name":"Shining Light","player_choice":"Entered Light","floor":12,"damage_taken":0},{"event_name":"Transmorgrifier","player_choice":"Transform","floor":13,"damage_taken":0},{"event_name":"Beggar","player_choice":"Gave Gold","floor":19,"damage_taken":0}],"boss_relics":[{"not_picked":["Astrolabe","Fusion Hammer"],"picked":"Ectoplasm"}],"items_purged_floors":[],"potions_floor_spawned":[4,5,7,18,20,21,22,30],"seed_played":"-4503572664576916442","killed_by":"Champ","ascension_level":8,"potions_obtained":[{"floor":4,"key":"PowerPotion"},{"floor":5,"key":"Dexterity Potion"},{"floor":7,"key":"Block Potion"},{"floor":18,"key":"Fire Potion"},{"floor":20,"key":"GamblersBrew"},{"floor":21,"key":"GhostInAJar"},{"floor":30,"key":"SpeedPotion"}],"is_trial":false}