{"gold_per_floor":[116,116,116,116,131,158,158,192,239,263,277,310,325,290,290,363,363,374,393,393,408,420,420,449,449,449,460,20,55,80,114,114,191,191,207,257,272,272,64,93,105,139,139,170,19,38,56,56],"floor_reached":48,"playtime":1496,"items_purged":["Strike_R","Strike_R"],"score":1336,"play_id":"37f77f1f-40fc-4c67-acb8-7f6ed228ea05","local_time":"20190902170540","is_ascension_mode":true,"campfire_choices":[{"data":"Bash","floor":7.0,"key":"SMITH"},{"data":"Infernal Blade","floor":15.0,"key":"SMITH"},{"floor":23,"key":"REST"},{"floor":25,"key":"REST"},{"floor":32,"key":"REST"}],"neow_cost":"NONE","seed_source_timestamp":116238342534333,"circlet_count":0,"master_deck":["AscendersBane","Strike_R+1","Strike_R+1","Strike_R+1","Defend_R","Defend_R","Defend_R","Defend_R","Bash+1","Twin Strike+1","Shrug It Off","Infernal Blade+1","Sword Boomerang","Shrug It Off","Demon Form+1","Flame Barrier","Twin Strike","Infernal Blade+1","Bloodletting","Berserk","Heavy Blade","Shockwave+1","Disarm+1","Limit Break+1","Burning Pact+1","Sword Boomerang+1","Sentinel+1","Burning Pact+1","Reaper","Pommel Strike+1"],"special_seed":0,"relics":["Burning Blood","NeowsBlessing","Smiling Mask","Matryoshka","Whetstone","Blood Vial","PreservedInsect","Centennial Puzzle","Juzu Bracelet","Pen Nib","Fusion Hammer","WingedGreaves","Paper Frog","Lee\u0027s Waffle","Bag of Preparation","Strawberry","Bag of Marbles","Toxic Egg 2","Philosopher\u0027s Stone","Du-Vu Doll","Red Skull","Happy Flower","Dream Catcher","Regal Pillow"],"potions_floor_usage":[16,47],"damage_taken":[{"damage":0.0,"enemies":"Small Slimes","floor":1.0,"turns":1.0},{"damage":0.0,"enemies":"2 Louse","floor":5.0,"turns":1.0},{"damage":0.0,"enemies":"Lagavulin","floor":6.0,"turns":1.0},{"damage":32.0,"enemies":"Gremlin Nob","floor":8.0,"turns":4.0},{"damage":0.0,"enemies":"Jaw Worm","floor":11.0,"turns":3.0},{"damage":12.0,"enemies":"3 Sentries","floor":12.0,"turns":8.0},{"damage":6.0,"enemies":"Looter","floor":13.0,"turns":2.0},{"damage":20,"enemies":"Hexaghost","floor":16,"turns":9},{"damage":17,"enemies":"2 Thieves","floor":18,"turns":3},{"damage":6,"enemies":"Spheric Guardian","floor":19,"turns":3},{"damage":21,"enemies":"Snake Plant","floor":21,"turns":3},{"damage":42,"enemies":"Sentry and Sphere","floor":22,"turns":7},{"damage":38,"enemies":"Gremlin Leader","floor":24,"turns":4},{"damage":31,"enemies":"Cultist and Chosen","floor":27,"turns":7},{"damage":20,"enemies":"Book of Stabbing","floor":29,"turns":3},{"damage":16,"enemies":"Slavers","floor":30,"turns":5},{"damage":44,"enemies":"Gremlin Leader","floor":31,"turns":4},{"damage":33,"enemies":"Champ","floor":33,"turns":8},{"damage":33,"enemies":"3 Darklings","floor":35,"turns":4},{"damage":20,"enemies":"2 Orb Walkers","floor":36,"turns":3},{"damage":10,"enemies":"3 Shapes","floor":37,"turns":7},{"damage":9,"enemies":"Giant Head","floor":40,"turns":4},{"damage":3,"enemies":"Maw","floor":41,"turns":3},{"damage":44,"enemies":"Nemesis","floor":42,"turns":3},{"damage":10,"enemies":"Giant Head","floor":44,"turns":3},{"damage":0,"enemies":"Jaw Worm Horde","floor":46,"turns":2},{"damage":3,"enemies":"Spire Growth","floor":47,"turns":2},{"damage":24,"enemies":"Nemesis","floor":48,"turns":1}],"seed_played":"3761766720066420527","potions_obtained":[{"floor":1.0,"key":"Strength Potion"},{"floor":6.0,"key":"SkillPotion"},{"floor":8.0,"key":"AttackPotion"},{"floor":16,"key":"SpeedPotion"},{"floor":21,"key":"Strength Potion"},{"floor":22,"key":"PowerPotion"},{"floor":46,"key":"SkillPotion"},{"floor":47,"key":"SteroidPotion"}],"is_trial":false,"path_per_floor":["M","?","?","?","M","E","R","E","T","T","M","E","M","?","R","B",null,"M","M","?","M","M","R","E","R","T","M","$","E","E","E","R","B",null,"M","?","M","?","$","E","M","E","T","E","$","M","M","E"],"character_chosen":"IRONCLAD","items_purchased":["Lee\u0027s Waffle","Bag of Preparation","Red Skull","Reaper"],"campfire_rested":3,"item_purchase_floors":[28,28,39,45],"current_hp_per_floor":[74,51,56,30,36,42,42,16,16,16,24,20,22,42,42,30,68,59,61,61,48,14,38,8,32,32,9,87,80,72,36,64,39,80,55,43,41,41,41,40,45,9,9,7,7,15,20,0],"gold":56,"neow_bonus":"THREE_ENEMY_KILL","is_prod":false,"is_daily":false,"chose_seed":false,"campfire_upgraded":2,"win_rate":0,"timestamp":1567436740,"path_taken":["M","?","?","?","M","E","R","E","T","?","M","E","M","?","R","BOSS","M","M","?","M","M","R","E","R","T","M","?","E","E","E","R","BOSS","M","?","M","?","$","E","M","E","T","E","$","M","M","E"],"build_version":"2019-07-17","purchased_purges":2,"victory":false,"max_hp_per_floor":[75,75,80,80,80,80,80,80,80,80,80,80,80,80,80,80,80,80,80,80,80,80,80,80,80,80,80,87,94,94,94,94,94,94,94,94,94,94,94,94,94,94,94,94,94,94,94,94],"card_choices":[{"not_picked":["Sentinel","Iron Wave"],"picked":"Twin Strike","floor":1.0},{"not_picked":["Armaments","Blood for Blood"],"picked":"Shrug It Off","floor":5.0},{"not_picked":["Bloodletting","Searing Blow"],"picked":"Infernal Blade","floor":6.0},{"not_picked":["Armaments","Seeing Red"],"picked":"Sword Boomerang","floor":8.0},{"not_picked":["Perfected Strike","Clash","Clothesline"],"picked":"SKIP","floor":11.0},{"not_picked":["Flex","Warcry","Sentinel"],"picked":"SKIP","floor":12.0},{"not_picked":["Havoc","Body Slam"],"picked":"Shrug It Off","floor":13.0},{"not_picked":["Bludgeon","Limit Break"],"picked":"Demon Form","floor":16},{"not_picked":["Thunderclap","Clothesline"],"picked":"Flame Barrier","floor":18},{"not_picked":["Body Slam","Flex"],"picked":"Twin Strike","floor":19},{"not_picked":["Burning Pact","Power Through","Iron Wave"],"picked":"SKIP","floor":21},{"not_picked":["Intimidate","Carnage"],"picked":"Bloodletting","floor":22},{"not_picked":["Evolve","Headbutt"],"picked":"Berserk","floor":24},{"not_picked":["Searing Blow","Combust"],"picked":"Heavy Blade","floor":27},{"not_picked":["Flex","Twin Strike","Thunderclap"],"picked":"SKIP","floor":29},{"not_picked":["True Grit","Dropkick"],"picked":"Shockwave+1","floor":30},{"not_picked":["Wild Strike","Searing Blow"],"picked":"Disarm","floor":31},{"not_picked":["Brutality","Impervious+1"],"picked":"Limit Break+1","floor":33},{"not_picked":["Clash","True Grit+1"],"picked":"Burning Pact+1","floor":35},{"not_picked":["Pommel Strike+1","Second Wind+1"],"picked":"Sword Boomerang+1","floor":36},{"not_picked":["Pommel Strike","Cleave","Clothesline"],"picked":"SKIP","floor":37},{"not_picked":["Reckless Charge","Wild Strike"],"picked":"Sentinel+1","floor":40},{"not_picked":["Inflame","Combust+1","Flex+1"],"picked":"SKIP","floor":41},{"not_picked":["Cleave","Bludgeon","Rupture"],"picked":"SKIP","floor":42},{"not_picked":["Brutality","Shrug It Off+1"],"picked":"Burning Pact+1","floor":44},{"not_picked":["Perfected Strike+1","Heavy Blade+1"],"picked":"Pommel Strike+1","floor":46},{"not_picked":["Clothesline","Metallicize","Headbutt"],"picked":"SKIP","floor":47}],"player_experience":1999051,"relics_obtained":[{"floor":6.0,"key":"Matryoshka"},{"floor":8.0,"key":"Whetstone"},{"floor":9.0,"key":"Blood Vial"},{"floor":9.0,"key":"PreservedInsect"},{"floor":10.0,"key":"Centennial Puzzle"},{"floor":10.0,"key":"Juzu Bracelet"},{"floor":12.0,"key":"Pen Nib"},{"floor":24,"key":"WingedGreaves"},{"floor":26,"key":"Paper Frog"},{"floor":29,"key":"Strawberry"},{"floor":30,"key":"Bag of Marbles"},{"floor":31,"key":"Toxic Egg 2"},{"floor":36,"key":"Du-Vu Doll"},{"floor":40,"key":"Happy Flower"},{"floor":42,"key":"Dream Catcher"},{"floor":44,"key":"Regal Pillow"}],"event_choices":[{"damage_healed":0.0,"max_hp_gain":0.0,"max_hp_loss":0.0,"gold_gain":0.0,"event_name":"Shining Light","player_choice":"Entered Light","floor":2.0,"gold_loss":0.0,"damage_taken":23.0,"cards_upgraded":["Strike_R","Strike_R"]},{"damage_healed":0.0,"max_hp_gain":5.0,"max_hp_loss":0.0,"gold_gain":0.0,"event_name":"Big Fish","player_choice":"Donut","floor":3.0,"gold_loss":0.0,"damage_taken":0.0},{"damage_healed":0.0,"max_hp_gain":0.0,"max_hp_loss":0.0,"gold_gain":0.0,"event_name":"Scrap Ooze","player_choice":"Success","floor":4.0,"gold_loss":0.0,"damage_taken":26.0,"relics_obtained":["Smiling Mask"]},{"damage_healed":20.0,"max_hp_gain":0.0,"max_hp_loss":0.0,"gold_gain":0.0,"event_name":"The Cleric","player_choice":"Healed","floor":14.0,"gold_loss":35.0,"damage_taken":0.0},{"damage_healed":0,"gold_gain":0,"player_choice":"Copied","damage_taken":0,"max_hp_gain":0,"max_hp_loss":0,"event_name":"Duplicator","floor":20,"gold_loss":0,"cards_obtained":["Infernal Blade"]},{"damage_healed":0,"gold_gain":0,"player_choice":"Fight","damage_taken":0,"max_hp_gain":0,"max_hp_loss":0,"event_name":"Mysterious Sphere","floor":36,"gold_loss":0},{"damage_healed":0,"gold_gain":0,"player_choice":"Upgraded","damage_taken":0,"max_hp_gain":0,"max_hp_loss":0,"event_name":"Upgrade Shrine","floor":38,"gold_loss":0,"cards_upgraded":["Demon Form"]}],"is_beta":false,"boss_relics":[{"not_picked":["White Beast Statue","Pandora\u0027s Box"],"picked":"Fusion Hammer"},{"not_picked":["Eternal Feather","Calling Bell"],"picked":"Philosopher\u0027s Stone"}],"items_purged_floors":[28,39],"is_endless":false,"potions_floor_spawned":[1,6,8,11,16,21,22,27,30,33,35,41,42,46,47],"killed_by":"Nemesis","ascension_level":20}