{"gold_per_floor":[111,111,261,10,10,10,36,47,98,98,125,138,157,170,170,247,247,262,262,295,295,295],"floor_reached":22,"playtime":790,"items_purged":[],"score":434,"play_id":"0c7627a6-31db-481f-9496-258bb548878d","local_time":"20190402103418","is_ascension_mode":true,"campfire_choices":[{"data":"Neutralize","floor":6,"key":"SMITH"},{"data":"Noxious Fumes","floor":10,"key":"SMITH"},{"data":"Noxious Fumes","floor":15,"key":"SMITH"}],"neow_cost":"NONE","seed_source_timestamp":3229694135061,"circlet_count":0,"master_deck":["AscendersBane","Defend_G","Defend_G","Defend_G","Defend_G","Defend_G","Strike_G","Strike_G","Strike_G","Strike_G","Strike_G","Survivor","Neutralize+1","Dagger Throw","Doubt","Noxious Fumes+1","Well Laid Plans","Blade Dance","Crippling Poison","Noxious Fumes+1","Night Terror","PiercingWail"],"relics":["Ring of the Snake","NeowsBlessing","Membership Card","Paper Crane","Anchor","Darkstone Periapt","Snecko Eye","Red Mask"],"potions_floor_usage":[11,16,20],"damage_taken":[{"damage":0,"enemies":"Small Slimes","floor":1,"turns":1},{"damage":0,"enemies":"Lagavulin","floor":7,"turns":1},{"damage":0,"enemies":"2 Louse","floor":8,"turns":1},{"damage":24,"enemies":"Gremlin Nob","floor":11,"turns":4},{"damage":0,"enemies":"Jaw Worm","floor":12,"turns":4},{"damage":1,"enemies":"Large Slime","floor":13,"turns":7},{"damage":0,"enemies":"Blue Slaver","floor":14,"turns":5},{"damage":19,"enemies":"Slime Boss","floor":16,"turns":8},{"damage":12,"enemies":"Spheric Guardian","floor":18,"turns":5},{"damage":4,"enemies":"Masked Bandits","floor":20,"turns":3},{"damage":22,"enemies":"Colosseum Slavers","floor":21,"turns":5},{"damage":24,"enemies":"Shell Parasite","floor":22,"turns":5}],"seed_played":"-9063714040202247203","potions_obtained":[{"floor":11,"key":"LiquidBronze"},{"floor":13,"key":"Poison Potion"},{"floor":16,"key":"PowerPotion"}],"is_trial":false,"path_per_floor":["M","?","?","$","?","R","E","M","T","R","E","M","M","M","R","B",null,"M","?","?","?","M"],"character_chosen":"THE_SILENT","items_purchased":["Membership Card","Fire Potion"],"campfire_rested":0,"item_purchase_floors":[4,4],"current_hp_per_floor":[59,64,64,64,64,64,64,64,64,64,40,40,39,39,39,20,58,46,46,42,20,0],"gold":295,"neow_bonus":"THREE_ENEMY_KILL","is_prod":false,"is_daily":false,"chose_seed":false,"campfire_upgraded":3,"win_rate":0,"timestamp":1554194058,"path_taken":["M","?","?","$","?","R","E","M","T","R","E","M","M","M","R","BOSS","M","?","?","?","M"],"build_version":"2019-01-23","purchased_purges":0,"victory":false,"max_hp_per_floor":[66,71,71,71,71,71,71,71,71,71,71,71,71,71,71,71,71,71,71,71,71,71],"card_choices":[{"not_picked":["Bane","Masterful Stab"],"picked":"Dagger Throw","floor":1},{"not_picked":["Prepared","Eviscerate"],"picked":"Noxious Fumes","floor":7},{"not_picked":["Deflect","Prepared"],"picked":"Well Laid Plans","floor":8},{"not_picked":["Finisher","Underhanded Strike"],"picked":"Blade Dance","floor":11},{"not_picked":["Terror","Underhanded Strike","Outmaneuver"],"picked":"SKIP","floor":12},{"not_picked":["Glass Knife","Dash"],"picked":"Crippling Poison","floor":13},{"not_picked":["Skewer","Dagger Throw"],"picked":"Noxious Fumes","floor":14},{"not_picked":["Phantasmal Killer","Bullet Time"],"picked":"Night Terror","floor":16},{"not_picked":["Endless Agony+1","Dodge and Roll","Slice"],"picked":"SKIP","floor":18},{"not_picked":["Riddle With Holes","Dagger Throw"],"picked":"PiercingWail","floor":20}],"player_experience":1520239,"relics_obtained":[{"floor":7,"key":"Paper Crane"},{"floor":9,"key":"Anchor"},{"floor":11,"key":"Darkstone Periapt"},{"floor":20,"key":"Red Mask"}],"event_choices":[{"damage_healed":0,"gold_gain":0,"player_choice":"Donut","damage_taken":0,"max_hp_gain":5,"max_hp_loss":0,"event_name":"Big Fish","floor":2,"gold_loss":0},{"damage_healed":0,"gold_gain":150,"player_choice":"AGREE","damage_taken":0,"max_hp_gain":0,"max_hp_loss":0,"event_name":"Liars Game","floor":3,"gold_loss":0,"cards_obtained":["Doubt"]},{"damage_healed":0,"gold_gain":0,"player_choice":"Leave","damage_taken":0,"max_hp_gain":0,"max_hp_loss":0,"event_name":"The Cleric","floor":5,"gold_loss":0},{"damage_healed":0,"gold_gain":0,"player_choice":"Ignored","damage_taken":0,"max_hp_gain":0,"max_hp_loss":0,"event_name":"The Mausoleum","floor":19,"gold_loss":0},{"damage_healed":0,"gold_gain":0,"player_choice":"Fought Bandits","damage_taken":0,"max_hp_gain":0,"max_hp_loss":0,"event_name":"Masked Bandits","floor":20,"gold_loss":0},{"damage_healed":0,"gold_gain":0,"player_choice":"Fight","damage_taken":0,"max_hp_gain":0,"max_hp_loss":0,"event_name":"Colosseum","floor":21,"gold_loss":0},{"damage_healed":0,"gold_gain":0,"player_choice":"Fled From Nobs","damage_taken":0,"max_hp_gain":0,"max_hp_loss":0,"event_name":"Colosseum","floor":21,"gold_loss":0}],"is_beta":false,"boss_relics":[{"not_picked":["Pandora\u0027s Box","Orrery"],"picked":"Snecko Eye"}],"items_purged_floors":[],"is_endless":false,"potions_floor_spawned":[11,13,16,21],"killed_by":"Shell Parasite","ascension_level":20}