{"path_per_floor":["M","M","?","M","M","R","?","E","T","?","E","R","M","M","R","B",null,"M","?","?","$","M","R","E","M","T","$","R","M","R","M","R","B",null,"M","?","?","M","$","R","E","?","T"],"character_chosen":"IRONCLAD","items_purchased":["Shockwave","Centennial Puzzle","Apotheosis","Whetstone"],"gold_per_floor":[119,134,134,147,165,165,165,198,198,198,233,233,249,264,264,363,363,380,380,380,101,120,120,148,159,186,1,1,16,16,27,27,126,126,141,141,187,205,48,48,82,0,26,26],"floor_reached":44,"campfire_rested":4,"playtime":3476,"current_hp_per_floor":[80,77,59,61,61,61,66,36,36,36,20,45,29,26,51,30,85,69,69,69,69,50,50,33,41,48,48,48,44,44,57,84,62,92,87,87,50,44,44,71,17,17,17,0],"items_purged":[],"gold":26,"score":466,"play_id":"a23ceba3-f59c-4315-b4fb-e69f88c59c6d","local_time":"20180513170915","is_prod":false,"is_daily":false,"chose_seed":false,"is_ascension_mode":false,"campfire_upgraded":4,"timestamp":1526224155,"path_taken":["M","?","?","M","M","R","?","E","T","?","E","R","M","M","R","BOSS","M","?","?","$","M","R","E","M","T","$","R","M","R","M","R","BOSS","M","?","?","M","?","R","E","?","T","E"],"build_version":"2018-05-10","seed_source_timestamp":21173102846946,"purchased_purges":0,"victory":false,"master_deck":["Strike_R+1","Strike_R+1","Strike_R+1","Strike_R+1","Defend_R+1","Defend_R+1","Defend_R+1","Defend_R+1","Inflame","Fire Breathing","Infernal Blade+1","Shrug It Off","Spot Weakness","Double Tap","Warcry","Metallicize","Infernal Blade","Reaper+1","Dropkick","Shockwave+1","Dropkick","Flame Barrier+1","Clothesline+1","Apotheosis","Cleave+1","Pommel Strike","Clothesline","Juggernaut","Dual Wield+1","True Grit+1","Perfected Strike"],"max_hp_per_floor":[80,80,80,80,80,80,85,85,85,85,85,85,85,85,85,85,85,85,85,85,85,85,85,85,85,92,92,92,92,92,92,92,92,92,92,92,92,92,92,92,92,92,92,92],"relics":["Burning Blood","Blood Vial","Dream Catcher","Self Forming Clay","Vajra","Calipers","Snecko Eye","Centennial Puzzle","Question Card","Strawberry","Runic Pyramid","Du-Vu Doll","Whetstone","Ginger","Red Mask","Bag of Preparation"],"card_choices":[{"not_picked":["Disarm","Clash"],"picked":"Inflame","floor":1},{"not_picked":["True Grit","Perfected Strike"],"picked":"Fire Breathing","floor":2},{"not_picked":["Blood for Blood","Shrug It Off"],"picked":"Infernal Blade","floor":4},{"not_picked":["Bloodletting","Uppercut"],"picked":"Shrug It Off","floor":5},{"not_picked":["Pommel Strike","Clash"],"picked":"Spot Weakness","floor":8},{"not_picked":["Armaments","Pummel"],"picked":"Double Tap","floor":11},{"not_picked":["Perfected Strike","Twin Strike"],"picked":"Warcry","floor":12},{"not_picked":["Pummel","Shrug It Off"],"picked":"Metallicize","floor":13},{"not_picked":["Thunderclap","Headbutt"],"picked":"Anger","floor":14},{"not_picked":["Clash","True Grit"],"picked":"Infernal Blade","floor":15},{"not_picked":["Offering","Double Tap"],"picked":"Reaper","floor":16},{"not_picked":["Warcry","Sword Boomerang"],"picked":"Dropkick","floor":18},{"not_picked":["Anger","Clash"],"picked":"Dropkick","floor":22},{"not_picked":["Warcry","Battle Trance"],"picked":"Flame Barrier","floor":24},{"not_picked":["Anger","Rage","Thunderclap"],"picked":"Clothesline","floor":25},{"not_picked":["Anger","Double Tap","Power Through"],"picked":"Cleave","floor":29},{"not_picked":["Infernal Blade","Iron Wave","Anger"],"picked":"Pommel Strike","floor":31},{"not_picked":["Fire Breathing","Cleave","Combust"],"picked":"Clothesline","floor":32},{"not_picked":["Reaper","Feed","Brutality"],"picked":"Juggernaut","floor":33},{"not_picked":["Iron Wave","Seeing Red","Second Wind"],"picked":"Dual Wield","floor":35},{"not_picked":["Sword Boomerang","Warcry","Shrug It Off"],"picked":"True Grit","floor":38},{"not_picked":["Armaments","Clash","Anger"],"picked":"Perfected Strike","floor":40}],"player_experience":30645,"potions_floor_usage":[5,18,29,31,33,33,44],"damage_taken":[{"damage":5,"enemies":"Cultist","floor":1,"turns":4},{"damage":9,"enemies":"2 Louse","floor":2,"turns":3},{"damage":6,"enemies":"Jaw Worm","floor":4,"turns":3},{"damage":8,"enemies":"Exordium Thugs","floor":5,"turns":2},{"damage":38,"enemies":"Lagavulin","floor":8,"turns":7},{"damage":24,"enemies":"Gremlin Nob","floor":11,"turns":4},{"damage":24,"enemies":"Gremlin Gang","floor":13,"turns":5},{"damage":11,"enemies":"3 Louse","floor":14,"turns":2},{"damage":29,"enemies":"The Guardian","floor":16,"turns":8},{"damage":27,"enemies":"3 Byrds","floor":18,"turns":7},{"damage":27,"enemies":"Spheric Guardian","floor":22,"turns":6},{"damage":33,"enemies":"Gremlin Leader","floor":24,"turns":6},{"damage":0,"enemies":"Snecko","floor":25,"turns":2},{"damage":17,"enemies":"Snake Plant","floor":29,"turns":6},{"damage":4,"enemies":"Centurion and Healer","floor":31,"turns":4},{"damage":51,"enemies":"Champ","floor":33,"turns":9},{"damage":11,"enemies":"Orb Walker","floor":35,"turns":3},{"damage":49,"enemies":"Mysterious Sphere","floor":37,"turns":6},{"damage":14,"enemies":"3 Shapes","floor":38,"turns":3},{"damage":63,"enemies":"Nemesis","floor":41,"turns":11},{"damage":48,"enemies":"Giant Head","floor":44,"turns":7}],"event_choices":[{"event_name":"Scrap Ooze","player_choice":"success","floor":3,"damage_taken":18},{"event_name":"Big Fish","player_choice":"Donut","floor":7,"damage_taken":0},{"event_name":"Bonfire Elementals","player_choice":"BASIC","floor":10,"damage_taken":0},{"event_name":"Purifier","player_choice":"One Purge","floor":19,"damage_taken":0},{"event_name":"Back to Basics","player_choice":"Simplicity","floor":20,"damage_taken":0},{"event_name":"Mysterious Sphere","player_choice":"Fight","floor":37,"damage_taken":0},{"event_name":"Tomb of Lord Red Mask","player_choice":"Paid","floor":42,"damage_taken":0}],"boss_relics":[{"not_picked":["Mark of Pain","Lizard Tail"],"picked":"Snecko Eye"},{"not_picked":["Eternal Feather","Sozu"],"picked":"Runic Pyramid"}],"potions_floor_spawned":[1,4,11,14,24,31,41],"seed_played":"-6888214911945543536","killed_by":"Giant Head","ascension_level":0,"is_trial":false}