{"gold_per_floor":[111,111,111,124,140,140,173,187,187,187,160,189,60,90,90,189,189,204,204,204,218,235,235,235,235,235,235,245,245,163,163,163,260,260,276,276,294,306,325,325,354,354,380,408,408,420,30,92,92,92],"floor_reached":51,"playtime":2265,"items_purged":[],"score":1131,"play_id":"3b92447d-1940-4d89-815c-2c8db1bea792","local_time":"20180913193230","is_ascension_mode":true,"campfire_choices":[{"data":"Infinite Blades","floor":6,"key":"SMITH"},{"data":"Venomology","floor":10,"key":"SMITH"},{"floor":15,"key":"REST"},{"floor":23,"key":"REST"},{"floor":25,"key":"REST"},{"floor":27,"key":"REST"},{"floor":32,"key":"REST"},{"floor":40,"key":"REST"},{"floor":42,"key":"REST"},{"floor":49,"key":"REST"}],"neow_cost":"NONE","seed_source_timestamp":32366057721833,"circlet_count":0,"master_deck":["Defend_G+1","Defend_G+1","Defend_G+1","Defend_G+1","Defend_G+1","Strike_G+1","Strike_G+1","Strike_G+1","Strike_G+1","Survivor","Neutralize","Flying Knee","Masterful Stab","Well Laid Plans","Infinite Blades+1","Skewer","Choke","Terror+1","Venomology+1","Deflect","Accuracy","PiercingWail","Masterful Stab","Die Die Die","Cloak And Dagger","Cloak And Dagger","Accuracy","Dash","Accuracy","Blur","Accuracy","Phantasmal Killer","Heel Hook+1","Blade Dance+1","Distraction+1","Cloak And Dagger+1","Cloak And Dagger+1","Masterful Stab+1","Blade Dance+1","Backflip+1","Concentrate+1","Slice+1","Noxious Fumes+1"],"relics":["Ring of the Snake","Oddly Smooth Stone","Prayer Wheel","Ninja Scroll","WingedGreaves","Paper Crane","Ice Cream","Fusion Hammer","Gremlin Horn","Mercury Hourglass","White Beast Statue","Mango","Mummified Hand","Strawberry","War Paint","Shuriken","Pen Nib","Tiny Chest"],"potions_floor_usage":[12,14,16,18,22,22,22,28,33,35,36,36,37,38,39,39,48,50,50,50],"damage_taken":[{"damage":0,"enemies":"2 Louse","floor":1,"turns":4},{"damage":0,"enemies":"Small Slimes","floor":4,"turns":4},{"damage":0,"enemies":"Jaw Worm","floor":5,"turns":3},{"damage":18,"enemies":"Gremlin Nob","floor":7,"turns":4},{"damage":2,"enemies":"Lots of Slimes","floor":8,"turns":4},{"damage":6,"enemies":"3 Sentries","floor":12,"turns":6},{"damage":20,"enemies":"Lagavulin","floor":14,"turns":5},{"damage":8,"enemies":"The Guardian","floor":16,"turns":7},{"damage":0,"enemies":"Spheric Guardian","floor":18,"turns":2},{"damage":9,"enemies":"2 Thieves","floor":21,"turns":4},{"damage":21,"enemies":"Cultist and Chosen","floor":22,"turns":7},{"damage":27,"enemies":"Centurion and Healer","floor":28,"turns":5},{"damage":43,"enemies":"Automaton","floor":33,"turns":9},{"damage":11,"enemies":"3 Darklings","floor":35,"turns":4},{"damage":5,"enemies":"Mind Bloom Boss Battle","floor":36,"turns":6},{"damage":0,"enemies":"3 Shapes","floor":37,"turns":2},{"damage":0,"enemies":"Jaw Worm Horde","floor":38,"turns":2},{"damage":0,"enemies":"Sphere and 2 Shapes","floor":39,"turns":3},{"damage":17,"enemies":"Giant Head","floor":41,"turns":6},{"damage":3,"enemies":"2 Orb Walkers","floor":44,"turns":3},{"damage":0,"enemies":"Reptomancer","floor":46,"turns":3},{"damage":8,"enemies":"Giant Head","floor":48,"turns":5},{"damage":79,"enemies":"Time Eater","floor":50,"turns":9}],"seed_played":"6595387105079784105","potions_obtained":[{"floor":7,"key":"Swift Potion"},{"floor":12,"key":"Dexterity Potion"},{"floor":14,"key":"Fire Potion"},{"floor":16,"key":"Energy Potion"},{"floor":18,"key":"EssenceOfSteel"},{"floor":33,"key":"Weak Potion"},{"floor":35,"key":"Explosive Potion"},{"floor":36,"key":"AttackPotion"},{"floor":37,"key":"Energy Potion"},{"floor":38,"key":"Fire Potion"},{"floor":39,"key":"LiquidBronze"},{"floor":41,"key":"SteroidPotion"},{"floor":46,"key":"GhostInAJar"},{"floor":48,"key":"FairyPotion"}],"is_trial":false,"path_per_floor":["M","?","T","M","M","R","E","M","T","R","$","E","$","E","R","B",null,"M","?","?","M","M","R","?","R","T","R","M","?","$","T","R","B",null,"M","?","M","M","M","R","E","R","T","E","?","M","$","E","R","B"],"character_chosen":"THE_SILENT","items_purchased":["Deflect","Accuracy","PiercingWail","Accuracy","Shuriken","Pen Nib"],"campfire_rested":8,"item_purchase_floors":[11,13,13,30,47,47],"current_hp_per_floor":[63,49,49,49,49,49,31,29,29,29,29,23,23,3,24,16,57,57,57,57,48,27,48,35,57,57,75,48,48,48,48,70,27,63,52,61,61,61,61,87,70,89,96,93,93,93,93,85,96,31],"gold":92,"neow_bonus":"RANDOM_COMMON_RELIC","is_prod":false,"is_daily":false,"chose_seed":false,"campfire_upgraded":2,"win_rate":0,"timestamp":1536859950,"path_taken":["M","?","?","M","M","R","E","?","T","R","$","E","$","E","R","BOSS","M","?","?","M","M","R","?","R","T","R","?","?","$","?","R","BOSS","M","?","?","?","M","R","E","R","T","E","?","?","$","E","R","BOSS"],"build_version":"2018-09-12","purchased_purges":0,"victory":true,"max_hp_per_floor":[70,70,70,70,70,70,70,70,70,70,70,70,70,70,70,70,70,70,70,70,70,70,70,75,75,75,75,75,75,75,75,75,75,75,75,89,89,89,89,89,89,89,96,96,96,96,96,96,96,96],"card_choices":[{"not_picked":["Poisoned Stab","Setup"],"picked":"Flying Knee","floor":1},{"not_picked":["Expertise","Dagger Throw"],"picked":"Masterful Stab","floor":4},{"not_picked":["Dagger Throw","Underhanded Strike"],"picked":"Well Laid Plans","floor":4},{"not_picked":["Catalyst","Flying Knee"],"picked":"Infinite Blades","floor":5},{"not_picked":["Catalyst","Sucker Punch"],"picked":"Skewer","floor":5},{"not_picked":["Reflex","Distraction"],"picked":"Choke","floor":7},{"not_picked":["Poisoned Stab","Dagger Spray"],"picked":"Terror","floor":8},{"not_picked":["Acrobatics","Catalyst"],"picked":"Venomology","floor":8},{"not_picked":["Poisoned Stab","Sucker Punch","Dagger Spray"],"picked":"SKIP","floor":12},{"not_picked":["Flechettes","Dagger Spray"],"picked":"Masterful Stab","floor":14},{"not_picked":["Doppelganger","Phantasmal Killer"],"picked":"Die Die Die","floor":16},{"not_picked":["Acrobatics+1","Predator+1"],"picked":"Cloak And Dagger","floor":18},{"not_picked":["Eviscerate+1","Flying Knee+1"],"picked":"Cloak And Dagger","floor":18},{"not_picked":["Deadly Poison+1","Dagger Throw"],"picked":"Dash","floor":21},{"not_picked":["Dagger Spray+1","Outmaneuver"],"picked":"Accuracy","floor":21},{"not_picked":["Crippling Poison+1","All Out Attack","Endless Agony"],"picked":"SKIP","floor":22},{"not_picked":["Dagger Throw","Cloak And Dagger","Outmaneuver"],"picked":"SKIP","floor":22},{"not_picked":["Riddle With Holes+1","Underhanded Strike"],"picked":"Blur","floor":28},{"not_picked":["Well Laid Plans","Deadly Poison","Deflect"],"picked":"SKIP","floor":28},{"not_picked":["Grand Finale","Doppelganger"],"picked":"Phantasmal Killer","floor":33},{"not_picked":["Setup+1","Dodge and Roll+1"],"picked":"Heel Hook+1","floor":35},{"not_picked":["Noxious Fumes+1","Deadly Poison"],"picked":"Blade Dance+1","floor":35},{"not_picked":["Choke","Acrobatics"],"picked":"Distraction","floor":36},{"not_picked":["Backflip+1","Underhanded Strike"],"picked":"Cloak And Dagger+1","floor":37},{"not_picked":["Deflect","Blur"],"picked":"Cloak And Dagger+1","floor":37},{"not_picked":["Slice+1","Quick Slash+1"],"picked":"Masterful Stab+1","floor":38},{"not_picked":["Outmaneuver+1","Deflect"],"picked":"Blade Dance+1","floor":38},{"not_picked":["Distraction","Choke","Poisoned Stab+1"],"picked":"SKIP","floor":39},{"not_picked":["Underhanded Strike","Envenom","Choke+1"],"picked":"SKIP","floor":39},{"not_picked":["Tactician","Acrobatics+1"],"picked":"Backflip+1","floor":41},{"not_picked":["Predator+1","Deflect+1"],"picked":"Concentrate+1","floor":44},{"not_picked":["Flechettes","Setup+1"],"picked":"Slice+1","floor":46},{"not_picked":["Poisoned Stab+1","Acrobatics","Tactician+1"],"picked":"SKIP","floor":46},{"not_picked":["A Thousand Cuts","Blur+1"],"picked":"Noxious Fumes+1","floor":48}],"player_experience":425157,"relics_obtained":[{"floor":3,"key":"Prayer Wheel"},{"floor":7,"key":"Ninja Scroll"},{"floor":9,"key":"WingedGreaves"},{"floor":12,"key":"Paper Crane"},{"floor":14,"key":"Ice Cream"},{"floor":26,"key":"Gremlin Horn"},{"floor":31,"key":"Mercury Hourglass"},{"floor":36,"key":"Mango"},{"floor":41,"key":"Mummified Hand"},{"floor":43,"key":"Strawberry"},{"floor":44,"key":"War Paint"},{"floor":48,"key":"Tiny Chest"}],"event_choices":[{"event_name":"Shining Light","player_choice":"Entered Light","floor":2,"damage_taken":0},{"event_name":"Purifier","player_choice":"One Purge","floor":19,"damage_taken":0},{"event_name":"Duplicator","player_choice":"One dupe","floor":20,"damage_taken":0},{"event_name":"Forgotten Altar","player_choice":"Shed Blood","floor":24,"damage_taken":0},{"event_name":"Back to Basics","player_choice":"Simplicity","floor":29,"damage_taken":0},{"event_name":"MindBloom","player_choice":"Fight","floor":36,"damage_taken":0},{"event_name":"Tomb of Lord Red Mask","player_choice":"Ignored","floor":45,"damage_taken":0}],"is_beta":true,"boss_relics":[{"not_picked":["Lizard Tail","Velvet Choker"],"picked":"Fusion Hammer"},{"not_picked":["Empty Cage","HoveringKite"],"picked":"White Beast Statue"}],"items_purged_floors":[],"is_endless":false,"potions_floor_spawned":[7,12,14,16,18,33,35,36,37,38,39,41,44,46,48],"ascension_level":8}