{"gold_per_floor":[117,117,117,135,151,192,192,211,237,237,268,268,293,329,329,419,419,432,451,451,476,496,496,534,76,124,139,139,158,158,202,202,297,297,320,380,403,419,419,455,455,481,481,481,481,522,543,543],"floor_reached":48,"playtime":3061,"items_purged":["Strike_R"],"score":1135,"play_id":"7d750e9b-2a90-4b1c-9e2b-18fadfeaf029","local_time":"20181201234457","is_ascension_mode":true,"campfire_choices":[{"data":"Immolate","floor":7.0,"key":"SMITH"},{"data":"Armaments","floor":10.0,"key":"SMITH"},{"data":"Inflame","floor":12,"key":"SMITH"},{"data":"True Grit","floor":15,"key":"SMITH"},{"data":"Spot Weakness","floor":23,"key":"SMITH"},{"data":"Flame Barrier","floor":28,"key":"SMITH"},{"data":"Battle Trance","floor":30,"key":"SMITH"},{"data":"Bash","floor":32,"key":"SMITH"},{"data":"Spot Weakness","floor":41,"key":"SMITH"},{"data":"Battle Trance","floor":45,"key":"SMITH"}],"neow_cost":"TEN_PERCENT_HP_LOSS","seed_source_timestamp":0,"circlet_count":0,"master_deck":["AscendersBane","Strike_R","Strike_R","Strike_R+1","Strike_R","Defend_R+1","Defend_R","Defend_R","Defend_R","Bash+1","Immolate+1","Pommel Strike","Shrug It Off","Armaments+1","Inflame+1","Anger","True Grit+1","Power Through","Thunderclap","Reaper","Body Slam+1","Spot Weakness+1","Writhe","Shrug It Off","Flame Barrier+1","Dramatic Entrance","Battle Trance+1","Battle Trance+1","Double Tap","Sword Boomerang","Spot Weakness+1","Heavy Blade+1","Warcry+1","Second Wind","Pummel","Corruption"],"special_seed":0,"relics":["Burning Blood","Golden Idol","Bag of Marbles","Anchor","Vajra","Letter Opener","Velvet Choker","Kunai","Juzu Bracelet","Bottled Tornado","Boot","Mango","Mark of Pain","Calipers","Art of War","Potion Belt","Champion Belt","Pocketwatch"],"potions_floor_usage":[14,36,40],"damage_taken":[{"damage":0.0,"enemies":"Small Slimes","floor":1.0,"turns":3.0},{"damage":0.0,"enemies":"2 Louse","floor":4.0,"turns":1.0},{"damage":0.0,"enemies":"Jaw Worm","floor":5.0,"turns":4.0},{"damage":15.0,"enemies":"Gremlin Nob","floor":6.0,"turns":4.0},{"damage":7.0,"enemies":"Exordium Thugs","floor":8.0,"turns":3.0},{"damage":15,"enemies":"Lagavulin","floor":11,"turns":6},{"damage":0,"enemies":"Large Slime","floor":13,"turns":3},{"damage":4,"enemies":"Gremlin Nob","floor":14,"turns":3},{"damage":18,"enemies":"Slime Boss","floor":16,"turns":7},{"damage":13,"enemies":"Spheric Guardian","floor":18,"turns":4},{"damage":14,"enemies":"3 Byrds","floor":19,"turns":4},{"damage":15,"enemies":"Sentry and Sphere","floor":21,"turns":5},{"damage":24,"enemies":"Snecko","floor":22,"turns":5},{"damage":0,"enemies":"Gremlin Leader","floor":24,"turns":6},{"damage":0,"enemies":"Centurion and Healer","floor":27,"turns":3},{"damage":0,"enemies":"Cultist and Chosen","floor":29,"turns":4},{"damage":5,"enemies":"Slavers","floor":31,"turns":4},{"damage":57,"enemies":"Automaton","floor":33,"turns":11},{"damage":0,"enemies":"Orb Walker","floor":35,"turns":2},{"damage":28,"enemies":"2 Orb Walkers","floor":36,"turns":4},{"damage":18,"enemies":"3 Shapes","floor":37,"turns":1},{"damage":33,"enemies":"Jaw Worm Horde","floor":38,"turns":4},{"damage":11,"enemies":"Nemesis","floor":40,"turns":3},{"damage":42,"enemies":"Reptomancer","floor":46,"turns":5},{"damage":3,"enemies":"Transient","floor":47,"turns":6},{"damage":78,"enemies":"Giant Head","floor":48,"turns":7}],"seed_played":"3723759663223190470","potions_obtained":[{"floor":1.0,"key":"Strength Potion"},{"floor":6.0,"key":"FearPotion"},{"floor":14,"key":"LiquidBronze"},{"floor":19,"key":"BloodPotion"},{"floor":40,"key":"EssenceOfSteel"},{"floor":47,"key":"Ancient Potion"}],"is_trial":false,"path_per_floor":["M","?","?","M","M","E","R","M","T","R","E","R","M","E","R","B",null,"M","M","?","M","M","R","E","$","T","M","R","M","R","E","R","B",null,"M","?","M","M","?","E","R","T","T","?","R","E","M","E"],"character_chosen":"IRONCLAD","items_purchased":["Bottled Tornado","Dramatic Entrance"],"campfire_rested":0,"item_purchase_floors":[25,25],"current_hp_per_floor":[68,48,25,31,37,28,28,27,27,27,18,18,24,26,26,14,55,48,50,50,41,23,23,68,68,68,68,68,68,68,82,82,31,69,75,60,48,31,31,26,26,26,26,26,26,26,54,0],"gold":543,"neow_bonus":"THREE_RARE_CARDS","is_prod":false,"is_daily":false,"chose_seed":false,"campfire_upgraded":10,"win_rate":0,"timestamp":1543704297,"path_taken":["M","?","?","M","M","E","R","M","T","R","E","R","M","E","R","BOSS","M","M","?","M","M","R","E","$","T","M","R","M","R","E","R","BOSS","M","?","M","M","?","E","R","?","T","?","R","E","M","E"],"build_version":"2018-11-15","purchased_purges":1,"victory":false,"max_hp_per_floor":[68,68,68,68,68,68,68,68,68,68,68,68,68,68,68,68,68,68,68,68,68,68,68,68,68,68,68,68,68,68,82,82,82,82,82,82,82,82,78,78,78,78,78,78,78,78,78,78],"card_choices":[{"not_picked":["Reaper","Feed"],"picked":"Immolate","floor":0.0},{"not_picked":["Second Wind","Cleave"],"picked":"Pommel Strike","floor":1.0},{"not_picked":["Seeing Red","Perfected Strike"],"picked":"Shrug It Off","floor":4.0},{"not_picked":["Heavy Blade","Fire Breathing"],"picked":"Armaments","floor":5.0},{"not_picked":["Heavy Blade","Body Slam"],"picked":"Inflame","floor":6.0},{"not_picked":["Reckless Charge","Fire Breathing"],"picked":"Anger","floor":8.0},{"not_picked":["Second Wind","Armaments"],"picked":"True Grit","floor":11},{"not_picked":["Exhume","Hemokinesis"],"picked":"Power Through","floor":13},{"not_picked":["Flex","True Grit"],"picked":"Thunderclap","floor":14},{"not_picked":["Double Tap","Dark Embrace"],"picked":"Reaper","floor":16},{"not_picked":["Iron Wave","Havoc"],"picked":"Body Slam+1","floor":18},{"not_picked":["Dropkick","Headbutt"],"picked":"Spot Weakness","floor":19},{"not_picked":["Perfected Strike","Clash"],"picked":"Shrug It Off","floor":21},{"not_picked":["Perfected Strike","Pommel Strike","Thunderclap"],"picked":"SKIP","floor":22},{"not_picked":["Dark Embrace","Pommel Strike"],"picked":"Flame Barrier","floor":24},{"not_picked":["Carnage","Thunderclap","Combust"],"picked":"SKIP","floor":27},{"not_picked":["Disarm","Clothesline"],"picked":"Battle Trance","floor":29},{"not_picked":["Intimidate","Searing Blow"],"picked":"Battle Trance","floor":31},{"not_picked":["Bludgeon","Berserk"],"picked":"Double Tap","floor":33},{"not_picked":["Body Slam","Shrug It Off"],"picked":"Sword Boomerang","floor":35},{"not_picked":["Burning Pact","Uppercut+1"],"picked":"Spot Weakness","floor":36},{"not_picked":["Intimidate","Spot Weakness"],"picked":"Heavy Blade+1","floor":37},{"not_picked":["Iron Wave+1","Clothesline"],"picked":"Warcry+1","floor":38},{"not_picked":["Barricade","Blood for Blood"],"picked":"Second Wind","floor":40},{"not_picked":["Sword Boomerang","Anger"],"picked":"Pummel","floor":46},{"not_picked":["Power Through","Wild Strike"],"picked":"Corruption","floor":47}],"player_experience":931166,"relics_obtained":[{"floor":6.0,"key":"Bag of Marbles"},{"floor":9.0,"key":"Anchor"},{"floor":11,"key":"Vajra"},{"floor":14,"key":"Letter Opener"},{"floor":24,"key":"Juzu Bracelet"},{"floor":26,"key":"Boot"},{"floor":31,"key":"Mango"},{"floor":36,"key":"Calipers"},{"floor":40,"key":"Art of War"},{"floor":42,"key":"Potion Belt"},{"floor":43,"key":"Champion Belt"},{"floor":46,"key":"Pocketwatch"}],"event_choices":[{"damage_healed":0.0,"max_hp_gain":0.0,"max_hp_loss":0.0,"gold_gain":0.0,"event_name":"Shining Light","player_choice":"Entered Light","floor":2.0,"gold_loss":0.0,"damage_taken":20.0,"cards_upgraded":["Strike_R","Defend_R"]},{"damage_healed":0.0,"max_hp_gain":0.0,"max_hp_loss":0.0,"gold_gain":0.0,"event_name":"Golden Idol","player_choice":"Take Damage","floor":3.0,"gold_loss":0.0,"damage_taken":23.0,"relics_obtained":["Golden Idol"]},{"damage_healed":0,"gold_gain":0,"player_choice":"Opened","damage_taken":0,"relics_obtained":["Kunai"],"max_hp_gain":0,"max_hp_loss":0,"event_name":"The Mausoleum","floor":20,"gold_loss":0,"cards_obtained":["Writhe"]},{"damage_healed":0,"gold_gain":0,"player_choice":"Fight","damage_taken":0,"max_hp_gain":0,"max_hp_loss":0,"event_name":"Mysterious Sphere","floor":36,"gold_loss":0},{"damage_healed":0,"gold_gain":0,"player_choice":"Max HP","damage_taken":0,"max_hp_gain":0,"max_hp_loss":4,"event_name":"Winding Halls","floor":39,"gold_loss":0},{"damage_healed":0,"gold_gain":0,"player_choice":"Ignored","damage_taken":0,"max_hp_gain":0,"max_hp_loss":0,"event_name":"Tomb of Lord Red Mask","floor":44,"gold_loss":0}],"is_beta":true,"boss_relics":[{"not_picked":["White Beast Statue","Runic Pyramid"],"picked":"Velvet Choker"},{"not_picked":["Cursed Key","Black Blood"],"picked":"Mark of Pain"}],"items_purged_floors":[25],"is_endless":false,"potions_floor_spawned":[1,6,14,19,22,31,33,35,40,47],"killed_by":"Giant Head","ascension_level":17}