{"gold_per_floor":[368,21,32,51,51,51,83,83,83,115,132,132],"floor_reached":12,"playtime":799,"items_purged":["Injury"],"score":172,"play_id":"0cc573ae-d740-4eb9-9f74-8e9490bd2647","local_time":"20181213193852","is_ascension_mode":true,"campfire_choices":[{"data":"Flame Barrier","floor":6,"key":"SMITH"},{"data":"Bash","floor":8,"key":"SMITH"}],"neow_cost":"CURSE","seed_source_timestamp":28971508010284,"circlet_count":0,"master_deck":["AscendersBane","Strike_R","Strike_R","Strike_R","Strike_R","Strike_R","Defend_R","Defend_R","Defend_R","Defend_R","Bash+1","Wild Strike","Flame Barrier+1","Battle Trance","Shrug It Off","Offering","Carnage"],"relics":["Burning Blood","Chemical X","Singing Bowl","Bottled Lightning","Oddly Smooth Stone"],"potions_floor_usage":[7,10,12],"damage_taken":[{"damage":18,"enemies":"Small Slimes","floor":1,"turns":5},{"damage":0,"enemies":"Jaw Worm","floor":3,"turns":3},{"damage":0,"enemies":"2 Louse","floor":4,"turns":3},{"damage":36,"enemies":"3 Sentries","floor":7,"turns":11},{"damage":34,"enemies":"Lagavulin","floor":10,"turns":7},{"damage":2,"enemies":"Looter","floor":11,"turns":3},{"damage":16,"enemies":"3 Sentries","floor":12,"turns":8}],"seed_played":"-234236963728937838","potions_obtained":[{"floor":1,"key":"Poison Potion"},{"floor":3,"key":"Energy Potion"},{"floor":11,"key":"Block Potion"}],"is_trial":false,"path_per_floor":["M","$","M","M","?","R","E","R","T","E","M","E"],"character_chosen":"IRONCLAD","items_purchased":["Chemical X","Flame Barrier"],"campfire_rested":0,"item_purchase_floors":[2,2],"current_hp_per_floor":[56,56,62,68,68,68,40,40,40,12,16,0],"gold":132,"neow_bonus":"TWO_FIFTY_GOLD","is_prod":false,"is_daily":false,"chose_seed":false,"campfire_upgraded":2,"win_rate":0,"timestamp":1544726332,"path_taken":["M","$","M","M","?","R","E","R","T","E","M","E"],"build_version":"2018-12-12","purchased_purges":1,"victory":false,"max_hp_per_floor":[75,75,75,75,75,75,77,77,77,77,77,77],"card_choices":[{"not_picked":["Warcry","Perfected Strike"],"picked":"Wild Strike","floor":1},{"not_picked":["Intimidate","Thunderclap"],"picked":"Battle Trance","floor":3},{"not_picked":["Searing Blow","Flex"],"picked":"Shrug It Off","floor":4},{"not_picked":["Heavy Blade","Seeing Red","Sentinel"],"picked":"Singing Bowl","floor":7},{"not_picked":["Pommel Strike","Evolve"],"picked":"Offering","floor":10},{"not_picked":["Anger","Flex"],"picked":"Carnage","floor":11}],"player_experience":1020811,"relics_obtained":[{"floor":7,"key":"Singing Bowl"},{"floor":9,"key":"Bottled Lightning"},{"floor":10,"key":"Oddly Smooth Stone"}],"event_choices":[{"damage_healed":0,"gold_gain":0,"player_choice":"Leave","damage_taken":0,"max_hp_gain":0,"max_hp_loss":0,"event_name":"The Cleric","floor":5,"gold_loss":0}],"is_beta":true,"boss_relics":[],"items_purged_floors":[2],"is_endless":false,"potions_floor_spawned":[1,3,4,11],"killed_by":"3 Sentries","ascension_level":19}