{"gold_per_floor":[110,130,205,205,224,224,224,255,255,255,265,265,265,300,300,371,371,391,391,391,391,7,7],"floor_reached":23,"playtime":606,"items_purged":["Writhe"],"score":390,"play_id":"5e9c58ac-6e15-4e4c-a535-e1f06feb2ac3","local_time":"20190904001429","is_ascension_mode":true,"campfire_choices":[{"data":"Cold Snap","floor":7.0,"key":"SMITH"},{"floor":10.0,"key":"REST"},{"data":"Consume","floor":12.0,"key":"SMITH"},{"floor":15,"key":"REST"}],"neow_cost":"NONE","seed_source_timestamp":229149171469401,"circlet_count":0,"master_deck":["AscendersBane","Defend_B","Defend_B","Defend_B","Defend_B","Zap+1","Dualcast","Compile Driver","Capacitor","Cold Snap+1","Consume+1","Seek","Lockon","Biased Cognition","Genetic Algorithm","Bite","Bite","Bite","Blind","Blind","Core Surge"],"special_seed":0,"relics":["Cracked Core","Regal Pillow","Gremlin Horn","Bottled Tornado","CultistMask","Vajra","Philosopher\u0027s Stone","Emotion Chip","Lee\u0027s Waffle"],"potions_floor_usage":[23],"damage_taken":[{"damage":12.0,"enemies":"Jaw Worm","floor":1.0,"turns":3.0},{"damage":7.0,"enemies":"Small Slimes","floor":2.0,"turns":3.0},{"damage":1.0,"enemies":"Cultist","floor":5.0,"turns":3.0},{"damage":25.0,"enemies":"Lagavulin","floor":8.0,"turns":7.0},{"damage":5.0,"enemies":"Looter","floor":11.0,"turns":4.0},{"damage":31,"enemies":"Gremlin Nob","floor":14,"turns":4},{"damage":16,"enemies":"Slime Boss","floor":16,"turns":9},{"damage":32,"enemies":"3 Byrds","floor":18,"turns":4},{"damage":58,"enemies":"Slavers","floor":23,"turns":2}],"seed_played":"-8855238244527813750","potions_obtained":[{"floor":5.0,"key":"FocusPotion"},{"floor":11.0,"key":"EssenceOfSteel"}],"is_trial":false,"path_per_floor":["M","M","?","?","M","?","R","E","T","R","M","R","?","E","R","B",null,"M","?","?","?","$","E"],"character_chosen":"DEFECT","items_purchased":["Lee\u0027s Waffle","Core Surge"],"campfire_rested":2,"item_purchase_floors":[22,22],"current_hp_per_floor":[52,45,34,34,33,33,33,8,8,44,39,39,39,8,44,28,60,28,28,28,28,56,0],"gold":7,"neow_bonus":"RANDOM_COMMON_RELIC","is_prod":false,"is_daily":false,"chose_seed":false,"campfire_upgraded":2,"win_rate":0,"timestamp":1567548869,"path_taken":["M","M","?","?","?","?","R","E","T","R","M","R","?","E","R","BOSS","M","?","?","?","$","E"],"build_version":"2019-07-17","purchased_purges":1,"victory":false,"max_hp_per_floor":[71,71,71,71,71,71,71,71,71,71,71,71,71,71,71,71,71,71,71,49,49,56,56],"card_choices":[{"not_picked":["Redo","Streamline"],"picked":"Compile Driver","floor":1.0},{"not_picked":["Streamline","Stack"],"picked":"Capacitor","floor":2.0},{"not_picked":["Recycle","Beam Cell"],"picked":"Cold Snap","floor":5.0},{"not_picked":["Darkness","Turbo"],"picked":"Consume","floor":8.0},{"not_picked":["Sunder","Stack"],"picked":"Seek","floor":11.0},{"not_picked":["Steam","Streamline"],"picked":"Lockon","floor":14},{"not_picked":["Reboot","Amplify"],"picked":"Biased Cognition","floor":16},{"not_picked":["BootSequence","Conserve Battery"],"picked":"Genetic Algorithm","floor":18}],"player_experience":2005559,"relics_obtained":[{"floor":8.0,"key":"Gremlin Horn"},{"floor":9.0,"key":"Bottled Tornado"},{"floor":14,"key":"Vajra"}],"event_choices":[{"damage_healed":0.0,"max_hp_gain":0.0,"max_hp_loss":0.0,"gold_gain":75.0,"event_name":"World of Goop","player_choice":"Gather Gold","floor":3.0,"gold_loss":0.0,"damage_taken":11.0},{"damage_healed":0.0,"max_hp_gain":0.0,"max_hp_loss":0.0,"gold_gain":0.0,"event_name":"Upgrade Shrine","player_choice":"Upgraded","floor":4.0,"gold_loss":0.0,"damage_taken":0.0,"cards_upgraded":["Zap"]},{"damage_healed":0.0,"max_hp_gain":0.0,"max_hp_loss":0.0,"gold_gain":0.0,"event_name":"Liars Game","player_choice":"Ignored","floor":6.0,"gold_loss":0.0,"damage_taken":0.0},{"damage_healed":0,"gold_gain":0,"player_choice":"Trade","damage_taken":0,"relics_obtained":["CultistMask"],"max_hp_gain":0,"max_hp_loss":0,"event_name":"FaceTrader","floor":13,"gold_loss":0},{"damage_healed":0,"gold_gain":0,"player_choice":"Opened","damage_taken":0,"relics_obtained":["Emotion Chip"],"max_hp_gain":0,"max_hp_loss":0,"event_name":"The Mausoleum","floor":19,"gold_loss":0,"cards_obtained":["Writhe"]},{"damage_healed":0,"gold_gain":0,"player_choice":"Became a vampire","damage_taken":0,"max_hp_gain":0,"max_hp_loss":22,"event_name":"Vampires","floor":20,"gold_loss":0,"cards_obtained":["Bite","Bite","Bite","Bite","Bite"]},{"damage_healed":0,"gold_gain":0,"cards_transformed":["Bite","Bite"],"player_choice":"Became Test Subject","damage_taken":0,"max_hp_gain":0,"max_hp_loss":0,"event_name":"Drug Dealer","floor":21,"gold_loss":0,"cards_obtained":["Blind","Blind"]}],"is_beta":false,"boss_relics":[{"not_picked":["Eternal Feather","Pandora\u0027s Box"],"picked":"Philosopher\u0027s Stone"}],"items_purged_floors":[22],"is_endless":false,"potions_floor_spawned":[5,11,16],"killed_by":"Slavers","ascension_level":20}