{"gold_per_floor":[214,170,170,9,23,23,51,51,51,51,62,73,106,121,121,196,196,210,223,148,148,148,148],"floor_reached":23,"playtime":685,"items_purged":["Strike_R"],"score":398,"play_id":"05dcda19-d1f6-4fb1-9893-4e09ea623bf6","local_time":"20190712184542","is_ascension_mode":true,"campfire_choices":[{"data":"Bash","floor":6,"key":"SMITH"},{"floor":8,"key":"REST"},{"data":"Combust","floor":10,"key":"SMITH"},{"data":"True Grit","floor":15,"key":"SMITH"}],"neow_cost":"NONE","seed_source_timestamp":33047348830863,"circlet_count":0,"master_deck":["AscendersBane","Defend_R","Defend_R","Defend_R","Defend_R","Bash+1","Thunderclap","Combust+1","Twin Strike","Headbutt","Shrug It Off","Heavy Blade","Spot Weakness","True Grit+1","Offering","Double Tap","Cleave+1","Second Wind+1","Warcry+1"],"relics":["Burning Blood","Tiny Chest","Vajra","Centennial Puzzle","Pantograph","Astrolabe","Art of War"],"potions_floor_usage":[16],"damage_taken":[{"damage":11,"enemies":"Small Slimes","floor":1,"turns":6},{"damage":6,"enemies":"Cultist","floor":5,"turns":3},{"damage":50,"enemies":"Lagavulin","floor":7,"turns":6},{"damage":4,"enemies":"2 Louse","floor":11,"turns":3},{"damage":12,"enemies":"Lots of Slimes","floor":12,"turns":3},{"damage":17,"enemies":"3 Sentries","floor":13,"turns":5},{"damage":8,"enemies":"Blue Slaver","floor":14,"turns":5},{"damage":32,"enemies":"The Guardian","floor":16,"turns":10},{"damage":29,"enemies":"2 Thieves","floor":18,"turns":4},{"damage":27,"enemies":"3 Byrds","floor":19,"turns":3},{"damage":22,"enemies":"Gremlin Leader","floor":23,"turns":2}],"seed_played":"2816418368336227335","potions_obtained":[{"floor":5,"key":"Strength Potion"},{"floor":12,"key":"Strength Potion"},{"floor":16,"key":"SteroidPotion"}],"is_trial":false,"path_per_floor":["M","$","?","$","M","R","E","R","T","R","M","M","E","M","R","B",null,"M","M","$","?","?","E"],"character_chosen":"IRONCLAD","items_purchased":["Combust","Tiny Chest","Twin Strike"],"campfire_rested":1,"item_purchase_floors":[2,4,4],"current_hp_per_floor":[63,63,63,63,63,63,19,41,41,41,43,37,26,24,24,23,62,39,18,18,18,18,0],"gold":148,"neow_bonus":"HUNDRED_GOLD","is_prod":false,"is_daily":false,"chose_seed":false,"campfire_upgraded":3,"win_rate":0,"timestamp":1562949942,"path_taken":["M","$","?","$","?","R","E","R","T","R","M","M","E","M","R","BOSS","M","M","$","?","?","E"],"build_version":"2019-07-05","purchased_purges":1,"victory":false,"max_hp_per_floor":[75,75,75,75,75,75,75,75,75,75,75,75,75,75,75,75,75,75,75,75,75,75,75],"card_choices":[{"not_picked":["Rage","Clash"],"picked":"Thunderclap","floor":1},{"not_picked":["Blood for Blood","Heavy Blade"],"picked":"Headbutt","floor":5},{"not_picked":["Sword Boomerang","Clothesline"],"picked":"Shrug It Off","floor":7},{"not_picked":["Thunderclap","Body Slam"],"picked":"Heavy Blade","floor":11},{"not_picked":["Perfected Strike","Warcry"],"picked":"Spot Weakness","floor":12},{"not_picked":["Body Slam","Fire Breathing"],"picked":"True Grit","floor":13},{"not_picked":["Heavy Blade","Battle Trance"],"picked":"Offering","floor":14},{"not_picked":["Bludgeon","Brutality"],"picked":"Double Tap","floor":16},{"not_picked":["Pommel Strike","Rampage","Body Slam"],"picked":"SKIP","floor":18},{"not_picked":["Wild Strike","Fire Breathing","Clash"],"picked":"SKIP","floor":19}],"player_experience":1796967,"relics_obtained":[{"floor":7,"key":"Vajra"},{"floor":9,"key":"Centennial Puzzle"},{"floor":13,"key":"Pantograph"}],"event_choices":[{"cards_removed":["Strike_R"],"damage_healed":0,"gold_gain":0,"player_choice":"Purged","damage_taken":0,"max_hp_gain":0,"max_hp_loss":0,"event_name":"Purifier","floor":3,"gold_loss":0},{"damage_healed":0,"gold_gain":0,"player_choice":"Opened","damage_taken":0,"relics_obtained":["Art of War"],"max_hp_gain":0,"max_hp_loss":0,"event_name":"The Mausoleum","floor":21,"gold_loss":0,"cards_obtained":["Writhe"]},{"cards_removed":["Writhe"],"damage_healed":0,"gold_gain":0,"player_choice":"Elegance","damage_taken":0,"max_hp_gain":0,"max_hp_loss":0,"event_name":"Back to Basics","floor":22,"gold_loss":0}],"is_beta":false,"boss_relics":[{"not_picked":["Lizard Tail","Black Blood"],"picked":"Astrolabe"}],"items_purged_floors":[20],"is_endless":false,"potions_floor_spawned":[5,12,13,16],"killed_by":"Gremlin Leader","ascension_level":20}