{"gold_per_floor":[118,128,148,162,176,505,343,343,343,368,392,404],"floor_reached":12,"playtime":1270,"items_purged":["Strike_B"],"score":97,"play_id":"7258ffbd-d4fe-4ebd-96a7-6d8cd2556028","local_time":"20190213080749","is_ascension_mode":true,"campfire_choices":[{"data":"Coolheaded","floor":8,"key":"SMITH"}],"neow_cost":"TEN_PERCENT_HP_LOSS","seed_source_timestamp":388410956472198,"circlet_count":0,"master_deck":["Strike_B","Strike_B","Strike_B","Defend_B","Defend_B","Defend_B","Defend_B","Zap","Dualcast","Reprogram","Redo","Sunder","Defragment","Gash","Hologram","Coolheaded+1","Melter","Defragment","Redo"],"relics":["Cracked Core","Unceasing Top","Old Coin","Oddly Smooth Stone","MawBank"],"potions_floor_usage":[6,6,6,12],"damage_taken":[{"damage":0,"enemies":"Small Slimes","floor":1,"turns":3},{"damage":1,"enemies":"Jaw Worm","floor":2,"turns":3},{"damage":2,"enemies":"2 Louse","floor":3,"turns":2},{"damage":0,"enemies":"2 Fungi Beasts","floor":4,"turns":2},{"damage":10,"enemies":"Looter","floor":5,"turns":4},{"damage":20,"enemies":"Gremlin Nob","floor":6,"turns":4},{"damage":22,"enemies":"Lagavulin","floor":10,"turns":8},{"damage":10,"enemies":"3 Louse","floor":11,"turns":3},{"damage":30,"enemies":"Gremlin Nob","floor":12,"turns":3}],"seed_played":"6223497667266983892","potions_obtained":[{"floor":1,"key":"Fire Potion"},{"floor":3,"key":"SpeedPotion"},{"floor":5,"key":"SkillPotion"},{"floor":11,"key":"Poison Potion"}],"is_trial":false,"path_per_floor":["M","M","M","M","M","E","$","R","T","E","M","E"],"character_chosen":"DEFECT","items_purchased":["Coolheaded","Melter"],"campfire_rested":0,"item_purchase_floors":[7,7],"current_hp_per_floor":[68,67,65,65,55,35,35,35,35,13,3,0],"gold":404,"neow_bonus":"ONE_RARE_RELIC","is_prod":false,"is_daily":false,"chose_seed":false,"campfire_upgraded":1,"win_rate":0,"timestamp":1550074069,"path_taken":["M","M","M","M","M","E","$","R","T","E","M","E"],"build_version":"2019-01-23","purchased_purges":1,"victory":false,"max_hp_per_floor":[68,68,68,68,68,68,68,68,68,68,68,68],"card_choices":[{"not_picked":["Hologram","Gash"],"picked":"Reprogram","floor":1},{"not_picked":["Gash","Cold Snap"],"picked":"Redo","floor":2},{"not_picked":["Lockon","Redo"],"picked":"Sunder","floor":3},{"not_picked":["Heatsinks","Leap"],"picked":"Defragment","floor":4},{"not_picked":["Streamline","Blizzard"],"picked":"Gash","floor":5},{"not_picked":["Heatsinks","Rip and Tear"],"picked":"Hologram","floor":6},{"not_picked":["Conserve Battery","Blizzard"],"picked":"Defragment","floor":10},{"not_picked":["Steam","Sweeping Beam"],"picked":"Redo","floor":11}],"player_experience":163608,"relics_obtained":[{"floor":6,"key":"Old Coin"},{"floor":9,"key":"Oddly Smooth Stone"},{"floor":10,"key":"MawBank"}],"event_choices":[],"is_beta":false,"boss_relics":[],"items_purged_floors":[7],"is_endless":false,"potions_floor_spawned":[1,3,5,11],"killed_by":"Gremlin Nob","ascension_level":1}