{"gold_per_floor":[117,130,130,151,176,176,209,227,227,44,44,77,77,77],"floor_reached":14,"playtime":396,"items_purged":["Strike_B"],"score":250,"play_id":"7dfca4c5-0e40-44dd-a10a-05f13a654b8e","local_time":"20181215183209","is_ascension_mode":true,"campfire_choices":[{"data":"Darkness","floor":6,"key":"SMITH"},{"data":"Coolheaded","floor":11,"key":"SMITH"}],"neow_cost":"NONE","seed_source_timestamp":32866764391481,"circlet_count":0,"master_deck":["AscendersBane","Strike_B","Strike_B","Strike_B","Defend_B","Defend_B","Defend_B","Defend_B","Zap","Dualcast","Ball Lightning","Darkness+1","Sweeping Beam","Compile Driver","Compile Driver","Coolheaded+1","Ball Lightning","Coolheaded","Electrodynamics"],"relics":["Cracked Core","Golden Idol","Juzu Bracelet","Letter Opener","Ancient Tea Set"],"potions_floor_usage":[7,7,7,12,14],"damage_taken":[{"damage":2,"enemies":"Cultist","floor":1,"turns":4},{"damage":7,"enemies":"Jaw Worm","floor":2,"turns":2},{"damage":0,"enemies":"Small Slimes","floor":4,"turns":3},{"damage":8,"enemies":"2 Fungi Beasts","floor":5,"turns":3},{"damage":20,"enemies":"Gremlin Nob","floor":7,"turns":4},{"damage":9,"enemies":"Exordium Wildlife","floor":8,"turns":3},{"damage":0,"enemies":"3 Sentries","floor":12,"turns":3},{"damage":25,"enemies":"Gremlin Gang","floor":14,"turns":3}],"seed_played":"-5401610589219514018","potions_obtained":[{"floor":1,"key":"EntropicBrew"},{"floor":5,"key":"AttackPotion"},{"floor":8,"key":"AttackPotion"}],"is_trial":false,"path_per_floor":["M","M","?","M","M","R","E","M","T","$","R","E","?","M"],"character_chosen":"DEFECT","items_purchased":["Ball Lightning","Coolheaded"],"campfire_rested":0,"item_purchase_floors":[10,10],"current_hp_per_floor":[69,62,62,62,54,54,34,25,25,25,25,25,25,0],"gold":77,"neow_bonus":"TEN_PERCENT_HP_BONUS","is_prod":false,"is_daily":false,"chose_seed":false,"campfire_upgraded":2,"win_rate":0,"timestamp":1544895129,"path_taken":["M","?","?","M","M","R","E","M","T","$","R","E","?","M"],"build_version":"2018-12-13","purchased_purges":1,"victory":false,"max_hp_per_floor":[78,78,71,71,71,71,71,71,71,71,71,71,71,71],"card_choices":[{"not_picked":["White Noise","Streamline"],"picked":"Ball Lightning","floor":1},{"not_picked":["Turbo","Beam Cell"],"picked":"Darkness","floor":2},{"not_picked":["Beam Cell","All For One"],"picked":"Sweeping Beam","floor":4},{"not_picked":["Gash","Stack"],"picked":"Compile Driver","floor":5},{"not_picked":["Turbo","Beam Cell"],"picked":"Compile Driver","floor":7},{"not_picked":["Double Energy","FTL"],"picked":"Coolheaded","floor":8},{"not_picked":["White Noise","Reinforced Body"],"picked":"Electrodynamics","floor":12}],"player_experience":1028773,"relics_obtained":[{"floor":7,"key":"Juzu Bracelet"},{"floor":9,"key":"Letter Opener"},{"floor":12,"key":"Ancient Tea Set"}],"event_choices":[{"damage_healed":0,"gold_gain":0,"player_choice":"Lose Max HP","damage_taken":0,"relics_obtained":["Golden Idol"],"max_hp_gain":0,"max_hp_loss":7,"event_name":"Golden Idol","floor":3,"gold_loss":0},{"damage_healed":0,"gold_gain":0,"player_choice":"Ignored","damage_taken":0,"max_hp_gain":0,"max_hp_loss":0,"event_name":"Liars Game","floor":13,"gold_loss":0}],"is_beta":true,"boss_relics":[],"items_purged_floors":[10],"is_endless":false,"potions_floor_spawned":[1,5,8],"killed_by":"Gremlin Gang","ascension_level":20}