{"gold_per_floor":[11,11,11,35,50,83,83,83,83,106,150,208,252,273,273,273],"floor_reached":16,"playtime":419,"items_purged":[],"score":240,"play_id":"09d658e4-9565-4722-91ec-c8271d84ac4f","local_time":"20190915191546","is_ascension_mode":true,"campfire_choices":[{"data":"Inflame","floor":7,"key":"SMITH"},{"data":"Immolate","floor":15,"key":"SMITH"}],"neow_cost":"NO_GOLD","seed_source_timestamp":9530505081738,"circlet_count":0,"master_deck":["AscendersBane","Strike_R","Strike_R","Strike_R+1","Strike_R","Strike_R","Defend_R","Defend_R","Defend_R","Defend_R+1","Bash","Twin Strike","Inflame+1","Battle Trance","Anger","Anger","Cleave","Immolate+1","Feel No Pain","Infernal Blade"],"relics":["Burning Blood","Torii","Golden Idol","Prayer Wheel","Pear","Bronze Scales","Ornamental Fan"],"potions_floor_usage":[11,13,13,16],"damage_taken":[{"damage":8,"enemies":"Small Slimes","floor":1,"turns":4},{"damage":2,"enemies":"2 Louse","floor":4,"turns":3},{"damage":7,"enemies":"Jaw Worm","floor":5,"turns":3},{"damage":30,"enemies":"Lagavulin","floor":6,"turns":7},{"damage":16,"enemies":"Exordium Wildlife","floor":10,"turns":4},{"damage":12,"enemies":"3 Sentries","floor":11,"turns":5},{"damage":8,"enemies":"Gremlin Nob","floor":13,"turns":3},{"damage":2,"enemies":"2 Fungi Beasts","floor":14,"turns":3},{"damage":42,"enemies":"Slime Boss","floor":16,"turns":7}],"seed_played":"7931042709198779850","potions_obtained":[{"floor":4,"key":"Fruit Juice"},{"floor":5,"key":"GamblersBrew"},{"floor":11,"key":"Regen Potion"},{"floor":14,"key":"Block Potion"}],"is_trial":false,"path_per_floor":["M","?","?","M","M","E","R","?","T","M","E","?","E","M","R","B"],"character_chosen":"IRONCLAD","items_purchased":[],"campfire_rested":0,"item_purchase_floors":[],"current_hp_per_floor":[66,66,46,50,49,25,25,25,35,25,24,24,31,35,35,0],"gold":273,"neow_bonus":"ONE_RARE_RELIC","is_prod":false,"is_daily":false,"chose_seed":false,"campfire_upgraded":2,"win_rate":0,"timestamp":1568567746,"path_taken":["M","?","?","M","M","E","R","?","T","M","E","?","E","?","R","BOSS"],"build_version":"2019-09-12","purchased_purges":0,"victory":false,"max_hp_per_floor":[75,68,68,68,68,68,68,68,78,78,83,83,83,83,83,83],"card_choices":[{"not_picked":["Warcry","Burning Pact"],"picked":"Twin Strike","floor":1},{"not_picked":["Flex","Perfected Strike"],"picked":"Inflame","floor":4},{"not_picked":["Twin Strike","Shrug It Off"],"picked":"Battle Trance","floor":5},{"not_picked":["Flex","Clothesline"],"picked":"Anger","floor":6},{"not_picked":["Pommel Strike","Intimidate"],"picked":"Anger","floor":10},{"not_picked":["Warcry","Entrench"],"picked":"Cleave","floor":10},{"not_picked":["Havoc","Dual Wield"],"picked":"Immolate","floor":11},{"not_picked":["Sentinel","Clothesline","Brutality"],"picked":"SKIP","floor":13},{"not_picked":["Wild Strike","Corruption"],"picked":"Feel No Pain","floor":14},{"not_picked":["Seeing Red","Metallicize"],"picked":"Infernal Blade","floor":14}],"player_experience":2050232,"relics_obtained":[{"floor":6,"key":"Prayer Wheel"},{"floor":9,"key":"Pear"},{"floor":11,"key":"Bronze Scales"},{"floor":13,"key":"Ornamental Fan"}],"event_choices":[{"damage_healed":0,"gold_gain":0,"player_choice":"Lose Max HP","damage_taken":0,"relics_obtained":["Golden Idol"],"max_hp_gain":0,"max_hp_loss":7,"event_name":"Golden Idol","floor":2,"gold_loss":0},{"damage_healed":0,"gold_gain":0,"player_choice":"Entered Light","damage_taken":20,"max_hp_gain":0,"max_hp_loss":0,"event_name":"Shining Light","floor":3,"gold_loss":0,"cards_upgraded":["Strike_R","Defend_R"]},{"damage_healed":0,"gold_gain":0,"player_choice":"Fled","damage_taken":0,"max_hp_gain":0,"max_hp_loss":0,"event_name":"Scrap Ooze","floor":8,"gold_loss":0},{"damage_healed":0,"gold_gain":58,"player_choice":"Gained Gold","damage_taken":0,"max_hp_gain":0,"max_hp_loss":0,"event_name":"Golden Wing","floor":12,"gold_loss":0}],"is_beta":true,"boss_relics":[],"items_purged_floors":[],"is_endless":false,"potions_floor_spawned":[4,5,11,14],"killed_by":"Slime Boss","ascension_level":20}