{"gold_per_floor":[210,30,30,46,62,62,73,73,125,125,154,170,170,203,203,274,274,286,211,14,26,46,46,77,127,150,150,180,195,23,73,73,146,146,164,181,37,1036,926,956,956],"floor_reached":41,"playtime":1203,"items_purged":["Strike_R","Strike_R"],"score":959,"play_id":"4e55b53d-9bf2-4fbe-aae2-516e5b42a088","local_time":"20190926213759","is_ascension_mode":true,"campfire_choices":[{"data":"Immolate","floor":6,"key":"SMITH"},{"data":"Bash","floor":8,"key":"SMITH"},{"data":"Inflame","floor":13,"key":"SMITH"},{"data":"Juggernaut","floor":15,"key":"SMITH"},{"data":"Heavy Blade","floor":23,"key":"SMITH"},{"floor":27,"key":"REST"},{"data":"Offering","floor":32,"key":"SMITH"}],"neow_cost":"NONE","seed_source_timestamp":32778534411413,"circlet_count":0,"master_deck":["AscendersBane","Strike_R","Strike_R+1","Defend_R","Defend_R+1","Defend_R","Defend_R","Bash+1","Infernal Blade+1","Immolate+1","Iron Wave","Juggernaut+1","Inflame+1","Sword Boomerang","Shrug It Off","Feed","Spot Weakness+1","Heavy Blade+1","Headbutt+1","Power Through+1","Flame Barrier","Reaper","Offering+1","Offering","Corruption","Apotheosis+1","Normality","Limit Break"],"relics":["Burning Blood","Regal Pillow","MealTicket","Bag of Preparation","War Paint","PreservedInsect","Philosopher\u0027s Stone","Membership Card","Bottled Lightning","Toy Ornithopter","Bronze Scales","Cursed Key","Whetstone"],"potions_floor_usage":[11,16,24,33],"damage_taken":[{"damage":3,"enemies":"Small Slimes","floor":1,"turns":6},{"damage":7,"enemies":"Jaw Worm","floor":4,"turns":2},{"damage":3,"enemies":"2 Louse","floor":5,"turns":2},{"damage":0,"enemies":"Gremlin Gang","floor":7,"turns":1},{"damage":27,"enemies":"Gremlin Nob","floor":11,"turns":4},{"damage":0,"enemies":"Large Slime","floor":12,"turns":4},{"damage":10,"enemies":"3 Sentries","floor":14,"turns":4},{"damage":58,"enemies":"Hexaghost","floor":16,"turns":9},{"damage":21,"enemies":"2 Thieves","floor":18,"turns":3},{"damage":0,"enemies":"Spheric Guardian","floor":21,"turns":1},{"damage":42,"enemies":"Snake Plant","floor":22,"turns":5},{"damage":19,"enemies":"Slavers","floor":24,"turns":4},{"damage":16,"enemies":"Gremlin Leader","floor":28,"turns":4},{"damage":13,"enemies":"Chosen and Byrds","floor":29,"turns":6},{"damage":53,"enemies":"Champ","floor":33,"turns":6},{"damage":17,"enemies":"Orb Walker","floor":35,"turns":4},{"damage":13,"enemies":"3 Darklings","floor":36,"turns":3},{"damage":61,"enemies":"Nemesis","floor":40,"turns":5},{"damage":27,"enemies":"Writhing Mass","floor":41,"turns":3}],"seed_played":"2488737804932410753","potions_obtained":[{"floor":5,"key":"Fire Potion"},{"floor":11,"key":"BloodPotion"},{"floor":12,"key":"SteroidPotion"},{"floor":18,"key":"SkillPotion"},{"floor":28,"key":"SpeedPotion"},{"floor":36,"key":"SkillPotion"}],"is_trial":false,"path_per_floor":["M","$","?","M","M","R","M","R","T","T","E","M","R","E","R","B",null,"M","?","$","M","M","R","E","?","T","R","E","M","$","?","R","B",null,"M","M","$","?","?","E","M"],"character_chosen":"IRONCLAD","items_purchased":["Immolate","Membership Card","Heavy Blade","Reaper","Offering","Apotheosis"],"campfire_rested":1,"item_purchase_floors":[2,20,20,30,30,37],"current_hp_per_floor":[71,71,66,65,68,68,74,74,74,74,53,59,59,55,55,18,61,49,49,64,70,34,34,21,21,21,59,52,45,60,60,60,34,69,69,62,77,77,77,26,0],"gold":956,"neow_bonus":"HUNDRED_GOLD","is_prod":false,"is_daily":false,"chose_seed":false,"campfire_upgraded":6,"win_rate":0,"timestamp":1569526679,"path_taken":["M","$","?","M","M","R","M","R","T","?","E","M","R","E","R","BOSS","M","?","$","M","M","R","E","?","T","R","E","M","$","?","R","BOSS","M","?","$","?","?","E","?"],"build_version":"2019-09-25","purchased_purges":2,"victory":false,"max_hp_per_floor":[75,75,75,75,75,75,75,75,75,75,75,75,75,75,75,75,75,78,78,78,78,78,78,78,78,78,78,81,81,81,81,81,81,81,84,84,84,84,84,88,88],"card_choices":[{"not_picked":["Sword Boomerang","Havoc"],"picked":"Infernal Blade","floor":1},{"not_picked":["Sword Boomerang","Wild Strike"],"picked":"Iron Wave","floor":4},{"not_picked":["Cleave","Sword Boomerang","Havoc"],"picked":"SKIP","floor":5},{"not_picked":["Armaments","Perfected Strike"],"picked":"Juggernaut","floor":7},{"not_picked":["Feel No Pain","Armaments"],"picked":"Inflame","floor":11},{"not_picked":["Searing Blow","Havoc"],"picked":"Sword Boomerang","floor":12},{"not_picked":["Rage","Clothesline"],"picked":"Shrug It Off","floor":14},{"not_picked":["Immolate","Exhume"],"picked":"Feed","floor":16},{"not_picked":["Headbutt","Second Wind"],"picked":"Spot Weakness+1","floor":18},{"not_picked":["Iron Wave","Uppercut","Combust"],"picked":"SKIP","floor":21},{"not_picked":["Flex+1","Armaments"],"picked":"Headbutt","floor":22},{"not_picked":["Pommel Strike","Combust"],"picked":"Power Through+1","floor":24},{"not_picked":["Body Slam","Bloodletting"],"picked":"Flame Barrier","floor":28},{"not_picked":["Rage","Blood for Blood","Twin Strike"],"picked":"SKIP","floor":29},{"not_picked":["Brutality","Exhume"],"picked":"Offering","floor":33},{"not_picked":["Clash","Shrug It Off"],"picked":"Corruption","floor":35},{"not_picked":["Perfected Strike+1","Headbutt","True Grit"],"picked":"SKIP","floor":36},{"not_picked":["Sentinel","Thunderclap+1"],"picked":"Limit Break","floor":40}],"player_experience":2119874,"relics_obtained":[{"floor":9,"key":"MealTicket"},{"floor":10,"key":"Bag of Preparation"},{"floor":11,"key":"War Paint"},{"floor":14,"key":"PreservedInsect"},{"floor":24,"key":"Bottled Lightning"},{"floor":26,"key":"Toy Ornithopter"},{"floor":28,"key":"Bronze Scales"},{"floor":40,"key":"Whetstone"}],"event_choices":[{"damage_healed":0,"gold_gain":0,"player_choice":"Success","damage_taken":5,"relics_obtained":["Regal Pillow"],"max_hp_gain":0,"max_hp_loss":0,"event_name":"Scrap Ooze","floor":3,"gold_loss":0},{"cards_removed":["Strike_R"],"damage_healed":0,"gold_gain":0,"player_choice":"Gave Gold","damage_taken":0,"max_hp_gain":0,"max_hp_loss":0,"event_name":"Beggar","floor":19,"gold_loss":75},{"damage_healed":0,"gold_gain":50,"player_choice":"Stole From Cult","damage_taken":0,"max_hp_gain":0,"max_hp_loss":0,"event_name":"Nest","floor":25,"gold_loss":0},{"damage_healed":0,"gold_gain":50,"player_choice":"Pray","damage_taken":0,"max_hp_gain":0,"max_hp_loss":0,"event_name":"Golden Shrine","floor":31,"gold_loss":0},{"damage_healed":0,"gold_gain":999,"player_choice":"Gold","damage_taken":0,"max_hp_gain":0,"max_hp_loss":0,"event_name":"MindBloom","floor":38,"gold_loss":0,"cards_obtained":["Normality","Normality"]},{"cards_removed":["Normality"],"damage_healed":0,"gold_gain":0,"player_choice":"Upgrade and Remove","damage_taken":0,"max_hp_gain":0,"max_hp_loss":0,"event_name":"Designer","floor":39,"gold_loss":110,"cards_upgraded":["Apotheosis"]}],"is_beta":true,"boss_relics":[{"not_picked":["SacredBark","Coffee Dripper"],"picked":"Philosopher\u0027s Stone"},{"not_picked":["Snecko Eye","Sozu"],"picked":"Cursed Key"}],"items_purged_floors":[30,37],"is_endless":false,"potions_floor_spawned":[5,11,12,18,21,28,36,40],"killed_by":"Writhing Mass","ascension_level":20}