{"gold_per_floor":[114,389,47,58,118,193,193,212,212,212,270,270,270],"floor_reached":13,"playtime":350,"items_purged":["Regret"],"score":186,"play_id":"24429908-294c-4dc8-8509-b9615bbf0805","local_time":"20190810222029","is_ascension_mode":true,"campfire_choices":[{"data":"HandOfGreed","floor":7,"key":"SMITH"}],"neow_cost":"NONE","seed_source_timestamp":1663555036578,"circlet_count":0,"master_deck":["AscendersBane","Strike_G","Strike_G+1","Strike_G","Strike_G","Strike_G","Defend_G","Defend_G","Defend_G","Defend_G","Defend_G","Survivor","Neutralize","PiercingWail","HandOfGreed+1","Dagger Spray+1","Backflip","Corpse Explosion","Poisoned Stab","Leg Sweep+1"],"relics":["Ring of the Snake","NeowsBlessing","Whetstone","Anchor","Toxic Egg 2"],"potions_floor_usage":[11,11],"damage_taken":[{"damage":0,"enemies":"Jaw Worm","floor":1,"turns":1},{"damage":0,"enemies":"Cultist","floor":4,"turns":1},{"damage":0,"enemies":"2 Louse","floor":5,"turns":4},{"damage":40,"enemies":"3 Sentries","floor":6,"turns":14},{"damage":3,"enemies":"Looter","floor":8,"turns":3},{"damage":14,"enemies":"Lagavulin","floor":11,"turns":8},{"damage":21,"enemies":"Gremlin Nob","floor":13,"turns":3}],"seed_played":"3524346288535785217","potions_obtained":[{"floor":4,"key":"Block Potion"},{"floor":6,"key":"GhostInAJar"}],"is_trial":false,"path_per_floor":["M","?","$","M","M","E","R","M","T","?","E","?","E"],"character_chosen":"THE_SILENT","items_purchased":["HandOfGreed","Dagger Spray"],"campfire_rested":0,"item_purchase_floors":[3,3],"current_hp_per_floor":[59,59,59,59,59,19,19,16,16,16,2,2,0],"gold":270,"neow_bonus":"THREE_ENEMY_KILL","is_prod":false,"is_daily":false,"chose_seed":false,"campfire_upgraded":1,"win_rate":0,"timestamp":1565468429,"path_taken":["M","?","$","M","?","E","R","M","T","?","E","?","E"],"build_version":"2019-07-17","purchased_purges":1,"victory":false,"max_hp_per_floor":[66,66,66,66,66,66,66,66,66,66,66,66,66],"card_choices":[{"not_picked":["Cloak And Dagger","Deflect"],"picked":"PiercingWail","floor":1},{"not_picked":["PiercingWail","Choke"],"picked":"Backflip","floor":4},{"not_picked":["Outmaneuver","Bane","Dagger Throw"],"picked":"SKIP","floor":5},{"not_picked":["Slice","Blade Dance"],"picked":"Corpse Explosion","floor":6},{"not_picked":["Escape Plan","Quick Slash"],"picked":"Poisoned Stab","floor":8},{"not_picked":["Acrobatics","Well Laid Plans"],"picked":"Leg Sweep","floor":11}],"player_experience":1898693,"relics_obtained":[{"floor":6,"key":"Whetstone"},{"floor":9,"key":"Anchor"},{"floor":11,"key":"Toxic Egg 2"}],"event_choices":[{"damage_healed":0,"gold_gain":275,"player_choice":"Desecrate","damage_taken":0,"max_hp_gain":0,"max_hp_loss":0,"event_name":"Golden Shrine","floor":2,"gold_loss":0,"cards_obtained":["Regret"]},{"damage_healed":0,"gold_gain":0,"player_choice":"Fled","damage_taken":0,"max_hp_gain":0,"max_hp_loss":0,"event_name":"Scrap Ooze","floor":10,"gold_loss":0},{"damage_healed":0,"gold_gain":0,"player_choice":"Ignored","damage_taken":0,"max_hp_gain":0,"max_hp_loss":0,"event_name":"Liars Game","floor":12,"gold_loss":0}],"is_beta":false,"boss_relics":[],"items_purged_floors":[3],"is_endless":false,"potions_floor_spawned":[4,6,8],"killed_by":"Gremlin Nob","ascension_level":20}