{"path_per_floor":["M","?","M","?","?","E","R","M","T","M","?","E","M","M","R"],"character_chosen":"THE_SILENT","items_purchased":[],"gold_per_floor":[111,111,125,125,200,233,233,243,319,336,336,365,381,401,401,401],"floor_reached":16,"campfire_rested":1,"playtime":1238,"current_hp_per_floor":[70,70,70,75,64,43,43,43,43,29,29,13,7,7,31,0],"items_purged":[],"gold":401,"score":112,"play_id":"cae1a86c-78e9-403d-97ef-6cfd929b1e35","local_time":"20180513112924","is_prod":false,"is_daily":false,"chose_seed":false,"is_ascension_mode":false,"campfire_upgraded":1,"timestamp":1526203764,"path_taken":["M","?","?","?","?","E","R","M","T","?","?","E","?","M","R","BOSS"],"build_version":"2018-05-10","seed_source_timestamp":3020623273099,"purchased_purges":0,"victory":false,"master_deck":["Defend_G","Defend_G","Defend_G","Defend_G","Strike_G","Strike_G","Strike_G","Strike_G","Strike_G","Survivor+1","Neutralize","Flying Knee","Poisoned Stab+1","Slice","Underhanded Strike","Endless Agony","Distraction","Backstab","PiercingWail"],"max_hp_per_floor":[70,70,70,75,75,82,82,82,82,82,82,82,82,82,82,82],"relics":["Ring of the Snake","Strawberry","Ninja Scroll","Girya"],"card_choices":[{"not_picked":["Slice","Backflip"],"picked":"Flying Knee","floor":1},{"not_picked":["Dagger Throw","Endless Agony"],"picked":"Poisoned Stab","floor":3},{"not_picked":["Deadly Poison","Backflip"],"picked":"Slice","floor":6},{"not_picked":["Finisher","Backflip"],"picked":"Underhanded Strike","floor":8},{"not_picked":["Deflect","Underhanded Strike"],"picked":"Endless Agony","floor":10},{"not_picked":["Eviscerate","Envenom"],"picked":"Distraction","floor":12},{"not_picked":["Deflect","Quick Slash"],"picked":"Backstab","floor":13},{"not_picked":["Dash","Deadly Poison"],"picked":"PiercingWail","floor":14}],"player_experience":23085,"potions_floor_usage":[16,16],"damage_taken":[{"damage":0,"enemies":"Small Slimes","floor":1,"turns":5},{"damage":0,"enemies":"Cultist","floor":3,"turns":3},{"damage":28,"enemies":"Gremlin Nob","floor":6,"turns":5},{"damage":0,"enemies":"2 Louse","floor":8,"turns":2},{"damage":14,"enemies":"Gremlin Gang","floor":10,"turns":4},{"damage":16,"enemies":"Lagavulin","floor":12,"turns":5},{"damage":6,"enemies":"Exordium Wildlife","floor":13,"turns":3},{"damage":0,"enemies":"Looter","floor":14,"turns":2},{"damage":49,"enemies":"Hexaghost","floor":16,"turns":9}],"event_choices":[{"event_name":"Bonfire Elementals","player_choice":"BASIC","floor":2,"damage_taken":0},{"event_name":"Big Fish","player_choice":"Donut","floor":4,"damage_taken":0},{"event_name":"World of Goop","player_choice":"Gather Gold","floor":5,"damage_taken":0},{"event_name":"Liars Game","player_choice":"disagreed","floor":11,"damage_taken":0}],"boss_relics":[],"potions_floor_spawned":[12,13,14],"seed_played":"-9140177012135993296","killed_by":"Hexaghost","ascension_level":0,"is_trial":false}