{"gold_per_floor":[119,134,134,55,69,99,99,127,127,138,138,12,32,32,32,131,131,146,146,158,173,28,28,28,58,83,83,97,120,120,153,153,255,255,265,285,131,131,149,178,178,178,231,4,23,23,23,48,48,48],"floor_reached":50,"playtime":5404,"items_purged":["Strike_R"],"score":676,"play_id":"4679ec7d-ae8e-43d9-a22c-09f6184f6620","local_time":"20190216072756","is_ascension_mode":true,"campfire_choices":[{"data":"Combust","floor":7.0,"key":"SMITH"},{"data":"Pommel Strike","floor":11.0,"key":"SMITH"},{"data":"Armaments","floor":15.0,"key":"SMITH"},{"data":"Entrench","floor":23,"key":"SMITH"},{"data":"Corruption","floor":27,"key":"SMITH"},{"data":"Demon Form","floor":30,"key":"SMITH"},{"floor":32,"key":"REST"},{"data":"Rupture","floor":41,"key":"SMITH"},{"floor":47,"key":"REST"},{"floor":49,"key":"RECALL"}],"neow_cost":"NONE","seed_source_timestamp":0,"circlet_count":0,"master_deck":["Strike_R","Strike_R","Strike_R+1","Strike_R","Defend_R","Defend_R","Defend_R+1","Defend_R","Bash","Clash","Corruption+1","Combust+1","Battle Trance","Pommel Strike+1","Clothesline","Disarm","Armaments+1","Entrench+1","Demon Form+1","Sword Boomerang","RitualDagger","Intimidate","Shrug It Off","Flame Barrier","Fiend Fire","Body Slam+1","Headbutt+1","Rupture+1","Dramatic Entrance","Shrug It Off","Trip","Parasite","Reaper","Seeing Red+1","True Grit"],"special_seed":0,"relics":["Burning Blood","Blood Vial","Bottled Tornado","Odd Mushroom","Cursed Key","Omamori","Happy Flower","Art of War","Strawberry","Bag of Marbles","Snecko Eye","Paper Frog","Oddly Smooth Stone","Lantern","Anchor"],"potions_floor_usage":[21,21,25,31,39,40,48,50],"damage_taken":[{"damage":11.0,"enemies":"Cultist","floor":1.0,"turns":4.0},{"damage":2.0,"enemies":"Small Slimes","floor":2.0,"turns":3.0},{"damage":2.0,"enemies":"2 Louse","floor":5.0,"turns":2.0},{"damage":23.0,"enemies":"Gremlin Nob","floor":6.0,"turns":5.0},{"damage":17.0,"enemies":"3 Sentries","floor":8.0,"turns":5.0},{"damage":11.0,"enemies":"Large Slime","floor":10.0,"turns":5.0},{"damage":17.0,"enemies":"The Mushroom Lair","floor":13.0,"turns":4.0},{"damage":59.0,"enemies":"The Guardian","floor":16.0,"turns":12.0},{"damage":28,"enemies":"3 Byrds","floor":18,"turns":3},{"damage":19,"enemies":"Chosen","floor":20,"turns":5},{"damage":4,"enemies":"Snake Plant","floor":21,"turns":4},{"damage":47,"enemies":"Slavers","floor":25,"turns":5},{"damage":32,"enemies":"Cultist and Chosen","floor":28,"turns":7},{"damage":16,"enemies":"Book of Stabbing","floor":31,"turns":7},{"damage":40,"enemies":"Automaton","floor":33,"turns":9},{"damage":28,"enemies":"3 Shapes","floor":35,"turns":4},{"damage":31,"enemies":"3 Darklings","floor":36,"turns":5},{"damage":35,"enemies":"Writhing Mass","floor":39,"turns":7},{"damage":2,"enemies":"Reptomancer","floor":40,"turns":4},{"damage":22,"enemies":"Spire Growth","floor":45,"turns":4},{"damage":25,"enemies":"Nemesis","floor":48,"turns":5},{"damage":60,"enemies":"Donu and Deca","floor":50,"turns":5}],"seed_played":"4657503914037790620","potions_obtained":[{"floor":5.0,"key":"Dexterity Potion"},{"floor":6.0,"key":"Dexterity Potion"},{"floor":10.0,"key":"Dexterity Potion"},{"floor":16.0,"key":"SpeedPotion"},{"floor":20,"key":"EssenceOfSteel"},{"floor":21,"key":"GamblersBrew"},{"floor":28,"key":"BloodPotion"},{"floor":35,"key":"SteroidPotion"},{"floor":36,"key":"Regen Potion"},{"floor":40,"key":"Block Potion"},{"floor":48,"key":"GamblersBrew"}],"is_trial":false,"path_per_floor":["M","M","?","$","M","E","R","E","T","M","R","$","?","?","R","B",null,"M","?","M","M","$","R","?","E","T","R","M","T","R","E","R","B",null,"M","M","$","?","M","E","R","?","T","$","M","$","R","E","R","B"],"character_chosen":"IRONCLAD","items_purchased":["EssenceOfSteel","Disarm","Armaments","Omamori","Rupture","Lantern","Reaper"],"campfire_rested":2,"item_purchase_floors":[4,12,12,22,37,44,44],"current_hp_per_floor":[83,87,69,69,73,56,56,47,47,44,44,44,35,64,64,13,88,66,60,49,53,53,53,82,43,43,43,19,26,26,27,55,23,95,73,50,50,50,38,44,44,44,44,44,30,30,58,42,42,0],"gold":48,"neow_bonus":"TEN_PERCENT_HP_BONUS","is_prod":false,"is_daily":false,"chose_seed":false,"campfire_upgraded":7,"win_rate":0,"timestamp":1550330876,"path_taken":["M","M","?","$","M","E","R","E","T","M","R","$","?","?","R","BOSS","M","?","M","M","$","R","?","E","T","R","M","?","R","E","R","BOSS","M","M","$","?","?","E","R","?","T","$","M","?","R","E","R","BOSS"],"build_version":"2019-01-23","purchased_purges":1,"victory":false,"max_hp_per_floor":[88,88,88,88,88,88,88,88,88,88,88,88,88,88,88,88,88,88,88,88,88,88,88,88,88,88,88,88,95,95,95,95,95,95,95,95,95,95,95,95,95,95,95,95,95,95,95,95,95,95],"card_choices":[{"not_picked":["Shrug It Off","Havoc"],"picked":"Clash","floor":1.0},{"not_picked":["Warcry","Iron Wave"],"picked":"Corruption","floor":2.0},{"not_picked":["Iron Wave","Uppercut"],"picked":"Combust","floor":5.0},{"not_picked":["True Grit","Bludgeon"],"picked":"Battle Trance","floor":6.0},{"not_picked":["Armaments","Body Slam"],"picked":"Pommel Strike","floor":8.0},{"not_picked":["Wild Strike","Thunderclap"],"picked":"Clothesline","floor":10.0},{"not_picked":["Sword Boomerang","Carnage"],"picked":"Entrench","floor":13.0},{"not_picked":["Bludgeon","Double Tap"],"picked":"Demon Form","floor":16.0},{"not_picked":["Armaments","Carnage"],"picked":"Sword Boomerang","floor":18},{"not_picked":["Twin Strike+1","Dual Wield"],"picked":"Intimidate","floor":20},{"not_picked":["Havoc","Power Through"],"picked":"Shrug It Off","floor":21},{"not_picked":["Heavy Blade","Sword Boomerang"],"picked":"Flame Barrier","floor":25},{"not_picked":["Iron Wave","Reckless Charge","Shrug It Off"],"picked":"SKIP","floor":28},{"not_picked":["Searing Blow","Whirlwind","Blood for Blood"],"picked":"SKIP","floor":31},{"not_picked":["Demon Form","Feed"],"picked":"Fiend Fire","floor":33},{"not_picked":["Anger+1","Bloodletting"],"picked":"Body Slam+1","floor":35},{"not_picked":["Havoc","Anger+1"],"picked":"Headbutt+1","floor":36},{"not_picked":["True Grit","Warcry+1"],"picked":"Shrug It Off","floor":39},{"not_picked":["Searing Blow+1","Reaper","Clash+1"],"picked":"SKIP","floor":40},{"not_picked":["Panacea","Blind"],"picked":"Trip","floor":42},{"not_picked":["Heavy Blade","Iron Wave"],"picked":"Seeing Red+1","floor":45},{"not_picked":["Pommel Strike","Hemokinesis+1"],"picked":"True Grit","floor":48}],"player_experience":179679,"relics_obtained":[{"floor":6.0,"key":"Blood Vial"},{"floor":8.0,"key":"Bottled Tornado"},{"floor":13.0,"key":"Odd Mushroom"},{"floor":25,"key":"Happy Flower"},{"floor":26,"key":"Art of War"},{"floor":29,"key":"Strawberry"},{"floor":31,"key":"Bag of Marbles"},{"floor":40,"key":"Paper Frog"},{"floor":43,"key":"Oddly Smooth Stone"},{"floor":48,"key":"Anchor"}],"event_choices":[{"damage_healed":0.0,"max_hp_gain":0.0,"max_hp_loss":0.0,"gold_gain":0.0,"event_name":"Shining Light","player_choice":"Entered Light","floor":3.0,"gold_loss":0.0,"damage_taken":18.0,"cards_upgraded":["Defend_R","Strike_R"]},{"damage_healed":0.0,"max_hp_gain":0.0,"max_hp_loss":0.0,"gold_gain":0.0,"event_name":"Mushrooms","player_choice":"Fought Mushrooms","floor":13.0,"gold_loss":0.0,"damage_taken":0.0},{"damage_healed":29.0,"max_hp_gain":0.0,"max_hp_loss":0.0,"gold_gain":0.0,"event_name":"Big Fish","player_choice":"Banana","floor":14.0,"gold_loss":0.0,"damage_taken":0.0},{"damage_healed":0,"gold_gain":0,"player_choice":"Joined the Cult","damage_taken":6,"max_hp_gain":0,"max_hp_loss":0,"event_name":"Nest","floor":19,"gold_loss":0,"cards_obtained":["RitualDagger"]},{"damage_healed":29,"gold_gain":0,"player_choice":"Heal","damage_taken":0,"max_hp_gain":0,"max_hp_loss":0,"event_name":"The Library","floor":24,"gold_loss":0},{"damage_healed":0,"gold_gain":0,"player_choice":"1 cards matched","damage_taken":0,"max_hp_gain":0,"max_hp_loss":0,"event_name":"Match and Keep!","floor":38,"gold_loss":0,"cards_obtained":["Dramatic Entrance"]},{"damage_healed":0,"gold_gain":0,"player_choice":"Memory 1","damage_taken":0,"max_hp_gain":0,"max_hp_loss":0,"event_name":"SensoryStone","floor":42,"gold_loss":0}],"is_beta":false,"boss_relics":[{"not_picked":["White Beast Statue","Eternal Feather"],"picked":"Cursed Key"},{"not_picked":["Lizard Tail","Pandora\u0027s Box"],"picked":"Snecko Eye"}],"items_purged_floors":[37],"is_endless":false,"potions_floor_spawned":[5,6,10,16,20,21,28,35,36,40,48],"killed_by":"Donu and Deca","ascension_level":2}