{"gold_per_floor":[359,54,72,37,52,52,81,81,81,81,108,128,156,167,167,243,243,262,262,281,97,97,130,130,158,158,158,168,195,109,109,109,186,186,198,121,121,134,150,150,181,191,239,265,275,300,314,347,347,347,347,347,347,18,52,52],"floor_reached":56,"playtime":5494,"items_purged":["Regret","Writhe"],"score":2311,"play_id":"b87f49b4-4ab4-4d24-8bf8-3a77f19645c6","local_time":"20190114000431","is_ascension_mode":true,"campfire_choices":[{"data":"hubris:SharpeningStone","floor":6.0,"key":"SMITH"},{"data":"Spot Weakness","floor":8.0,"key":"SMITH"},{"data":"Whirlwind","floor":15.0,"key":"SMITH"},{"data":"Intimidate","floor":24.0,"key":"SMITH"},{"floor":27.0,"key":"REST"},{"floor":32.0,"key":"REST"},{"data":"Burning Pact","floor":40.0,"key":"SMITH"},{"floor":49,"key":"RECALL"},{"data":"Ghostly","floor":53,"key":"SMITH"}],"neow_cost":"CURSE","seed_source_timestamp":0,"circlet_count":0,"master_deck":["AscendersBane","Strike_R","Strike_R","Strike_R","Strike_R","Strike_R","Defend_R","Defend_R","Defend_R+1","Defend_R","Bash","hubris:SharpeningStone+1","Feed","Shrug It Off","Spot Weakness+1","Heavy Blade+1","Flame Barrier+1","Juggernaut+1","Whirlwind+1","Intimidate+1","Brutality+1","Shrug It Off","Rupture+1","Metallicize+1","Ghostly","Ghostly+1","Ghostly","Burning Pact","Barricade+1","Metallicize+1","Feel No Pain+1","Corruption+1","Exhume","Reaper","Burning Pact+1","Sentinel","Heavy Blade","Fiend Fire","Feel No Pain+1","Exhume"],"special_seed":0,"relics":["Burning Blood","Pantograph","Frozen Egg 2","Bronze Scales","hubris:SphereOfDissonance","Mark of Pain","War Paint","Orichalcum","hubris:PeanutButter","Bottled Tornado","Regal Pillow","hubris:ScarierMask","hubris:DeckOfHolding","hubris:ToyBattleship","Dream Catcher","Oddly Smooth Stone","Charon\u0027s Ashes","Calipers"],"potions_floor_usage":[46],"damage_taken":[{"damage":17.0,"enemies":"Jaw Worm","floor":1.0,"turns":4.0},{"damage":13.0,"enemies":"2 Louse","floor":3.0,"turns":3.0},{"damage":10.0,"enemies":"Cultist","floor":5.0,"turns":5.0},{"damage":27.0,"enemies":"3 Sentries","floor":7.0,"turns":7.0},{"damage":11.0,"enemies":"Gremlin Nob","floor":11.0,"turns":3.0},{"damage":7.0,"enemies":"2 Fungi Beasts","floor":12.0,"turns":4.0},{"damage":20.0,"enemies":"3 Sentries","floor":13.0,"turns":5.0},{"damage":0.0,"enemies":"Looter","floor":14.0,"turns":2.0},{"damage":58.0,"enemies":"Slime Boss","floor":16.0,"turns":10.0},{"damage":19.0,"enemies":"Chosen","floor":18.0,"turns":5.0},{"damage":1.0,"enemies":"3 Byrds","floor":20.0,"turns":2.0},{"damage":29.0,"enemies":"Book of Stabbing","floor":23.0,"turns":5.0},{"damage":16.0,"enemies":"Gremlin Leader","floor":25.0,"turns":7.0},{"damage":0.0,"enemies":"Snake Plant","floor":28.0,"turns":3.0},{"damage":18.0,"enemies":"Book of Stabbing","floor":29.0,"turns":6.0},{"damage":12.0,"enemies":"Automaton","floor":33.0,"turns":11.0},{"damage":6.0,"enemies":"Orb Walker","floor":35.0,"turns":5.0},{"damage":20.0,"enemies":"3 Shapes","floor":38.0,"turns":4.0},{"damage":0.0,"enemies":"3 Darklings","floor":39.0,"turns":6.0},{"damage":0.0,"enemies":"Giant Head","floor":41.0,"turns":7.0},{"damage":4.0,"enemies":"Jaw Worm Horde","floor":42.0,"turns":2.0},{"damage":21,"enemies":"Reptomancer","floor":44,"turns":8},{"damage":59,"enemies":"Transient","floor":45,"turns":6},{"damage":6,"enemies":"Giant Head","floor":46,"turns":7},{"damage":0,"enemies":"4 Shapes","floor":47,"turns":6},{"damage":11,"enemies":"Nemesis","floor":48,"turns":7},{"damage":28,"enemies":"Time Eater","floor":50,"turns":10},{"damage":11,"enemies":"hubris:GrandSnecko","floor":51,"turns":20},{"damage":33,"enemies":"Shield and Spear","floor":55,"turns":5},{"damage":82,"enemies":"The Heart","floor":56,"turns":3}],"seed_played":"-5057196733604794312","potions_obtained":[{"floor":5.0,"key":"SkillPotion"},{"floor":7.0,"key":"Poison Potion"},{"floor":11.0,"key":"Poison Potion"},{"floor":12.0,"key":"LiquidBronze"},{"floor":14.0,"key":"Block Potion"},{"floor":23.0,"key":"EssenceOfSteel"},{"floor":25.0,"key":"Poison Potion"},{"floor":28.0,"key":"SkillPotion"},{"floor":29.0,"key":"Swift Potion"},{"floor":35.0,"key":"Energy Potion"},{"floor":42.0,"key":"SteroidPotion"},{"floor":46,"key":"Dexterity Potion"}],"is_trial":false,"path_per_floor":["M","$","M","?","M","R","E","R","T","?","E","M","E","M","R","B",null,"M","?","M","$","?","E","R","E","T","R","M","E","$","?","R","B",null,"M","$","?","M","M","R","E","M","T","E","M","E","M","E","R","B","B",null,"R","$","E","B"],"character_chosen":"IRONCLAD","items_purchased":["Feed","Shrug It Off","Metallicize+1","Corruption+1","Reaper","Charon\u0027s Ashes"],"campfire_rested":2,"item_purchase_floors":[2,2,21,30,36,54],"current_hp_per_floor":[57,57,53,72,71,71,53,53,53,53,48,47,36,42,42,15,69,56,56,61,61,43,20,20,10,10,22,28,16,16,16,43,40,45,45,45,45,34,43,43,55,61,61,64,22,44,53,66,66,68,71,75,75,75,59,0],"gold":52,"neow_bonus":"TWO_FIFTY_GOLD","is_prod":false,"is_daily":false,"chose_seed":false,"campfire_upgraded":6,"win_rate":0,"timestamp":1547420671,"path_taken":["M","$","M","?","M","R","E","R","T","?","E","?","E","M","R","BOSS","M","?","M","$","?","E","R","E","T","R","M","E","$","?","R","BOSS","M","$","?","M","M","R","E","M","T","E","M","E","M","E","R","BOSS","BOSS","R","$","E","BOSS"],"build_version":"2019-01-10","purchased_purges":2,"victory":false,"max_hp_per_floor":[75,75,78,78,81,81,84,84,84,84,84,84,87,87,87,87,87,87,87,87,87,43,43,43,43,43,43,43,43,43,43,43,46,46,46,46,46,49,52,52,55,61,61,64,64,67,70,73,73,76,76,76,76,76,76,76],"card_choices":[{"not_picked":["Dropkick","Clothesline"],"picked":"hubris:SharpeningStone","floor":1.0},{"not_picked":["Flame Barrier","True Grit"],"picked":"Spot Weakness","floor":3.0},{"not_picked":["Thunderclap","Flex"],"picked":"Heavy Blade","floor":5.0},{"not_picked":["Pummel","hubris:SharpeningStone"],"picked":"Flame Barrier","floor":7.0},{"not_picked":["Pommel Strike","Shockwave"],"picked":"Juggernaut+1","floor":11.0},{"not_picked":["Rupture+1","Heavy Blade"],"picked":"Whirlwind","floor":12.0},{"not_picked":["Sword Boomerang","Headbutt"],"picked":"Intimidate","floor":13.0},{"not_picked":["Clothesline","hubris:CleavingFinish","Armaments"],"picked":"SKIP","floor":14.0},{"not_picked":["Exhume","Fiend Fire"],"picked":"Brutality+1","floor":16.0},{"not_picked":["Warcry","Dual Wield"],"picked":"Shrug It Off","floor":18.0},{"not_picked":["Twin Strike","Rampage"],"picked":"Rupture+1","floor":20.0},{"not_picked":["Carnage+1","hubris:CleavingFinish"],"picked":"Burning Pact","floor":23.0},{"not_picked":["Clash","Wild Strike"],"picked":"Barricade+1","floor":25.0},{"not_picked":["Havoc+1","Perfected Strike"],"picked":"Metallicize+1","floor":28.0},{"not_picked":["Cleave","Entrench"],"picked":"Feel No Pain+1","floor":29.0},{"not_picked":["Bludgeon","Feed"],"picked":"Exhume","floor":33.0},{"not_picked":["Cleave","Rage","Clash"],"picked":"SKIP","floor":35.0},{"not_picked":["Anger","hubris:SharpeningStone+1"],"picked":"Burning Pact","floor":38.0},{"not_picked":["Havoc","Warcry"],"picked":"Sentinel","floor":39.0},{"not_picked":["Seeing Red+1","Armaments"],"picked":"Heavy Blade","floor":41.0},{"not_picked":["Heavy Blade+1","Wild Strike+1","Headbutt"],"picked":"SKIP","floor":42.0},{"not_picked":["Pommel Strike","Cleave"],"picked":"Fiend Fire","floor":44},{"not_picked":["Perfected Strike+1","Reckless Charge","Clash"],"picked":"SKIP","floor":45},{"not_picked":["Clothesline","Feed"],"picked":"Feel No Pain+1","floor":46},{"not_picked":["Power Through","hubris:ReadiedAction+1","Bloodletting"],"picked":"SKIP","floor":47},{"not_picked":["Seeing Red","Sword Boomerang","Perfected Strike"],"picked":"SKIP","floor":48},{"not_picked":["Perfected Strike+1","Immolate"],"picked":"Exhume","floor":55}],"player_experience":1098368,"relics_obtained":[{"floor":7.0,"key":"Pantograph"},{"floor":9.0,"key":"Frozen Egg 2"},{"floor":11.0,"key":"Bronze Scales"},{"floor":13.0,"key":"hubris:SphereOfDissonance"},{"floor":23.0,"key":"Orichalcum"},{"floor":25.0,"key":"hubris:PeanutButter"},{"floor":26.0,"key":"Bottled Tornado"},{"floor":29.0,"key":"Regal Pillow"},{"floor":41.0,"key":"hubris:DeckOfHolding"},{"floor":44,"key":"hubris:ToyBattleship"},{"floor":46,"key":"Dream Catcher"},{"floor":48,"key":"Oddly Smooth Stone"},{"floor":55,"key":"Calipers"}],"event_choices":[{"damage_healed":19.0,"max_hp_gain":0.0,"max_hp_loss":0.0,"gold_gain":0.0,"event_name":"The Cleric","player_choice":"Healed","floor":4.0,"gold_loss":35.0,"damage_taken":0.0},{"damage_healed":0.0,"max_hp_gain":0.0,"max_hp_loss":0.0,"gold_gain":0.0,"event_name":"Accursed Blacksmith","player_choice":"Forge","floor":10.0,"gold_loss":0.0,"damage_taken":0.0,"cards_upgraded":["Heavy Blade"]},{"damage_healed":0.0,"max_hp_gain":0.0,"max_hp_loss":0.0,"gold_gain":0.0,"event_name":"The Mausoleum","player_choice":"Opened","floor":19.0,"gold_loss":0.0,"damage_taken":0.0,"relics_obtained":["War Paint"],"cards_obtained":["Writhe"]},{"damage_healed":0.0,"max_hp_gain":0.0,"max_hp_loss":44.0,"gold_gain":0.0,"event_name":"Ghosts","player_choice":"Became a Ghost","floor":22.0,"gold_loss":0.0,"damage_taken":0.0,"cards_obtained":["Ghostly","Ghostly","Ghostly"]},{"damage_healed":0.0,"max_hp_gain":0.0,"max_hp_loss":0.0,"gold_gain":0.0,"event_name":"Cursed Tome","player_choice":"Ignored","floor":31.0,"gold_loss":0.0,"damage_taken":0.0}],"is_beta":false,"boss_relics":[{"not_picked":["Eternal Feather","Runic Dome"],"picked":"Mark of Pain"},{"not_picked":["hubris:BlackHole","Black Blood"],"picked":"hubris:ScarierMask"}],"items_purged_floors":[2,21],"is_endless":false,"potions_floor_spawned":[5,7,11,12,14,23,25,28,29,35,42,44,45,46],"killed_by":"The Heart","ascension_level":20}