{"gold_per_floor":[10,20,20,30,42,42,68,82,82,47,74,85,85,116,116,195,195,207,223,148,167,4,4],"floor_reached":23,"playtime":973,"items_purged":[],"score":426,"play_id":"bfccf3af-c856-47aa-a0fe-d2c449ecc6f7","local_time":"20190725145550","is_ascension_mode":true,"campfire_choices":[{"data":"Flechettes","floor":6,"key":"SMITH"},{"floor":13,"key":"REST"},{"floor":15,"key":"REST"}],"neow_cost":"NO_GOLD","seed_source_timestamp":17767822400448,"circlet_count":0,"master_deck":["AscendersBane","Strike_G","Strike_G","Strike_G","Strike_G","Defend_G","Defend_G","Defend_G","Defend_G","Defend_G","Survivor","Neutralize","Flechettes+1","Cloak And Dagger","PiercingWail","Escape Plan","Dagger Spray","Flying Knee","Noxious Fumes","Die Die Die","Noxious Fumes","Deadly Poison","Wraith Form v2","Footwork","Crippling Poison"],"relics":["Ring of the Snake","Torii","Gambling Chip","Mummified Hand","Blood Vial","Nunchaku","Cursed Key","Orichalcum"],"potions_floor_usage":[16,16],"damage_taken":[{"damage":2,"enemies":"2 Louse","floor":1,"turns":3},{"damage":2,"enemies":"Cultist","floor":2,"turns":4},{"damage":0,"enemies":"Small Slimes","floor":4,"turns":3},{"damage":1,"enemies":"2 Fungi Beasts","floor":5,"turns":3},{"damage":23,"enemies":"3 Sentries","floor":7,"turns":10},{"damage":8,"enemies":"Exordium Thugs","floor":8,"turns":4},{"damage":38,"enemies":"Lagavulin","floor":11,"turns":10},{"damage":2,"enemies":"Large Slime","floor":12,"turns":7},{"damage":12,"enemies":"3 Sentries","floor":14,"turns":6},{"damage":18,"enemies":"Slime Boss","floor":16,"turns":6},{"damage":21,"enemies":"Spheric Guardian","floor":18,"turns":7},{"damage":22,"enemies":"3 Byrds","floor":19,"turns":5},{"damage":13,"enemies":"Sentry and Sphere","floor":21,"turns":6},{"damage":9,"enemies":"Slavers","floor":23,"turns":3}],"seed_played":"-2595195520058321016","potions_obtained":[{"floor":1,"key":"Energy Potion"},{"floor":4,"key":"EssenceOfSteel"},{"floor":7,"key":"FearPotion"},{"floor":8,"key":"Fire Potion"}],"is_trial":false,"path_per_floor":["M","M","?","M","M","R","E","M","T","?","E","M","R","E","R","B",null,"M","M","?","M","$","E"],"character_chosen":"THE_SILENT","items_purchased":["Orichalcum"],"campfire_rested":2,"item_purchase_floors":[22],"current_hp_per_floor":[57,55,55,55,54,54,31,23,23,39,1,1,20,10,29,13,53,34,14,14,3,3,0],"gold":4,"neow_bonus":"ONE_RARE_RELIC","is_prod":false,"is_daily":false,"chose_seed":false,"campfire_upgraded":1,"win_rate":0,"timestamp":1564059350,"path_taken":["M","M","?","M","M","R","E","?","T","?","E","M","R","E","R","BOSS","M","M","?","M","$","E"],"build_version":"2019-07-17","purchased_purges":0,"victory":false,"max_hp_per_floor":[66,66,66,66,66,66,66,66,66,66,66,66,66,66,66,66,66,66,66,66,66,66,66],"card_choices":[{"not_picked":["Bane","Prepared"],"picked":"Flechettes","floor":1},{"not_picked":["Flying Knee","Prepared"],"picked":"Cloak And Dagger","floor":2},{"not_picked":["Prepared","Deflect"],"picked":"Dagger Spray","floor":4},{"not_picked":["Escape Plan","Deflect"],"picked":"Flying Knee","floor":5},{"not_picked":["Cloak And Dagger","Infinite Blades"],"picked":"Noxious Fumes","floor":7},{"not_picked":["Deadly Poison","Deflect"],"picked":"Die Die Die","floor":8},{"not_picked":["Bouncing Flask","Endless Agony"],"picked":"Noxious Fumes","floor":11},{"not_picked":["Finisher","Setup"],"picked":"Deadly Poison","floor":12},{"not_picked":["Sucker Punch","Bane","Poisoned Stab"],"picked":"SKIP","floor":14},{"not_picked":["Adrenaline","A Thousand Cuts"],"picked":"Wraith Form v2","floor":16},{"not_picked":["Outmaneuver","Blade Dance"],"picked":"Footwork","floor":18},{"not_picked":["Dagger Spray","Predator","Eviscerate"],"picked":"SKIP","floor":19},{"not_picked":["Slice","Dagger Spray"],"picked":"Crippling Poison","floor":21}],"player_experience":1846376,"relics_obtained":[{"floor":7,"key":"Gambling Chip"},{"floor":9,"key":"Mummified Hand"},{"floor":11,"key":"Blood Vial"},{"floor":14,"key":"Nunchaku"}],"event_choices":[{"damage_healed":0,"gold_gain":0,"player_choice":"2 cards matched","damage_taken":0,"max_hp_gain":0,"max_hp_loss":0,"event_name":"Match and Keep!","floor":3,"gold_loss":0,"cards_obtained":["PiercingWail","Escape Plan"]},{"damage_healed":16,"gold_gain":0,"player_choice":"Healed","damage_taken":0,"max_hp_gain":0,"max_hp_loss":0,"event_name":"The Cleric","floor":10,"gold_loss":35},{"cards_removed":["Strike_G"],"damage_healed":0,"gold_gain":0,"player_choice":"Gave Gold","damage_taken":0,"max_hp_gain":0,"max_hp_loss":0,"event_name":"Beggar","floor":20,"gold_loss":75}],"is_beta":false,"boss_relics":[{"not_picked":["WristBlade","Velvet Choker"],"picked":"Cursed Key"}],"items_purged_floors":[],"is_endless":false,"potions_floor_spawned":[1,4,7,8,11],"killed_by":"Slavers","ascension_level":20}