{"gold_per_floor":[117,136,149,169,169,169,202,202,202,127,147,161,161,161,161,161],"floor_reached":16,"playtime":515,"items_purged":["Strike_R"],"score":143,"play_id":"e3b45952-3fc7-406c-bae1-8a576d2c5e0e","local_time":"20190823182950","is_ascension_mode":true,"campfire_choices":[{"data":"Bash","floor":6,"key":"SMITH"},{"floor":8,"key":"REST"},{"floor":13,"key":"REST"},{"data":"Sword Boomerang","floor":15,"key":"SMITH"}],"neow_cost":"NONE","seed_source_timestamp":751612276945300,"circlet_count":0,"master_deck":["Strike_R+1","Strike_R+1","Defend_R","Defend_R","Defend_R","Defend_R","Bash+1","Sword Boomerang+1","Offering","Entrench"],"relics":["Burning Blood","Whetstone","Lantern"],"potions_floor_usage":[7],"damage_taken":[{"damage":10,"enemies":"Cultist","floor":1,"turns":4},{"damage":10,"enemies":"Small Slimes","floor":2,"turns":4},{"damage":7,"enemies":"Jaw Worm","floor":3,"turns":3},{"damage":21,"enemies":"Blue Slaver","floor":4,"turns":3},{"damage":32,"enemies":"Gremlin Nob","floor":7,"turns":4},{"damage":6,"enemies":"Large Slime","floor":11,"turns":3},{"damage":29,"enemies":"Exordium Thugs","floor":12,"turns":5},{"damage":68,"enemies":"Slime Boss","floor":16,"turns":6}],"seed_played":"-8583216186715241857","potions_obtained":[{"floor":2,"key":"Ancient Potion"},{"floor":4,"key":"Swift Potion"},{"floor":11,"key":"EssenceOfSteel"}],"is_trial":false,"path_per_floor":["M","M","M","M","?","R","E","R","T","$","M","M","R","?","R","B"],"character_chosen":"IRONCLAD","items_purchased":[],"campfire_rested":2,"item_purchase_floors":[],"current_hp_per_floor":[76,72,71,56,56,56,30,56,56,56,56,33,59,59,59,0],"gold":161,"neow_bonus":"TEN_PERCENT_HP_BONUS","is_prod":false,"is_daily":false,"chose_seed":false,"campfire_upgraded":2,"win_rate":0,"timestamp":1566556190,"path_taken":["M","?","M","M","?","R","E","R","T","$","M","?","R","?","R","BOSS"],"build_version":"2019-07-17","purchased_purges":1,"victory":false,"max_hp_per_floor":[88,88,88,88,88,88,88,88,88,88,88,88,88,88,88,88],"card_choices":[{"not_picked":["Warcry","Pommel Strike"],"picked":"Sword Boomerang","floor":1},{"not_picked":["Wild Strike","Flex","Havoc"],"picked":"SKIP","floor":2},{"not_picked":["Sword Boomerang","True Grit","Anger"],"picked":"SKIP","floor":3},{"not_picked":["Clash","Warcry","True Grit"],"picked":"SKIP","floor":4},{"not_picked":["Sword Boomerang","Havoc"],"picked":"Offering","floor":7},{"not_picked":["Carnage","Evolve","Clash"],"picked":"SKIP","floor":11},{"not_picked":["Carnage","Anger","Clash"],"picked":"SKIP","floor":12}],"player_experience":296443,"relics_obtained":[{"floor":7,"key":"Whetstone"},{"floor":9,"key":"Lantern"}],"event_choices":[{"cards_removed":["Strike_R"],"damage_healed":0,"gold_gain":0,"player_choice":"Purged","damage_taken":0,"max_hp_gain":0,"max_hp_loss":0,"event_name":"Purifier","floor":5,"gold_loss":0},{"damage_healed":0,"gold_gain":0,"cards_transformed":["Strike_R"],"player_choice":"Change","damage_taken":0,"max_hp_gain":0,"max_hp_loss":0,"event_name":"Living Wall","floor":14,"gold_loss":0,"cards_obtained":["Entrench"]}],"is_beta":false,"boss_relics":[],"items_purged_floors":[10],"is_endless":false,"potions_floor_spawned":[2,4,11],"killed_by":"Slime Boss","ascension_level":8}