{"path_per_floor":["M","?","M","M","M","R","E","R","T","M","R","M","M","M","R","B",null,"M","M","?","T","M","R"],"character_chosen":"DEFECT","items_purchased":[],"gold_per_floor":[113,113,126,142,155,155,182,182,205,219,219,230,244,254,254,350,350,368,383,383,433,451,451,451],"floor_reached":24,"campfire_rested":2,"playtime":950,"item_purchase_floors":[],"current_hp_per_floor":[60,46,46,46,23,44,33,33,33,21,21,11,11,11,32,32,63,62,49,49,49,39,39,0],"items_purged":[],"gold":451,"score":353,"play_id":"5a6127bf-0b43-4046-b3f8-535a2730174f","local_time":"20180611090100","is_prod":false,"is_daily":false,"chose_seed":false,"is_ascension_mode":true,"campfire_upgraded":3,"win_rate":0,"timestamp":1528700460,"campfire_choices":[{"floor":6,"key":"REST"},{"data":"Zap","floor":8,"key":"SMITH"},{"data":"Hello World","floor":11,"key":"SMITH"},{"floor":15,"key":"REST"},{"data":"Defragment","floor":23,"key":"SMITH"}],"path_taken":["M","?","M","M","M","R","E","R","T","M","R","M","M","M","R","BOSS","M","M","?","?","?","R","E"],"build_version":"2018-06-08","seed_source_timestamp":2260485844191,"purchased_purges":0,"victory":false,"master_deck":["Strike_B+1","Strike_B","Strike_B","Strike_B","Defend_B","Defend_B","Defend_B","Defend_B","Zap+1","Dualcast+1","Leap","Hello World+1","Conserve Battery","Glacier","Doom and Gloom","Thunder Strike","Hello World","Conserve Battery","Ball Lightning","Core Surge","Compile Driver","Lockon","Defragment+1","Doom and Gloom+1"],"max_hp_per_floor":[68,68,68,68,73,73,73,73,73,73,73,73,73,73,73,73,73,73,73,73,73,73,73,73],"relics":["Cracked Core","Torii","Bag of Marbles","DataDisk","Inserter","Boot"],"card_choices":[{"not_picked":["Stack","FTL"],"picked":"Leap","floor":1},{"not_picked":["Compile Driver","Streamline"],"picked":"Hello World","floor":3},{"not_picked":["Heatsinks","Leap"],"picked":"Conserve Battery","floor":4},{"not_picked":["Rebound","Ball Lightning"],"picked":"Glacier","floor":5},{"not_picked":["Sweeping Beam","Conserve Battery"],"picked":"Doom and Gloom","floor":7},{"not_picked":["Go for the Eyes","Steam"],"picked":"Thunder Strike","floor":10},{"not_picked":["Steam Power","Redo"],"picked":"Hello World","floor":12},{"not_picked":["Go for the Eyes","Barrage"],"picked":"Conserve Battery","floor":13},{"not_picked":["Darkness","Go for the Eyes"],"picked":"Ball Lightning","floor":14},{"not_picked":["Meteor Strike","Thunder Strike"],"picked":"Core Surge","floor":16},{"not_picked":["Hologram","Skim"],"picked":"Compile Driver","floor":18},{"not_picked":["Hologram","Go for the Eyes"],"picked":"Lockon","floor":19},{"not_picked":["Streamline","Go for the Eyes"],"picked":"Doom and Gloom+1","floor":22}],"player_experience":307757,"potions_floor_usage":[5,13,13,19,19,22,22],"damage_taken":[{"damage":8,"enemies":"Jaw Worm","floor":1,"turns":3},{"damage":0,"enemies":"2 Louse","floor":3,"turns":2},{"damage":0,"enemies":"Cultist","floor":4,"turns":3},{"damage":28,"enemies":"Exordium Thugs","floor":5,"turns":6},{"damage":11,"enemies":"Lagavulin","floor":7,"turns":9},{"damage":12,"enemies":"Large Slime","floor":10,"turns":4},{"damage":10,"enemies":"Exordium Wildlife","floor":12,"turns":4},{"damage":0,"enemies":"Gremlin Gang","floor":13,"turns":1},{"damage":0,"enemies":"Blue Slaver","floor":14,"turns":3},{"damage":0,"enemies":"The Guardian","floor":16,"turns":11},{"damage":1,"enemies":"Spheric Guardian","floor":18,"turns":4},{"damage":13,"enemies":"Shell Parasite","floor":19,"turns":5},{"damage":10,"enemies":"Centurion and Healer","floor":22,"turns":7},{"damage":42,"enemies":"Slavers","floor":24,"turns":2}],"relics_obtained":[{"floor":7,"key":"Bag of Marbles"},{"floor":9,"key":"DataDisk"},{"floor":21,"key":"Boot"}],"event_choices":[{"event_name":"Shining Light","player_choice":"Entered Light","floor":2,"damage_taken":0},{"event_name":"The Library","player_choice":"Read","floor":20,"damage_taken":0}],"boss_relics":[{"not_picked":["Nuclear Battery","Astrolabe"],"picked":"Inserter"}],"items_purged_floors":[],"potions_floor_spawned":[4,5,12,16],"seed_played":"171428205084830031","killed_by":"Slavers","ascension_level":8,"potions_obtained":[{"floor":4,"key":"Fruit Juice"},{"floor":5,"key":"Strength Potion"},{"floor":12,"key":"PowerPotion"},{"floor":16,"key":"EntropicBrew"}],"is_trial":false}