{"path_per_floor":["M","?","$","?","M","E","R","M","T","M","R","M","?","T","R","B",null,"M","$","?","?","M","R","E","M","T","M","R","M","R","?","R","B",null,"M","?","M","T","M","R","?","M","T","?","E","$","R","$","R","B"],"character_chosen":"DEFECT","items_purchased":["Unceasing Top"],"gold_per_floor":[116,116,41,116,133,158,158,173,173,186,186,200,200,200,200,301,301,312,232,232,155,170,170,200,214,260,280,280,299,299,214,214,311,311,321,321,336,360,376,376,376,392,392,392,421,321,321,71,71,71],"floor_reached":51,"campfire_rested":3,"playtime":3868,"item_purchase_floors":[48],"current_hp_per_floor":[75,60,60,49,49,49,49,48,48,37,37,32,57,71,89,81,89,89,89,89,89,71,71,36,29,29,26,26,13,39,39,65,62,89,74,74,63,63,55,55,77,71,71,82,67,67,67,67,67,43],"items_purged":["Strike_B","Streamline","Dualcast"],"gold":71,"score":790,"play_id":"c4c29f88-fcac-457f-8f74-126a0fbda6ef","local_time":"20180613134617","is_prod":false,"is_daily":false,"chose_seed":false,"is_ascension_mode":true,"campfire_upgraded":7,"win_rate":0,"timestamp":1528868777,"campfire_choices":[{"data":"Zap","floor":7,"key":"SMITH"},{"data":"Defragment","floor":11,"key":"SMITH"},{"floor":15,"key":"REST"},{"data":"Coolheaded","floor":23,"key":"SMITH"},{"data":"Reboot","floor":28,"key":"SMITH"},{"floor":30,"key":"REST"},{"floor":32,"key":"REST"},{"data":"Consume","floor":40,"key":"SMITH"},{"data":"J.A.X.","floor":47,"key":"SMITH"},{"data":"Coolheaded","floor":49,"key":"SMITH"}],"path_taken":["M","?","$","?","M","E","R","M","T","M","R","M","?","?","R","BOSS","M","$","?","?","M","R","E","?","T","M","R","M","R","?","R","BOSS","M","?","M","?","M","R","?","?","T","?","E","$","R","?","R","BOSS"],"build_version":"2018-06-07v3","seed_source_timestamp":175878067911930,"purchased_purges":3,"victory":true,"master_deck":["Zap+1","Coolheaded+1","Defragment+1","Glacier","Echo Form","Gash","Consume+1","Gash","Hologram","Reprogram","Coolheaded+1","Gash","J.A.X.+1","Go for the Eyes","Reboot+1","Scrape+1","Fission","Coolheaded+1","Beam Cell+1","Reprogram+1","Consume+1"],"max_hp_per_floor":[75,75,75,75,75,75,75,75,75,75,75,75,75,89,89,89,89,89,89,89,89,89,89,89,89,89,89,89,89,89,89,89,89,89,89,89,89,89,89,89,89,89,89,89,89,89,89,89,89,89],"relics":["Cracked Core","NeowsBlessing","The Courier","Ornamental Fan","Mango","Pandora\u0027s Box","Centennial Puzzle","Omamori","Oddly Smooth Stone","Inserter","Boot","Pantograph","Ice Cream","Ginger","Unceasing Top"],"card_choices":[{"not_picked":["Ball Lightning","Compile Driver"],"picked":"Coolheaded","floor":1},{"not_picked":["Scrape","Go for the Eyes"],"picked":"Defragment","floor":5},{"not_picked":["Rebound","Lockon"],"picked":"Glacier","floor":6},{"not_picked":["Leap","Sweeping Beam","Streamline"],"picked":"SKIP","floor":8},{"not_picked":["Beam Cell","Leap","Go for the Eyes"],"picked":"SKIP","floor":10},{"not_picked":["Ball Lightning","Barrage","Redo"],"picked":"SKIP","floor":12},{"not_picked":["Seek","Machine Learning"],"picked":"Echo Form","floor":16},{"not_picked":["Barrage","Steam Power","Rip and Tear"],"picked":"SKIP","floor":18},{"not_picked":["Compile Driver+1","Cold Snap"],"picked":"Go for the Eyes","floor":22},{"not_picked":["Ball Lightning","Sweeping Beam+1"],"picked":"Reboot","floor":24},{"not_picked":["Ball Lightning","Self Repair"],"picked":"Scrape+1","floor":25},{"not_picked":["Go for the Eyes","Stack","Steam Power"],"picked":"SKIP","floor":27},{"not_picked":["Rip and Tear","Go for the Eyes","Streamline+1"],"picked":"SKIP","floor":29},{"not_picked":["Hyperbeam","Creative AI"],"picked":"Fission","floor":33},{"not_picked":["Go for the Eyes+1","Fusion"],"picked":"Coolheaded+1","floor":35},{"not_picked":["Streamline+1","Conserve Battery+1","Compile Driver"],"picked":"SKIP","floor":37},{"not_picked":["Stack","Turbo+1","Lockon"],"picked":"SKIP","floor":39},{"not_picked":["Recycle+1","Conserve Battery"],"picked":"Beam Cell+1","floor":42},{"not_picked":["Go for the Eyes+1","Hello World+1"],"picked":"Reprogram+1","floor":44},{"not_picked":["Glacier+1","Steam Power"],"picked":"Consume+1","floor":45}],"player_experience":237992,"potions_floor_usage":[24,24,29,29,50,50],"damage_taken":[{"damage":0,"enemies":"Cultist","floor":1,"turns":1},{"damage":0,"enemies":"Small Slimes","floor":5,"turns":1},{"damage":0,"enemies":"3 Sentries","floor":6,"turns":1},{"damage":1,"enemies":"Jaw Worm","floor":8,"turns":3},{"damage":11,"enemies":"Large Slime","floor":10,"turns":5},{"damage":5,"enemies":"2 Fungi Beasts","floor":12,"turns":3},{"damage":8,"enemies":"The Guardian","floor":16,"turns":19},{"damage":0,"enemies":"Spheric Guardian","floor":18,"turns":4},{"damage":18,"enemies":"Chosen","floor":22,"turns":5},{"damage":35,"enemies":"Slavers","floor":24,"turns":6},{"damage":7,"enemies":"Snake Plant","floor":25,"turns":4},{"damage":3,"enemies":"3 Cultists","floor":27,"turns":4},{"damage":13,"enemies":"Snecko","floor":29,"turns":5},{"damage":3,"enemies":"Champ","floor":33,"turns":7},{"damage":15,"enemies":"Orb Walker","floor":35,"turns":3},{"damage":11,"enemies":"3 Darklings","floor":37,"turns":5},{"damage":8,"enemies":"4 Shapes","floor":39,"turns":7},{"damage":6,"enemies":"Maw","floor":42,"turns":5},{"damage":7,"floor":44,"turns":4},{"damage":15,"enemies":"2 Orb Walkers","floor":45,"turns":4},{"damage":46,"enemies":"Time Eater","floor":50,"turns":70}],"relics_obtained":[{"floor":6,"key":"The Courier"},{"floor":9,"key":"Ornamental Fan"},{"floor":14,"key":"Mango"},{"floor":24,"key":"Centennial Puzzle"},{"floor":26,"key":"Omamori"},{"floor":38,"key":"Boot"},{"floor":43,"key":"Pantograph"},{"floor":44,"key":"Ice Cream"},{"floor":45,"key":"Ginger"}],"event_choices":[{"event_name":"Shining Light","player_choice":"Entered Light","floor":2,"damage_taken":0},{"event_name":"World of Goop","player_choice":"Gather Gold","floor":4,"damage_taken":0},{"event_name":"Big Fish","player_choice":"Banana","floor":13,"damage_taken":0},{"event_name":"Duplicator","player_choice":"One dupe","floor":20,"damage_taken":0},{"event_name":"Drug Dealer","player_choice":"Got JAXXED","floor":21,"damage_taken":0},{"event_name":"Addict","player_choice":"Obtained Relic","floor":31,"damage_taken":0},{"event_name":"Mysterious Sphere","player_choice":"Ignore","floor":36,"damage_taken":0},{"event_name":"Winding Halls","player_choice":"Writhe","floor":41,"damage_taken":0},{"event_name":"MindBloom","player_choice":"Fight","floor":44,"damage_taken":0}],"boss_relics":[{"not_picked":["Tiny House","White Beast Statue"],"picked":"Pandora\u0027s Box"},{"not_picked":["Philosopher\u0027s Stone","Runic Dome"],"picked":"Inserter"}],"items_purged_floors":[3,19,46],"potions_floor_spawned":[5,12,18,24,27,35,44,45],"seed_played":"-507205022219213888","ascension_level":2,"potions_obtained":[{"floor":5,"key":"Block Potion"},{"floor":12,"key":"Swift Potion"},{"floor":18,"key":"PowerPotion"},{"floor":24,"key":"PowerPotion"},{"floor":27,"key":"EssenceOfSteel"},{"floor":35,"key":"Block Potion"},{"floor":44,"key":"EssenceOfSteel"}],"is_trial":false}