{"gold_per_floor":[117,192,208,218,218,218,5,24,76,76,110,123,134,150,150,150],"floor_reached":16,"playtime":644,"items_purged":[],"score":208,"play_id":"651c5603-869a-458f-a0de-de715239d8bc","local_time":"20190816154249","is_ascension_mode":true,"campfire_choices":[{"floor":6.0,"key":"REST"},{"data":"Blade Dance","floor":10.0,"key":"SMITH"},{"floor":15,"key":"REST"}],"neow_cost":"PERCENT_DAMAGE","seed_source_timestamp":0,"circlet_count":0,"master_deck":["AscendersBane","Strike_G","Strike_G","Strike_G","Strike_G","Defend_G","Defend_G","Defend_G","Defend_G","Defend_G","Survivor","Neutralize","Blade Dance+1","Cloak And Dagger","Backflip","Well Laid Plans","Corpse Explosion","Dash"],"special_seed":0,"relics":["Ring of the Snake","Bag of Marbles","Lantern"],"potions_floor_usage":[16],"damage_taken":[{"damage":21.0,"enemies":"Jaw Worm","floor":1.0,"turns":9.0},{"damage":7.0,"enemies":"Small Slimes","floor":3.0,"turns":3.0},{"damage":0.0,"enemies":"Cultist","floor":4.0,"turns":4.0},{"damage":0.0,"enemies":"Blue Slaver","floor":8.0,"turns":7.0},{"damage":29.0,"enemies":"Gremlin Nob","floor":11.0,"turns":4.0},{"damage":0.0,"enemies":"Exordium Thugs","floor":12.0,"turns":3.0},{"damage":0.0,"enemies":"Lots of Slimes","floor":13.0,"turns":4.0},{"damage":0.0,"enemies":"Large Slime","floor":14.0,"turns":5.0},{"damage":35,"enemies":"Slime Boss","floor":16,"turns":9}],"seed_played":"-1310471237788270464","potions_obtained":[{"floor":1.0,"key":"Swift Potion"},{"floor":11.0,"key":"SkillPotion"},{"floor":14.0,"key":"LiquidBronze"}],"is_trial":false,"path_per_floor":["M","?","M","M","?","R","$","M","T","R","E","M","M","M","R","B"],"character_chosen":"THE_SILENT","items_purchased":["Well Laid Plans","Corpse Explosion","AttackPotion"],"campfire_rested":2,"item_purchase_floors":[7,7,7],"current_hp_per_floor":[35,24,17,17,17,40,40,40,40,40,11,11,11,11,34,0],"gold":150,"neow_bonus":"TWENTY_PERCENT_HP_BONUS","is_prod":false,"is_daily":false,"chose_seed":false,"campfire_upgraded":1,"win_rate":0,"timestamp":1565962969,"path_taken":["M","?","M","M","?","R","$","?","T","R","E","M","M","M","R","BOSS"],"build_version":"2019-07-17","purchased_purges":0,"victory":false,"max_hp_per_floor":[78,78,78,78,78,78,78,78,78,78,78,78,78,78,78,78],"card_choices":[{"not_picked":["Heel Hook","Underhanded Strike"],"picked":"Blade Dance","floor":1.0},{"not_picked":["Accuracy","Reflex"],"picked":"Cloak And Dagger","floor":3.0},{"not_picked":["Cloak And Dagger","Flying Knee"],"picked":"Backflip","floor":4.0},{"not_picked":["Setup","Riddle With Holes","Slice"],"picked":"SKIP","floor":8.0},{"not_picked":["Dagger Spray","Predator"],"picked":"Dash","floor":11.0},{"not_picked":["Phantasmal Killer","Acrobatics","Sucker Punch"],"picked":"SKIP","floor":12.0},{"not_picked":["Concentrate","Reflex","Heel Hook"],"picked":"SKIP","floor":13.0},{"not_picked":["Expertise","Dagger Throw","Riddle With Holes"],"picked":"SKIP","floor":14.0}],"player_experience":1924889,"relics_obtained":[{"floor":9.0,"key":"Bag of Marbles"},{"floor":11.0,"key":"Lantern"}],"event_choices":[{"damage_healed":0.0,"max_hp_gain":0.0,"max_hp_loss":0.0,"gold_gain":75.0,"event_name":"World of Goop","player_choice":"Gather Gold","floor":2.0,"gold_loss":0.0,"damage_taken":11.0},{"cards_removed":["Strike_G"],"damage_healed":0.0,"max_hp_gain":0.0,"max_hp_loss":0.0,"gold_gain":0.0,"event_name":"Purifier","player_choice":"Purged","floor":5.0,"gold_loss":0.0,"damage_taken":0.0}],"is_beta":false,"boss_relics":[],"items_purged_floors":[],"is_endless":false,"potions_floor_spawned":[1,11,13,14],"killed_by":"Slime Boss","ascension_level":20}