{"gold_per_floor":[111,111,28,28,28,28,55,55,55,55,2,29,39,50,50,124,124,141,166,166,183,201,231,231,241,287,314,314,343,343,369,369,369],"floor_reached":33,"playtime":1096,"items_purged":[],"score":762,"play_id":"fab635e2-820f-41c6-bc6b-e0aeb3a5b260","local_time":"20190408184938","is_ascension_mode":true,"campfire_choices":[{"data":"Inflame","floor":6.0,"key":"SMITH"},{"data":"Flame Barrier","floor":10.0,"key":"SMITH"},{"data":"Armaments","floor":15.0,"key":"SMITH"},{"data":"Heavy Blade","floor":28,"key":"SMITH"},{"data":"Shockwave","floor":32,"key":"SMITH"}],"neow_cost":"NONE","seed_source_timestamp":0,"circlet_count":0,"master_deck":["AscendersBane","Strike_R+1","Strike_R","Strike_R+1","Strike_R","Strike_R","Defend_R+1","Defend_R","Defend_R","Defend_R","Bash+1","Sword Boomerang","Inflame+1","Flame Barrier+1","Disarm","Armaments+1","Heavy Blade+1","Reaper","Headbutt","Ghostly","Ghostly+1","Ghostly","Metallicize","Corruption","Uppercut","True Grit+1","Shockwave+1"],"special_seed":0,"relics":["Burning Blood","NeowsBlessing","Lantern","Mummified Hand","Charon\u0027s Ashes","Vajra","Velvet Choker","Red Mask","Juzu Bracelet","Paper Frog","War Paint","Letter Opener","Orichalcum","Question Card"],"potions_floor_usage":[23,29,30],"damage_taken":[{"damage":0.0,"enemies":"Small Slimes","floor":1.0,"turns":1.0},{"damage":0.0,"enemies":"Lagavulin","floor":7.0,"turns":1.0},{"damage":0.0,"enemies":"Gremlin Nob","floor":12.0,"turns":1.0},{"damage":0.0,"enemies":"2 Louse","floor":13.0,"turns":2.0},{"damage":0.0,"enemies":"Jaw Worm","floor":14.0,"turns":3.0},{"damage":29.0,"enemies":"The Guardian","floor":16.0,"turns":15.0},{"damage":14.0,"enemies":"Spheric Guardian","floor":18.0,"turns":4.0},{"damage":7.0,"enemies":"Masked Bandits","floor":19.0,"turns":2.0},{"damage":11.0,"enemies":"Shell Parasite","floor":21.0,"turns":5.0},{"damage":28,"enemies":"Chosen and Byrds","floor":22,"turns":7},{"damage":5,"enemies":"Book of Stabbing","floor":23,"turns":5},{"damage":6,"enemies":"Centurion and Healer","floor":25,"turns":6},{"damage":1,"enemies":"Gremlin Leader","floor":27,"turns":4},{"damage":26,"enemies":"Slavers","floor":29,"turns":5},{"damage":3,"enemies":"Shelled Parasite and Fungi","floor":30,"turns":2},{"damage":24,"enemies":"Book of Stabbing","floor":31,"turns":6},{"damage":36,"enemies":"Collector","floor":33,"turns":10}],"seed_played":"2465332544099213206","potions_obtained":[{"floor":13.0,"key":"SkillPotion"},{"floor":19.0,"key":"EssenceOfSteel"},{"floor":27,"key":"Swift Potion"},{"floor":29,"key":"SmokeBomb"},{"floor":31,"key":"Ancient Potion"}],"is_trial":false,"path_per_floor":["M","?","$","?","?","R","E","?","T","R","$","E","M","M","R","B",null,"M","?","?","M","M","E","T","M","T","E","R","E","M","E","R","B"],"character_chosen":"IRONCLAD","items_purchased":["Inflame","AttackPotion"],"campfire_rested":0,"item_purchase_floors":[3,11],"current_hp_per_floor":[74,74,74,56,33,33,39,39,39,39,39,45,51,57,57,34,65,57,66,37,34,15,23,23,37,37,37,37,17,20,7,7,0],"gold":369,"neow_bonus":"THREE_ENEMY_KILL","is_prod":false,"is_daily":false,"chose_seed":false,"campfire_upgraded":5,"win_rate":0,"timestamp":1554742178,"path_taken":["M","?","$","?","?","R","E","?","T","R","?","E","M","M","R","BOSS","M","?","?","M","M","E","?","M","T","E","R","E","M","E","R","BOSS"],"build_version":"2019-01-23","purchased_purges":0,"victory":false,"max_hp_per_floor":[75,75,75,75,75,75,75,75,75,75,75,75,75,75,75,75,75,75,75,37,37,37,37,37,37,37,37,37,37,37,37,37,37],"card_choices":[{"not_picked":["Havoc","True Grit"],"picked":"Sword Boomerang","floor":1.0},{"not_picked":["Clothesline","Flex"],"picked":"Flame Barrier","floor":7.0},{"not_picked":["Dropkick","Iron Wave"],"picked":"Disarm","floor":12.0},{"not_picked":["Sword Boomerang","Flex"],"picked":"Armaments","floor":13.0},{"not_picked":["Bloodletting","Rage"],"picked":"Heavy Blade","floor":14.0},{"not_picked":["Fiend Fire","Impervious"],"picked":"Reaper","floor":16.0},{"not_picked":["Pommel Strike","Body Slam"],"picked":"Headbutt","floor":18.0},{"not_picked":["Flex","Pommel Strike","Headbutt"],"picked":"SKIP","floor":21.0},{"not_picked":["Wild Strike","Evolve"],"picked":"Metallicize","floor":22},{"not_picked":["Body Slam","Havoc"],"picked":"Corruption","floor":23},{"not_picked":["Bludgeon","Thunderclap"],"picked":"Uppercut","floor":25},{"not_picked":["Immolate","Entrench"],"picked":"True Grit+1","floor":27},{"not_picked":["Havoc","Armaments","Pommel Strike+1"],"picked":"SKIP","floor":29},{"not_picked":["Whirlwind","Sword Boomerang"],"picked":"Shockwave","floor":31}],"player_experience":1563222,"relics_obtained":[{"floor":7.0,"key":"Mummified Hand"},{"floor":9.0,"key":"Charon\u0027s Ashes"},{"floor":12.0,"key":"Vajra"},{"floor":19.0,"key":"Red Mask"},{"floor":23,"key":"Juzu Bracelet"},{"floor":24,"key":"Paper Frog"},{"floor":26,"key":"War Paint"},{"floor":27,"key":"Letter Opener"},{"floor":29,"key":"Orichalcum"},{"floor":31,"key":"Question Card"}],"event_choices":[{"damage_healed":0.0,"max_hp_gain":0.0,"max_hp_loss":0.0,"gold_gain":0.0,"event_name":"Living Wall","player_choice":"Grow","floor":2.0,"gold_loss":0.0,"damage_taken":0.0,"cards_upgraded":["Bash"]},{"damage_healed":0.0,"max_hp_gain":0.0,"max_hp_loss":0.0,"gold_gain":0.0,"event_name":"Scrap Ooze","player_choice":"Success","floor":4.0,"gold_loss":0.0,"damage_taken":18.0,"relics_obtained":["Lantern"]},{"damage_healed":0.0,"max_hp_gain":0.0,"max_hp_loss":0.0,"gold_gain":0.0,"event_name":"Shining Light","player_choice":"Entered Light","floor":5.0,"gold_loss":0.0,"damage_taken":23.0,"cards_upgraded":["Strike_R","Strike_R"]},{"damage_healed":0.0,"max_hp_gain":0.0,"max_hp_loss":0.0,"gold_gain":0.0,"event_name":"Liars Game","player_choice":"Ignored","floor":8.0,"gold_loss":0.0,"damage_taken":0.0},{"damage_healed":0.0,"max_hp_gain":0.0,"max_hp_loss":0.0,"gold_gain":0.0,"event_name":"Masked Bandits","player_choice":"Fought Bandits","floor":19.0,"gold_loss":0.0,"damage_taken":0.0},{"damage_healed":0.0,"max_hp_gain":0.0,"max_hp_loss":38.0,"gold_gain":0.0,"event_name":"Ghosts","player_choice":"Became a Ghost","floor":20.0,"gold_loss":0.0,"damage_taken":0.0,"cards_obtained":["Ghostly","Ghostly","Ghostly"]}],"is_beta":false,"boss_relics":[{"not_picked":["Empty Cage","Cursed Key"],"picked":"Velvet Choker"}],"items_purged_floors":[],"is_endless":false,"potions_floor_spawned":[13,16,19,27,29,31],"killed_by":"Collector","ascension_level":20}