{"gold_per_floor":[112,112,129,129,1,32,47,76,99,130,147,147,180,260,260,336,336,347,617,631,368,368,368,403,403,471,505,133,144,144,144],"floor_reached":31,"playtime":681,"items_purged":["Pain","Strike_B","Strike_B"],"score":748,"play_id":"54a18716-ea56-42e2-af5a-3d91aaa53dcc","local_time":"20190424124949","is_ascension_mode":true,"campfire_choices":[{"floor":12,"key":"REST"},{"data":"Darkness","floor":15,"key":"SMITH"},{"data":"Biased Cognition","floor":23,"key":"SMITH"},{"data":"Amplify","floor":30,"key":"SMITH"}],"neow_cost":"NONE","seed_source_timestamp":10257313281231,"circlet_count":0,"master_deck":["AscendersBane","Strike_B+1","Strike_B+1","Defend_B","Defend_B","Defend_B","Defend_B","Zap","Dualcast","Cold Snap+1","Ball Lightning","Ball Lightning","Cold Snap+1","BootSequence","Darkness+1","Creative AI","Glacier","Biased Cognition+1","Glacier","Doom and Gloom","Coolheaded","Defragment+1","Amplify+1"],"relics":["Cracked Core","WarpedTongs","PreservedInsect","Vajra","Whetstone","Ice Cream","Centennial Puzzle","Singing Bowl","Coffee Dripper","Emotion Chip","Nloth\u0027s Gift","Mummified Hand","Frozen Egg 2"],"potions_floor_usage":[16,24,29,31],"damage_taken":[{"damage":0,"enemies":"Jaw Worm","floor":1,"turns":1},{"damage":0,"enemies":"Cultist","floor":3,"turns":1},{"damage":0,"enemies":"Gremlin Nob","floor":6,"turns":1},{"damage":0,"enemies":"Small Slimes","floor":7,"turns":2},{"damage":6,"enemies":"3 Sentries","floor":8,"turns":4},{"damage":11,"enemies":"Gremlin Nob","floor":10,"turns":3},{"damage":11,"enemies":"Blue Slaver","floor":11,"turns":3},{"damage":5,"enemies":"3 Sentries","floor":13,"turns":3},{"damage":6,"enemies":"Hexaghost","floor":16,"turns":8},{"damage":7,"enemies":"Spheric Guardian","floor":18,"turns":4},{"damage":0,"enemies":"Shell Parasite","floor":20,"turns":4},{"damage":0,"enemies":"Book of Stabbing","floor":24,"turns":4},{"damage":0,"enemies":"Gremlin Leader","floor":27,"turns":6},{"damage":10,"enemies":"Shelled Parasite and Fungi","floor":29,"turns":3},{"damage":14,"enemies":"Centurion and Healer","floor":31,"turns":2}],"seed_played":"2599264154974777653","potions_obtained":[{"floor":6,"key":"FocusPotion"},{"floor":16,"key":"SteroidPotion"},{"floor":18,"key":"EssenceOfSteel"},{"floor":20,"key":"Fire Potion"},{"floor":27,"key":"Fruit Juice"}],"is_trial":false,"path_per_floor":["M","?","M","?","$","E","M","E","T","E","M","R","E","T","R","B",null,"M","?","M","$","?","R","E","?","T","E","$","M","R","M"],"character_chosen":"DEFECT","items_purchased":["Ball Lightning","Glacier","Doom and Gloom","Defragment+1","Amplify"],"campfire_rested":1,"item_purchase_floors":[5,21,21,28,28],"current_hp_per_floor":[64,64,64,43,43,43,43,37,37,26,15,36,31,31,31,25,60,55,27,29,29,8,8,10,10,10,10,10,7,7,0],"gold":144,"neow_bonus":"THREE_ENEMY_KILL","is_prod":false,"is_daily":false,"chose_seed":false,"campfire_upgraded":3,"win_rate":0,"timestamp":1556102989,"path_taken":["M","?","?","?","$","E","M","E","T","E","M","R","E","?","R","BOSS","M","?","M","$","?","R","E","?","T","E","$","?","R","M"],"build_version":"2019-01-23","purchased_purges":3,"victory":false,"max_hp_per_floor":[71,71,71,71,71,71,71,71,71,71,71,71,71,71,71,71,71,73,73,75,75,80,80,82,82,82,82,82,89,89,89],"card_choices":[{"not_picked":["Hologram","Redo"],"picked":"Cold Snap","floor":1},{"not_picked":["Gash","Hologram"],"picked":"Ball Lightning","floor":3},{"not_picked":["Streamline","Reboot"],"picked":"Cold Snap","floor":6},{"not_picked":["Hello World","Skim","Barrage"],"picked":"SKIP","floor":7},{"not_picked":["Redo","Skim"],"picked":"BootSequence","floor":8},{"not_picked":["Steam","Ball Lightning"],"picked":"Darkness","floor":10},{"not_picked":["Blizzard","Leap"],"picked":"Creative AI","floor":11},{"not_picked":["Consume","Core Surge"],"picked":"Glacier","floor":13},{"not_picked":["Machine Learning","Core Surge"],"picked":"Biased Cognition","floor":16},{"not_picked":["Rebound","Static Discharge","Force Field"],"picked":"Singing Bowl","floor":18},{"not_picked":["Beam Cell","Hello World","Ball Lightning"],"picked":"Singing Bowl","floor":20},{"not_picked":["Go for the Eyes","Redo","Compile Driver"],"picked":"Singing Bowl","floor":24},{"not_picked":["Streamline","Compile Driver"],"picked":"Coolheaded","floor":27},{"not_picked":["Stack","Skim","Streamline"],"picked":"Singing Bowl","floor":29}],"player_experience":1621293,"relics_obtained":[{"floor":6,"key":"PreservedInsect"},{"floor":8,"key":"Vajra"},{"floor":9,"key":"Whetstone"},{"floor":10,"key":"Ice Cream"},{"floor":13,"key":"Centennial Puzzle"},{"floor":14,"key":"Singing Bowl"},{"floor":24,"key":"Emotion Chip"},{"floor":26,"key":"Mummified Hand"},{"floor":27,"key":"Frozen Egg 2"}],"event_choices":[{"damage_healed":0,"gold_gain":0,"player_choice":"Rummage","damage_taken":0,"relics_obtained":["WarpedTongs"],"max_hp_gain":0,"max_hp_loss":0,"event_name":"Accursed Blacksmith","floor":2,"gold_loss":0,"cards_obtained":["Pain"]},{"damage_healed":0,"gold_gain":0,"player_choice":"Entered Light","damage_taken":21,"max_hp_gain":0,"max_hp_loss":0,"event_name":"Shining Light","floor":4,"gold_loss":0,"cards_upgraded":["Cold Snap","Strike_B"]},{"damage_healed":0,"gold_gain":270,"player_choice":"GOLD GOLD GOLD ","damage_taken":28,"max_hp_gain":0,"max_hp_loss":0,"event_name":"Knowing Skull","floor":19,"potions_obtained":[],"gold_loss":0,"cards_obtained":[]},{"damage_healed":0,"gold_gain":0,"player_choice":"Shed Blood","damage_taken":26,"max_hp_gain":5,"max_hp_loss":0,"event_name":"Forgotten Altar","floor":22,"gold_loss":0},{"damage_healed":0,"gold_gain":0,"player_choice":"Traded Relic","damage_taken":0,"relics_obtained":["Nloth\u0027s Gift"],"max_hp_gain":0,"max_hp_loss":0,"event_name":"N\u0027loth","floor":25,"relics_lost":["NeowsBlessing"],"gold_loss":0}],"is_beta":false,"boss_relics":[{"not_picked":["Orrery","Sozu"],"picked":"Coffee Dripper"}],"items_purged_floors":[5,21,28],"is_endless":false,"potions_floor_spawned":[6,16,18,20,27],"killed_by":"Centurion and Healer","ascension_level":20}