{"gold_per_floor":[116,116,266,283,2,2,31,31,31,31,51,77,77,98,98,193,193,218,218,234,258,158,193,193,237,237,276,289,289,80,114,114,210,210,233,125,140,65,83,124,149,180,259,302,316,196,196,217,217,217,217,217,217,35,76,76],"floor_reached":56,"playtime":2826,"items_purged":["Doubt","Pain","Strike_R","Doubt"],"score":2146,"play_id":"fea76ef2-7e75-4e13-9bfd-e17a05b8b7d7","local_time":"20190405175104","is_ascension_mode":true,"campfire_choices":[{"data":"Inflame","floor":6.0,"key":"SMITH"},{"floor":10.0,"key":"REST"},{"data":"Armaments","floor":15.0,"key":"SMITH"},{"data":"Fiend Fire","floor":24.0,"key":"SMITH"},{"data":"Whirlwind","floor":29,"key":"SMITH"},{"floor":32,"key":"REST"},{"floor":47,"key":"RECALL"},{"data":"Inflame","floor":49,"key":"SMITH"},{"data":"Shockwave","floor":53,"key":"SMITH"}],"neow_cost":"NONE","seed_source_timestamp":27626427246681,"circlet_count":0,"master_deck":["AscendersBane","Strike_R","Strike_R","Defend_R","Defend_R","Defend_R","Defend_R","Bash+1","Double Tap","Ghostly Armor","Heavy Blade","Inflame+1","Disarm","Flame Barrier","Shrug It Off","Sword Boomerang","Armaments+1","Fiend Fire+1","Rage+1","Anger","Inflame+1","Whirlwind+1","Inflame","Body Slam+1","Reaper","Body Slam+1","Dark Shackles","Battle Trance","Inflame+1","Battle Trance","Shockwave+1","Disarm+1"],"special_seed":0,"relics":["Burning Blood","Bag of Preparation","Dodecahedron","Kunai","Mummified Hand","Golden Idol","Runic Pyramid","WarpedTongs","Matryoshka","Blue Candle","Centennial Puzzle","Shuriken","Pear","Self Forming Clay","Cursed Key","Potion Belt","Molten Egg 2","Lantern","The Courier","Medical Kit","Mercury Hourglass"],"potions_floor_usage":[25,33,40,44,54,56,56],"damage_taken":[{"damage":4.0,"enemies":"Jaw Worm","floor":1.0,"turns":5.0},{"damage":8.0,"enemies":"2 Louse","floor":4.0,"turns":4.0},{"damage":50.0,"enemies":"3 Sentries","floor":7.0,"turns":13.0},{"damage":1.0,"enemies":"Cultist","floor":11.0,"turns":3.0},{"damage":3.0,"enemies":"Lagavulin","floor":12.0,"turns":7.0},{"damage":1.0,"enemies":"Red Slaver","floor":14.0,"turns":5.0},{"damage":25.0,"enemies":"Hexaghost","floor":16.0,"turns":9.0},{"damage":0.0,"enemies":"3 Byrds","floor":18.0,"turns":3.0},{"damage":0.0,"enemies":"Chosen","floor":20.0,"turns":4.0},{"damage":24.0,"enemies":"Snecko","floor":21.0,"turns":7.0},{"damage":22.0,"enemies":"Gremlin Leader","floor":23.0,"turns":3.0},{"damage":33,"enemies":"Slavers","floor":25,"turns":6},{"damage":0,"enemies":"Book of Stabbing","floor":27,"turns":3},{"damage":0,"enemies":"Centurion and Healer","floor":28,"turns":4},{"damage":15,"enemies":"Slavers","floor":31,"turns":4},{"damage":55,"enemies":"Collector","floor":33,"turns":9},{"damage":0,"enemies":"Orb Walker","floor":35,"turns":3},{"damage":6,"enemies":"3 Shapes","floor":37,"turns":3},{"damage":0,"enemies":"Jaw Worm Horde","floor":39,"turns":3},{"damage":46,"enemies":"Reptomancer","floor":40,"turns":3},{"damage":4,"enemies":"Transient","floor":41,"turns":6},{"damage":0,"enemies":"Giant Head","floor":42,"turns":4},{"damage":42,"enemies":"Reptomancer","floor":44,"turns":4},{"damage":30,"enemies":"4 Shapes","floor":45,"turns":4},{"damage":0,"enemies":"3 Darklings","floor":48,"turns":3},{"damage":42,"enemies":"Time Eater","floor":50,"turns":7},{"damage":28,"enemies":"Donu and Deca","floor":51,"turns":7},{"damage":81,"enemies":"Shield and Spear","floor":55,"turns":8},{"damage":77,"enemies":"The Heart","floor":56,"turns":5}],"seed_played":"2307137452091772203","potions_obtained":[{"floor":4.0,"key":"Energy Potion"},{"floor":14.0,"key":"SteroidPotion"},{"floor":16.0,"key":"EssenceOfSteel"},{"floor":18.0,"key":"BloodPotion"},{"floor":27,"key":"Explosive Potion"},{"floor":35,"key":"Swift Potion"},{"floor":42,"key":"BloodPotion"},{"floor":45,"key":"Fruit Juice"},{"floor":48,"key":"SpeedPotion"}],"is_trial":false,"path_per_floor":["M","?","?","M","$","R","E","T","T","R","M","E","?","M","R","B",null,"M","?","M","M","$","E","R","E","T","E","M","R","$","E","R","B",null,"M","$","M","?","M","E","M","E","T","E","M","$","R","M","R","B","B",null,"R","$","E","B"],"character_chosen":"IRONCLAD","items_purchased":["Inflame","Disarm","Flame Barrier","Inflame","Dark Shackles","Medical Kit"],"campfire_rested":2,"item_purchase_floors":[5,5,5,30,36,54],"current_hp_per_floor":[70,70,70,68,68,68,24,24,24,46,51,54,28,33,33,14,60,66,66,72,54,54,38,38,11,11,27,33,33,33,24,49,8,66,72,72,72,72,84,85,85,85,85,85,85,85,85,85,85,77,85,85,85,90,40,0],"gold":76,"neow_bonus":"ONE_RANDOM_RARE_CARD","is_prod":false,"is_daily":false,"chose_seed":false,"campfire_upgraded":6,"win_rate":0,"timestamp":1554479464,"path_taken":["M","?","?","M","$","R","E","?","T","R","M","E","?","M","R","BOSS","M","?","?","M","$","E","R","E","T","E","M","R","?","E","R","BOSS","M","$","?","?","?","E","M","E","T","E","?","$","R","M","R","BOSS","BOSS","R","$","E","BOSS"],"build_version":"2019-01-23","purchased_purges":4,"victory":false,"max_hp_per_floor":[75,75,75,75,75,75,75,75,75,75,75,75,75,75,75,75,75,75,75,75,75,75,75,75,75,75,85,85,85,85,85,85,85,85,85,85,85,85,85,85,85,85,85,85,85,85,85,85,85,85,85,85,85,90,90,90],"card_choices":[{"not_picked":["Body Slam","Flex"],"picked":"Ghostly Armor","floor":1.0},{"not_picked":["Thunderclap","Body Slam"],"picked":"Heavy Blade","floor":4.0},{"not_picked":["Armaments","Metallicize"],"picked":"Shrug It Off","floor":7.0},{"not_picked":["Burning Pact","Rampage","Wild Strike"],"picked":"SKIP","floor":11.0},{"not_picked":["Reckless Charge","Iron Wave"],"picked":"Sword Boomerang","floor":12.0},{"not_picked":["Twin Strike","Combust"],"picked":"Armaments","floor":14.0},{"not_picked":["Berserk","Brutality"],"picked":"Fiend Fire","floor":16.0},{"not_picked":["Flex+1","Warcry+1"],"picked":"Rage+1","floor":18.0},{"not_picked":["Bloodletting","Clash+1","Headbutt"],"picked":"SKIP","floor":20.0},{"not_picked":["Metallicize","Armaments","Sword Boomerang"],"picked":"SKIP","floor":21.0},{"not_picked":["True Grit","Iron Wave"],"picked":"Anger","floor":23.0},{"not_picked":["Barricade","Shrug It Off"],"picked":"Inflame+1","floor":25},{"not_picked":["Rampage+1","Sever Soul","Rage"],"picked":"SKIP","floor":27},{"not_picked":["Cleave","Wild Strike+1"],"picked":"Whirlwind","floor":28},{"not_picked":["Sword Boomerang","Pommel Strike"],"picked":"Body Slam+1","floor":31},{"not_picked":["Fiend Fire","Double Tap"],"picked":"Reaper","floor":33},{"not_picked":["Perfected Strike","Rage"],"picked":"Body Slam+1","floor":35},{"not_picked":["Clothesline","Clash"],"picked":"Battle Trance","floor":37},{"not_picked":["Havoc","Flame Barrier"],"picked":"Shockwave","floor":39},{"not_picked":["Havoc","Rage","Dark Embrace"],"picked":"SKIP","floor":40},{"not_picked":["Pommel Strike","Shrug It Off"],"picked":"Disarm+1","floor":41},{"not_picked":["Sever Soul","Dropkick","Twin Strike"],"picked":"SKIP","floor":42},{"not_picked":["Flex","Bludgeon+1","Body Slam+1"],"picked":"SKIP","floor":44},{"not_picked":["Body Slam+1","Anger+1","Reckless Charge+1"],"picked":"SKIP","floor":45},{"not_picked":["Headbutt+1","Searing Blow+1","Flex+1"],"picked":"SKIP","floor":48},{"not_picked":["Seeing Red","Searing Blow+1","Headbutt+1"],"picked":"SKIP","floor":55}],"player_experience":1554624,"relics_obtained":[{"floor":7.0,"key":"Bag of Preparation"},{"floor":8.0,"key":"Dodecahedron"},{"floor":9.0,"key":"Kunai"},{"floor":12.0,"key":"Mummified Hand"},{"floor":23.0,"key":"Matryoshka"},{"floor":25,"key":"Blue Candle"},{"floor":26,"key":"Centennial Puzzle"},{"floor":26,"key":"Shuriken"},{"floor":27,"key":"Pear"},{"floor":31,"key":"Self Forming Clay"},{"floor":40,"key":"Potion Belt"},{"floor":42,"key":"Molten Egg 2"},{"floor":43,"key":"Lantern"},{"floor":44,"key":"The Courier"},{"floor":55,"key":"Mercury Hourglass"}],"event_choices":[{"damage_healed":0.0,"max_hp_gain":0.0,"max_hp_loss":0.0,"gold_gain":0.0,"event_name":"Living Wall","player_choice":"Grow","floor":2.0,"gold_loss":0.0,"damage_taken":0.0,"cards_upgraded":["Bash"]},{"damage_healed":0.0,"max_hp_gain":0.0,"max_hp_loss":0.0,"gold_gain":150.0,"event_name":"Liars Game","player_choice":"AGREE","floor":3.0,"gold_loss":0.0,"damage_taken":0.0,"cards_obtained":["Doubt"]},{"damage_healed":0.0,"max_hp_gain":0.0,"max_hp_loss":0.0,"gold_gain":0.0,"event_name":"Golden Idol","player_choice":"Take Damage","floor":13.0,"gold_loss":0.0,"damage_taken":26.0,"relics_obtained":["Golden Idol"]},{"damage_healed":0.0,"max_hp_gain":0.0,"max_hp_loss":0.0,"gold_gain":0.0,"event_name":"Accursed Blacksmith","player_choice":"Rummage","floor":19.0,"gold_loss":0.0,"damage_taken":0.0,"relics_obtained":["WarpedTongs"],"cards_obtained":["Pain"]},{"damage_healed":0,"gold_gain":0,"cards_transformed":["Strike_R","Strike_R"],"player_choice":"Transformed Cards","damage_taken":0,"max_hp_gain":0,"max_hp_loss":0,"event_name":"Designer","floor":38,"gold_loss":75,"cards_obtained":["Inflame","Battle Trance"]}],"is_beta":false,"boss_relics":[{"not_picked":["Calling Bell","Black Star"],"picked":"Runic Pyramid"},{"not_picked":["Black Blood","Mark of Pain"],"picked":"Cursed Key"}],"items_purged_floors":[5,22,30,46],"is_endless":false,"potions_floor_spawned":[4,14,16,18,20,27,35,39,42,45,48],"killed_by":"The Heart","ascension_level":20}