{"gold_per_floor":[114,37,37,53,4,38,38,49,49,49,49,63,93,111,111,186,236,255,255,63,81,81,115,115,135,158,158,77,77,77],"floor_reached":30,"playtime":1508,"items_purged":[],"score":489,"play_id":"01ac9513-d60d-4157-b23e-5ef78c2c94df","local_time":"20181023204710","is_ascension_mode":true,"campfire_choices":[{"data":"Neutralize","floor":7.0,"key":"SMITH"},{"data":"Leg Sweep","floor":11.0,"key":"SMITH"},{"floor":15.0,"key":"REST"},{"floor":24.0,"key":"REST"},{"data":"Storm of Steel","floor":27.0,"key":"SMITH"},{"data":"Panacea","floor":29.0,"key":"SMITH"}],"neow_cost":"NONE","seed_source_timestamp":0,"circlet_count":0,"master_deck":["Defend_G","Defend_G","Defend_G","Defend_G","Defend_G","Strike_G","Strike_G","Strike_G","Strike_G","Survivor","Neutralize+1","AscendersBane","Slice","Leg Sweep+1","Quick Slash","Cloak And Dagger","Accuracy","Quick Slash","Quick Slash","Malaise","Dagger Throw+1","Storm of Steel+1","Dagger Throw","Cloak And Dagger","Ghostly","Ghostly","Ghostly","Ghostly","Ghostly","Master of Strategy","Blade Dance","Sucker Punch","Dagger Spray","Panacea+1"],"special_seed":0,"relics":["Ring of the Snake","NeowsBlessing","Turnip","Ninja Scroll","Omamori","Tiny House","Anchor","Art of War"],"potions_floor_usage":[],"damage_taken":[{"damage":0.0,"enemies":"Small Slimes","floor":1.0,"turns":1.0},{"damage":0.0,"enemies":"2 Louse","floor":4.0,"turns":1.0},{"damage":0.0,"enemies":"3 Sentries","floor":6.0,"turns":1.0},{"damage":1.0,"enemies":"Cultist","floor":8.0,"turns":4.0},{"damage":0.0,"enemies":"Looter","floor":12.0,"turns":3.0},{"damage":27.0,"enemies":"Gremlin Nob","floor":13.0,"turns":5.0},{"damage":7.0,"enemies":"Blue Slaver","floor":14.0,"turns":2.0},{"damage":28.0,"enemies":"Slime Boss","floor":16.0,"turns":11.0},{"damage":8.0,"enemies":"Chosen","floor":18.0,"turns":4.0},{"damage":2.0,"enemies":"3 Byrds","floor":21.0,"turns":9.0},{"damage":32.0,"enemies":"Book of Stabbing","floor":23.0,"turns":7.0},{"damage":2.0,"enemies":"Centurion and Healer","floor":25.0,"turns":8.0},{"damage":14,"enemies":"Gremlin Leader","floor":30,"turns":2}],"seed_played":"-8666243960503086995","potions_obtained":[{"floor":6.0,"key":"Strength Potion"},{"floor":12.0,"key":"SpeedPotion"},{"floor":17.0,"key":"SteroidPotion"},{"floor":18.0,"key":"SteroidPotion"},{"floor":23.0,"key":"Strength Potion"}],"is_trial":false,"path_per_floor":["M","$","?","M","$","E","R","M","T","?","R","M","E","M","R","B",null,"M","?","$","M","?","E","R","M","T","R","$","R"],"character_chosen":"THE_SILENT","items_purchased":["Leg Sweep","Cloak And Dagger","Master of Strategy","Panacea"],"campfire_rested":2,"item_purchase_floors":[2,5,20,28],"current_hp_per_floor":[63,63,63,63,63,63,63,62,62,55,55,55,28,21,42,14,61,53,37,37,35,35,3,14,12,12,12,12,12,0],"gold":77,"neow_bonus":"THREE_ENEMY_KILL","is_prod":false,"is_daily":false,"chose_seed":false,"campfire_upgraded":4,"win_rate":0,"timestamp":1540320430,"path_taken":["M","$","?","?","$","E","R","M","T","?","R","M","E","M","R","BOSS","M","?","$","M","?","E","R","M","T","R","$","R","E"],"build_version":"2018-10-22","purchased_purges":0,"victory":false,"max_hp_per_floor":[70,70,70,70,70,70,70,70,70,70,70,70,70,70,70,70,75,75,37,37,37,37,37,37,37,37,37,37,37,37],"card_choices":[{"not_picked":["Deadly Poison","Blade Dance"],"picked":"Slice","floor":1.0},{"not_picked":["Catalyst","Endless Agony"],"picked":"Quick Slash","floor":4.0},{"not_picked":["Night Terror","Deflect"],"picked":"Accuracy","floor":6.0},{"not_picked":["Bane","PiercingWail"],"picked":"Quick Slash","floor":8.0},{"not_picked":["Slice","Acrobatics"],"picked":"Quick Slash","floor":12.0},{"not_picked":["Dagger Throw","Sucker Punch"],"picked":"Malaise","floor":13.0},{"not_picked":["Deflect","Tactician"],"picked":"Dagger Throw","floor":14.0},{"not_picked":["Night Terror","Grand Finale"],"picked":"Storm of Steel","floor":16.0},{"not_picked":["Bane","Eviscerate"],"picked":"Dagger Throw","floor":17.0},{"not_picked":["Poisoned Stab","Bane"],"picked":"Cloak And Dagger","floor":18.0},{"not_picked":["Crippling Poison","Backstab"],"picked":"Blade Dance","floor":21.0},{"not_picked":["Quick Slash","Poisoned Stab"],"picked":"Sucker Punch","floor":23.0},{"not_picked":["Wraith Form v2","Prepared"],"picked":"Dagger Spray","floor":25.0}],"player_experience":662829,"relics_obtained":[{"floor":6.0,"key":"Turnip"},{"floor":9.0,"key":"Ninja Scroll"},{"floor":13.0,"key":"Omamori"},{"floor":23.0,"key":"Anchor"},{"floor":26.0,"key":"Art of War"}],"event_choices":[{"damage_healed":0.0,"max_hp_gain":0.0,"max_hp_loss":0.0,"gold_gain":0.0,"event_name":"The Cleric","player_choice":"Leave","floor":3.0,"gold_loss":0.0,"damage_taken":0.0},{"cards_removed":["Strike_G"],"damage_healed":0.0,"max_hp_gain":0.0,"max_hp_loss":0.0,"gold_gain":0.0,"event_name":"Golden Wing","player_choice":"Card Removal","floor":10.0,"gold_loss":0.0,"damage_taken":7.0},{"damage_healed":0.0,"max_hp_gain":0.0,"max_hp_loss":38.0,"gold_gain":0.0,"event_name":"Ghosts","player_choice":"Became a Ghost","floor":19.0,"gold_loss":0.0,"damage_taken":0.0,"cards_obtained":["Ghostly","Ghostly","Ghostly","Ghostly","Ghostly"]},{"damage_healed":0.0,"max_hp_gain":0.0,"max_hp_loss":0.0,"gold_gain":0.0,"event_name":"The Lab","player_choice":"Got Potions","floor":22.0,"gold_loss":0.0,"damage_taken":0.0}],"is_beta":true,"boss_relics":[{"not_picked":["Orrery","Busted Crown"],"picked":"Tiny House"}],"items_purged_floors":[],"is_endless":false,"potions_floor_spawned":[6,12,14,18,23],"killed_by":"Gremlin Leader","ascension_level":13}