{"gold_per_floor":[116,116,116,134,146,146,176,192,217,217],"floor_reached":10,"playtime":324,"items_purged":[],"score":95,"play_id":"fe8585a1-d0f3-4070-8dcf-4e6c7cdbf039","local_time":"20180909120626","is_ascension_mode":true,"campfire_choices":[{"data":"Sucker Punch","floor":6,"key":"SMITH"}],"neow_cost":"NONE","seed_source_timestamp":3591118676609,"circlet_count":0,"master_deck":["Defend_G","Defend_G","Defend_G","Defend_G","Defend_G","Strike_G","Strike_G","Strike_G","Strike_G","Strike_G+1","Survivor+1","Neutralize+1","Masterful Stab","Blur","Sucker Punch+1","Backflip","Adrenaline","Regret"],"relics":["Cursed Key","Potion Belt","Snake Skull"],"potions_floor_usage":[10],"damage_taken":[{"damage":0,"enemies":"Small Slimes","floor":1,"turns":3},{"damage":0,"enemies":"Cultist","floor":4,"turns":3},{"damage":0,"enemies":"Jaw Worm","floor":5,"turns":3},{"damage":12,"enemies":"3 Sentries","floor":7,"turns":9},{"damage":0,"enemies":"Looter","floor":8,"turns":3},{"damage":38,"enemies":"Gremlin Nob","floor":10,"turns":4}],"seed_played":"6121731327532018252","potions_obtained":[{"floor":5,"key":"EssenceOfSteel"}],"is_trial":false,"path_per_floor":["M","?","?","M","M","R","E","M","T"],"character_chosen":"THE_SILENT","items_purchased":[],"campfire_rested":0,"item_purchase_floors":[],"current_hp_per_floor":[63,63,49,49,49,49,37,37,37,0],"gold":217,"neow_bonus":"BOSS_RELIC","is_prod":false,"is_daily":false,"chose_seed":false,"campfire_upgraded":1,"win_rate":0,"timestamp":1536487586,"path_taken":["M","?","?","M","M","R","E","M","T","?"],"build_version":"2018-09-06","purchased_purges":0,"victory":false,"max_hp_per_floor":[70,70,70,70,70,70,70,70,70,70],"card_choices":[{"not_picked":["Prepared","Finisher"],"picked":"Masterful Stab","floor":1},{"not_picked":["Tactician","Poisoned Stab"],"picked":"Blur","floor":4},{"not_picked":["Riddle With Holes","Dagger Throw"],"picked":"Sucker Punch","floor":5},{"not_picked":["Quick Slash","Eviscerate"],"picked":"Backflip","floor":7},{"not_picked":["Heel Hook","Cloak And Dagger"],"picked":"Adrenaline","floor":8}],"player_experience":392697,"relics_obtained":[{"floor":7,"key":"Potion Belt"},{"floor":9,"key":"Snake Skull"}],"event_choices":[{"event_name":"Upgrade Shrine","player_choice":"Upgraded","floor":2,"damage_taken":0},{"event_name":"Shining Light","player_choice":"Entered Light","floor":3,"damage_taken":0},{"event_name":"Dead Adventurer","player_choice":"Searched \u00272\u0027 times","floor":10,"damage_taken":0}],"is_beta":true,"boss_relics":[],"items_purged_floors":[],"is_endless":false,"potions_floor_spawned":[5],"killed_by":"Gremlin Nob","ascension_level":8}