{"gold_per_floor":[217,2,2,14,14,14,45,45,45,62,96,116,116],"floor_reached":13,"playtime":347,"items_purged":["Strike_B"],"score":186,"play_id":"cd720b78-c6af-48e2-b215-929ea31da02d","local_time":"20190413221937","is_ascension_mode":true,"campfire_choices":[{"data":"Zap","floor":6,"key":"SMITH"},{"data":"Hyperbeam","floor":8,"key":"SMITH"}],"neow_cost":"NONE","seed_source_timestamp":17966622416125,"circlet_count":0,"master_deck":["AscendersBane","Strike_B+1","Strike_B","Strike_B+1","Defend_B","Defend_B","Defend_B","Defend_B","Zap+1","Dualcast","Coolheaded","Rip and Tear","Cold Snap","Loop","Hyperbeam+1","BootSequence","Compile Driver","Gash"],"relics":["Cracked Core","Whetstone","Incense Burner","Turnip"],"potions_floor_usage":[11,13],"damage_taken":[{"damage":0,"enemies":"2 Louse","floor":1,"turns":2},{"damage":8,"enemies":"Small Slimes","floor":4,"turns":4},{"damage":32,"enemies":"3 Sentries","floor":7,"turns":9},{"damage":0,"enemies":"Cultist","floor":10,"turns":2},{"damage":31,"enemies":"Gremlin Nob","floor":11,"turns":4},{"damage":0,"enemies":"Lots of Slimes","floor":12,"turns":1},{"damage":18,"enemies":"3 Sentries","floor":13,"turns":2}],"seed_played":"-1426581803195537581","potions_obtained":[{"floor":1,"key":"SneckoOil"},{"floor":10,"key":"Regen Potion"}],"is_trial":false,"path_per_floor":["M","$","?","M","?","R","E","R","T","M","E","M","E"],"character_chosen":"DEFECT","items_purchased":["Rip and Tear","Cold Snap"],"campfire_rested":0,"item_purchase_floors":[2,2],"current_hp_per_floor":[64,64,69,61,61,61,29,29,29,29,10,10,0],"gold":116,"neow_bonus":"HUNDRED_GOLD","is_prod":false,"is_daily":false,"chose_seed":false,"campfire_upgraded":2,"win_rate":0,"timestamp":1555186777,"path_taken":["M","$","?","M","?","R","E","R","T","M","E","M","E"],"build_version":"2019-01-23","purchased_purges":1,"victory":false,"max_hp_per_floor":[71,71,76,76,76,76,76,76,76,76,76,76,76],"card_choices":[{"not_picked":["Fusion","Go for the Eyes"],"picked":"Coolheaded","floor":1},{"not_picked":["Conserve Battery","Leap"],"picked":"Loop","floor":4},{"not_picked":["Redo","Go for the Eyes"],"picked":"Hyperbeam","floor":7},{"not_picked":["Force Field","Fusion"],"picked":"BootSequence","floor":10},{"not_picked":["Double Energy","Fusion"],"picked":"Compile Driver","floor":11},{"not_picked":["Coolheaded","Go for the Eyes"],"picked":"Gash","floor":12}],"player_experience":1597126,"relics_obtained":[{"floor":7,"key":"Whetstone"},{"floor":9,"key":"Incense Burner"},{"floor":11,"key":"Turnip"}],"event_choices":[{"damage_healed":0,"gold_gain":0,"player_choice":"Donut","damage_taken":0,"max_hp_gain":5,"max_hp_loss":0,"event_name":"Big Fish","floor":3,"gold_loss":0},{"damage_healed":0,"gold_gain":0,"player_choice":"Leave","damage_taken":0,"max_hp_gain":0,"max_hp_loss":0,"event_name":"The Cleric","floor":5,"gold_loss":0}],"is_beta":false,"boss_relics":[],"items_purged_floors":[2],"is_endless":false,"potions_floor_spawned":[1,10],"killed_by":"3 Sentries","ascension_level":20}