{"gold_per_floor":[114,189,205,218,218,218,253,253,253,282,282,307,317,334,334,434,434,452,466,481,496,508,508,508,458,542,553,553,565,565,262,262,262],"floor_reached":33,"playtime":1519,"items_purged":["Strike_G"],"score":319,"play_id":"61e5541f-0f19-495b-a419-5d6d091d22a5","local_time":"20190803013314","is_ascension_mode":false,"campfire_choices":[{"data":"Neutralize","floor":6,"key":"SMITH"},{"floor":8,"key":"REST"},{"data":"1","floor":15,"key":"LIFT"},{"floor":23,"key":"REST"},{"floor":28,"key":"REST"},{"data":"2","floor":30,"key":"LIFT"},{"floor":32,"key":"RECALL"}],"neow_cost":"NONE","seed_source_timestamp":0,"circlet_count":0,"master_deck":["Defend_G","Defend_G","Defend_G","Defend_G","Defend_G","Survivor","Neutralize+1","Flying Knee+1","Bullet Time","Deadly Poison","Flying Knee","Prepared","Cloak And Dagger","Distraction","Well Laid Plans","Corpse Explosion","Flying Knee+1","Acrobatics+1","Footwork+1","Flechettes+1","Sucker Punch+1","Sucker Punch+1","Poisoned Stab+1","Outmaneuver","Flying Knee+1","Distraction","Infinite Blades"],"special_seed":0,"relics":["Ring of the Snake","Kunai","Pen Nib","Pear","Girya","Astrolabe","Incense Burner","Tiny Chest","Strawberry"],"potions_floor_usage":[3,7,7,10,12,18,18,18,19,21,33,33,33],"damage_taken":[{"damage":2.0,"enemies":"2 Louse","floor":1.0,"turns":3.0},{"damage":0,"enemies":"Jaw Worm","floor":3,"turns":6},{"damage":0,"enemies":"Cultist","floor":4,"turns":4},{"damage":5,"enemies":"Lagavulin","floor":7,"turns":9},{"damage":1,"enemies":"3 Sentries","floor":10,"turns":10},{"damage":29,"enemies":"Lagavulin","floor":12,"turns":7},{"damage":1,"enemies":"2 Fungi Beasts","floor":13,"turns":4},{"damage":4,"enemies":"Gremlin Gang","floor":14,"turns":4},{"damage":19,"enemies":"The Guardian","floor":16,"turns":11},{"damage":6,"enemies":"3 Byrds","floor":18,"turns":4},{"damage":9,"enemies":"2 Thieves","floor":19,"turns":3},{"damage":28,"enemies":"Snake Plant","floor":20,"turns":5},{"damage":10,"enemies":"Shelled Parasite and Fungi","floor":21,"turns":5},{"damage":3,"enemies":"3 Cultists","floor":22,"turns":4},{"damage":21,"enemies":"Snake Plant","floor":27,"turns":4},{"damage":24,"enemies":"Shelled Parasite and Fungi","floor":29,"turns":5},{"damage":66,"enemies":"Champ","floor":33,"turns":8}],"seed_played":"980452429108432508","potions_obtained":[{"floor":3,"key":"EssenceOfSteel"},{"floor":10,"key":"PowerPotion"},{"floor":12,"key":"Swift Potion"},{"floor":13,"key":"Swift Potion"},{"floor":18,"key":"SkillPotion"},{"floor":19,"key":"Weak Potion"},{"floor":20,"key":"Poison Potion"},{"floor":22,"key":"Poison Potion"},{"floor":29,"key":"AttackPotion"}],"is_trial":false,"path_per_floor":["M","?","M","M","?","R","E","R","T","E","?","E","M","M","R","B",null,"M","M","M","M","M","R","T","?","T","M","R","M","R","$","R","B"],"character_chosen":"THE_SILENT","items_purchased":["Infinite Blades","Strawberry"],"campfire_rested":3,"item_purchase_floors":[31,31],"current_hp_per_floor":[68,57,57,57,43,43,38,59,59,68,90,61,60,56,56,37,90,84,75,47,37,34,61,61,61,61,40,67,43,43,50,50,0],"gold":262,"neow_bonus":"TRANSFORM_CARD","is_prod":false,"is_daily":false,"chose_seed":false,"campfire_upgraded":1,"win_rate":0,"timestamp":1564767194,"path_taken":["M","?","M","M","?","R","E","R","T","E","?","E","M","M","R","BOSS","M","M","M","M","M","R","?","?","T","M","R","M","R","$","R","BOSS"],"build_version":"2019-07-17","purchased_purges":1,"victory":false,"max_hp_per_floor":[70,70,70,70,70,70,70,70,70,80,90,90,90,90,90,90,90,90,90,90,90,90,90,90,90,90,90,90,90,90,97,97,97],"card_choices":[{"not_picked":["Cloak And Dagger","Dodge and Roll"],"picked":"Flying Knee","floor":1},{"not_picked":["Prepared","Backflip"],"picked":"Bullet Time","floor":3},{"not_picked":["PiercingWail","Expertise"],"picked":"Deadly Poison","floor":4},{"not_picked":["Blur","Predator"],"picked":"Flying Knee","floor":7},{"not_picked":["Dodge and Roll","Doppelganger"],"picked":"Prepared","floor":10},{"not_picked":["Choke","Calculated Gamble"],"picked":"Cloak And Dagger","floor":12},{"not_picked":["Predator","Tactician"],"picked":"Distraction","floor":13},{"not_picked":["Dagger Throw","Calculated Gamble"],"picked":"Well Laid Plans","floor":14},{"not_picked":["Unload","Grand Finale"],"picked":"Corpse Explosion","floor":16},{"not_picked":["Acrobatics","Deflect+1"],"picked":"Flechettes+1","floor":18},{"not_picked":["Prepared","PiercingWail"],"picked":"Sucker Punch+1","floor":19},{"not_picked":["Reflex+1","Endless Agony"],"picked":"Sucker Punch+1","floor":20},{"not_picked":["PiercingWail","Distraction+1"],"picked":"Poisoned Stab+1","floor":21},{"not_picked":["Acrobatics+1","Sucker Punch"],"picked":"Outmaneuver","floor":22},{"not_picked":["Slice","Reflex"],"picked":"Flying Knee+1","floor":27},{"not_picked":["Bane","Choke"],"picked":"Distraction","floor":29}],"player_experience":215896,"relics_obtained":[{"floor":7,"key":"Kunai"},{"floor":9,"key":"Pen Nib"},{"floor":10,"key":"Pear"},{"floor":12,"key":"Girya"},{"floor":24,"key":"Incense Burner"},{"floor":26,"key":"Tiny Chest"}],"event_choices":[{"damage_healed":0,"gold_gain":75,"player_choice":"Gather Gold","damage_taken":11,"max_hp_gain":0,"max_hp_loss":0,"event_name":"World of Goop","floor":2,"gold_loss":0},{"damage_healed":0,"gold_gain":0,"player_choice":"Entered Light","damage_taken":14,"max_hp_gain":0,"max_hp_loss":0,"event_name":"Shining Light","floor":5,"gold_loss":0,"cards_upgraded":["Flying Knee","Venomology"]},{"cards_removed":["Venomology"],"damage_healed":12,"gold_gain":0,"player_choice":"Offered Rare","damage_taken":0,"max_hp_gain":10,"max_hp_loss":0,"event_name":"Bonfire Elementals","floor":11,"gold_loss":0},{"damage_healed":0,"gold_gain":0,"player_choice":"Bet on Owner","damage_taken":0,"max_hp_gain":0,"max_hp_loss":0,"event_name":"The Joust","floor":25,"gold_loss":50}],"is_beta":false,"boss_relics":[{"not_picked":["Fusion Hammer","WristBlade"],"picked":"Astrolabe"}],"items_purged_floors":[31],"is_endless":false,"potions_floor_spawned":[3,10,12,13,18,19,20,22,29],"killed_by":"Champ","ascension_level":0}