{"gold_per_floor":[14,30,105,115,115,115,143,143,143,143,154,154,179,179,179,252,252,272,79,129,149,167,167,177,92,140,166,176,176],"floor_reached":29,"playtime":1038,"items_purged":["Strike_B"],"score":506,"play_id":"4df024ae-ddb1-439c-b4c6-0f07130c2368","local_time":"20190410224627","is_ascension_mode":true,"campfire_choices":[{"data":"Zap","floor":6,"key":"SMITH"},{"floor":8,"key":"REST"},{"data":"Coolheaded","floor":10,"key":"SMITH"},{"data":"Sweeping Beam","floor":12,"key":"SMITH"},{"data":"Darkness","floor":15,"key":"SMITH"},{"data":"Defragment","floor":23,"key":"SMITH"}],"neow_cost":"NO_GOLD","seed_source_timestamp":44644296330272,"circlet_count":0,"master_deck":["AscendersBane","Strike_B+1","Strike_B+1","Defend_B","Defend_B","Defend_B","Defend_B","Zap+1","Dualcast","Sweeping Beam+1","Ball Lightning","Coolheaded+1","Undo","Darkness+1","Multi-Cast+1","Defragment","Defragment+1","Conserve Battery","Recycle+1","Hologram","Genetic Algorithm","Biased Cognition"],"relics":["Cracked Core","Pantograph","Happy Flower","Lantern","Nuclear Battery","War Paint","Whetstone","Potion Belt"],"potions_floor_usage":[13,18],"damage_taken":[{"damage":7,"enemies":"Jaw Worm","floor":1,"turns":3},{"damage":10,"enemies":"Small Slimes","floor":2,"turns":3},{"damage":0,"enemies":"2 Louse","floor":4,"turns":2},{"damage":25,"enemies":"3 Sentries","floor":7,"turns":6},{"damage":4,"enemies":"Exordium Wildlife","floor":11,"turns":4},{"damage":16,"enemies":"Lagavulin","floor":13,"turns":6},{"damage":8,"enemies":"The Guardian","floor":16,"turns":11},{"damage":8,"enemies":"2 Thieves","floor":18,"turns":3},{"damage":2,"enemies":"Spheric Guardian","floor":21,"turns":4},{"damage":14,"enemies":"Centurion and Healer","floor":22,"turns":6},{"damage":0,"enemies":"Snake Plant","floor":24,"turns":2},{"damage":9,"enemies":"Book of Stabbing","floor":27,"turns":3},{"damage":1,"enemies":"Snecko","floor":28,"turns":3},{"damage":48,"enemies":"Gremlin Leader","floor":29,"turns":2}],"seed_played":"7966000046464314573","potions_obtained":[{"floor":1,"key":"Swift Potion"},{"floor":4,"key":"FearPotion"},{"floor":11,"key":"FocusPotion"},{"floor":16,"key":"Ancient Potion"},{"floor":22,"key":"Ancient Potion"}],"is_trial":false,"path_per_floor":["M","M","?","M","?","R","E","R","T","R","M","R","E","?","R","B",null,"M","$","?","M","M","R","M","?","T","E","M","E"],"character_chosen":"DEFECT","items_purchased":["Defragment","Conserve Battery"],"campfire_rested":1,"item_purchase_floors":[19,19],"current_hp_per_floor":[71,61,50,50,43,43,18,43,43,43,39,39,23,23,23,40,74,66,66,66,64,50,50,50,50,50,41,40,0],"gold":176,"neow_bonus":"TWENTY_PERCENT_HP_BONUS","is_prod":false,"is_daily":false,"chose_seed":false,"campfire_upgraded":5,"win_rate":0,"timestamp":1554929187,"path_taken":["M","M","?","M","?","R","E","R","T","R","M","R","E","?","R","BOSS","M","$","?","M","M","R","M","?","T","E","?","E"],"build_version":"2019-01-23","purchased_purges":1,"victory":false,"max_hp_per_floor":[85,85,85,85,85,85,85,85,85,85,85,85,85,85,85,85,85,85,85,85,85,85,85,85,85,85,85,85,85],"card_choices":[{"not_picked":["Cold Snap","Hello World"],"picked":"Sweeping Beam","floor":1},{"not_picked":["Compile Driver","Steam"],"picked":"Ball Lightning","floor":2},{"not_picked":["Sweeping Beam","Stack","Barrage"],"picked":"SKIP","floor":4},{"not_picked":["Meteor Strike","Recycle"],"picked":"Coolheaded","floor":7},{"not_picked":["Steam","Leap"],"picked":"Undo","floor":11},{"not_picked":["Rebound","Conserve Battery"],"picked":"Darkness","floor":13},{"not_picked":["Hyperbeam","Machine Learning"],"picked":"Multi-Cast","floor":16},{"not_picked":["Coolheaded","Redo"],"picked":"Defragment","floor":18},{"not_picked":["Redo","FTL"],"picked":"Recycle","floor":21},{"not_picked":["Aggregate","Redo"],"picked":"Hologram","floor":22},{"not_picked":["Doom and Gloom","Force Field"],"picked":"Genetic Algorithm","floor":24},{"not_picked":["Rip and Tear","Turbo"],"picked":"Biased Cognition","floor":27},{"not_picked":["Rebound","Blizzard","Aggregate"],"picked":"SKIP","floor":28}],"player_experience":1580004,"relics_obtained":[{"floor":7,"key":"Pantograph"},{"floor":9,"key":"Happy Flower"},{"floor":13,"key":"Lantern"},{"floor":26,"key":"Whetstone"},{"floor":27,"key":"Potion Belt"}],"event_choices":[{"damage_healed":0,"gold_gain":75,"player_choice":"Gather Gold","damage_taken":11,"max_hp_gain":0,"max_hp_loss":0,"event_name":"World of Goop","floor":3,"gold_loss":0},{"cards_removed":["Strike_B"],"damage_healed":0,"gold_gain":0,"player_choice":"Card Removal","damage_taken":7,"max_hp_gain":0,"max_hp_loss":0,"event_name":"Golden Wing","floor":5,"gold_loss":0},{"damage_healed":0,"gold_gain":0,"player_choice":"Ignored","damage_taken":0,"max_hp_gain":0,"max_hp_loss":0,"event_name":"Shining Light","floor":14,"gold_loss":0},{"damage_healed":0,"gold_gain":50,"player_choice":"Stole From Cult","damage_taken":0,"max_hp_gain":0,"max_hp_loss":0,"event_name":"Nest","floor":20,"gold_loss":0},{"damage_healed":0,"gold_gain":0,"player_choice":"Obtained Relic","damage_taken":0,"relics_obtained":["War Paint"],"max_hp_gain":0,"max_hp_loss":0,"event_name":"Addict","floor":25,"gold_loss":85}],"is_beta":false,"boss_relics":[{"not_picked":["Tiny House","FrozenCore"],"picked":"Nuclear Battery"}],"items_purged_floors":[19],"is_endless":false,"potions_floor_spawned":[1,4,11,16,22],"killed_by":"Gremlin Leader","ascension_level":20}