{"gold_per_floor":[367,367,28,41,52,52,85,102,126,126,146,146,174,191,191,191],"floor_reached":16,"playtime":459,"items_purged":[],"score":224,"play_id":"28086d9e-627b-40c5-b72a-2555b4d3627f","local_time":"20190309202314","is_ascension_mode":true,"campfire_choices":[{"data":"Bash","floor":6,"key":"SMITH"},{"data":"Spot Weakness","floor":10,"key":"SMITH"},{"data":"Feel No Pain","floor":12,"key":"SMITH"},{"data":"Rampage","floor":15,"key":"SMITH"}],"neow_cost":"TEN_PERCENT_HP_LOSS","seed_source_timestamp":9843055829116,"circlet_count":0,"master_deck":["AscendersBane","Strike_R","Strike_R","Strike_R","Strike_R","Strike_R","Defend_R","Defend_R","Defend_R","Defend_R","Bash+1","Rampage+1","Body Slam+1","Iron Wave+1","Feel No Pain+1","Cleave+1","Spot Weakness+1","Clothesline+1","Metallicize"],"relics":["Burning Blood","GremlinMask","Molten Egg 2","PreservedInsect","Blood Vial","Ancient Tea Set"],"potions_floor_usage":[16,16],"damage_taken":[{"damage":14,"enemies":"Jaw Worm","floor":1,"turns":5},{"damage":1,"enemies":"Cultist","floor":4,"turns":3},{"damage":0,"enemies":"2 Louse","floor":5,"turns":2},{"damage":42,"enemies":"Gremlin Nob","floor":7,"turns":5},{"damage":18,"enemies":"Large Slime","floor":8,"turns":5},{"damage":10,"enemies":"Looter","floor":11,"turns":3},{"damage":13,"enemies":"3 Sentries","floor":13,"turns":5},{"damage":6,"enemies":"Exordium Thugs","floor":14,"turns":5},{"damage":20,"enemies":"Hexaghost","floor":16,"turns":9}],"seed_played":"1318324740651006337","potions_obtained":[{"floor":1,"key":"FearPotion"},{"floor":5,"key":"SpeedPotion"},{"floor":13,"key":"Poison Potion"}],"is_trial":false,"path_per_floor":["M","?","$","M","M","R","E","M","T","R","M","R","E","M","R","B"],"character_chosen":"IRONCLAD","items_purchased":["Molten Egg 2","Body Slam+1"],"campfire_rested":0,"item_purchase_floors":[3,3],"current_hp_per_floor":[60,60,60,65,68,68,32,20,20,20,18,18,13,15,15,0],"gold":191,"neow_bonus":"TWO_FIFTY_GOLD","is_prod":false,"is_daily":false,"chose_seed":false,"campfire_upgraded":4,"win_rate":0,"timestamp":1552159394,"path_taken":["M","?","$","M","M","R","E","M","T","R","M","R","E","M","R","BOSS"],"build_version":"2019-01-23","purchased_purges":0,"victory":false,"max_hp_per_floor":[68,68,68,68,68,68,68,68,68,68,68,68,68,68,68,68],"card_choices":[{"not_picked":["Iron Wave","Perfected Strike"],"picked":"Rampage","floor":1},{"not_picked":["Clash+1","Armaments"],"picked":"Iron Wave+1","floor":4},{"not_picked":["Headbutt+1","Warcry"],"picked":"Feel No Pain","floor":5},{"not_picked":["Pummel+1","Barricade"],"picked":"Cleave+1","floor":7},{"not_picked":["Pommel Strike+1","Iron Wave+1"],"picked":"Spot Weakness","floor":8},{"not_picked":["Pommel Strike+1","Body Slam+1"],"picked":"Clothesline+1","floor":11},{"not_picked":["Dropkick+1","Entrench"],"picked":"Metallicize","floor":13},{"not_picked":["Flex","True Grit","Sever Soul+1"],"picked":"SKIP","floor":14}],"player_experience":1384458,"relics_obtained":[{"floor":7,"key":"PreservedInsect"},{"floor":9,"key":"Blood Vial"},{"floor":13,"key":"Ancient Tea Set"}],"event_choices":[{"damage_healed":0,"gold_gain":0,"player_choice":"Trade","damage_taken":0,"relics_obtained":["GremlinMask"],"max_hp_gain":0,"max_hp_loss":0,"event_name":"FaceTrader","floor":2,"gold_loss":0}],"is_beta":false,"boss_relics":[],"items_purged_floors":[],"is_endless":false,"potions_floor_spawned":[1,5,13],"killed_by":"Hexaghost","ascension_level":20}