{"gold_per_floor":[116,75,90,90,15,40,55,90,90,110,110,110,145,145,145,219,219,231,131,131,149,23,57,72,84,131,131,157,6,20,20,20,95,95,107,32,52,65,77,77,104,104,104,40,40,52,85,98,98,98,98,98,98,48,77,77],"floor_reached":57,"playtime":3845,"items_purged":["Strike_R","Strike_R","Perfected Strike"],"score":3065,"play_id":"16021ae3-cf5a-4599-846c-e4ae7e1d1cb6","local_time":"20190731211041","is_ascension_mode":true,"campfire_choices":[{"data":"Rampage","floor":11,"key":"SMITH"},{"floor":15,"key":"DIG"},{"floor":27,"key":"DIG"},{"floor":32,"key":"DIG"},{"floor":40,"key":"DIG"},{"floor":42,"key":"DIG"},{"floor":45,"key":"DIG"},{"floor":49,"key":"RECALL"},{"floor":53,"key":"DIG"}],"neow_cost":"NONE","seed_source_timestamp":39648590561105,"circlet_count":0,"master_deck":["AscendersBane","Defend_R+1","Defend_R+1","Defend_R+1","Defend_R+1","Bash","Shockwave+1","Rampage+1","Headbutt","Dropkick","Twin Strike","Headbutt+1","Feed+1","Impervious+1","Heavy Blade+1","Shrug It Off+1","Corruption","Infernal Blade+1","Shrug It Off+1","Shockwave+1","Dark Embrace","Havoc+1","Juggernaut","Reaper","Seeing Red+1","Flame Barrier+1","Flex+1","Armaments+1","Burning Pact+1","True Grit+1","Infernal Blade+1","Inflame","Inflame","Burning Pact+1","Spot Weakness+1","Shrug It Off+1","Sentinel+1"],"relics":["Burning Blood","NeowsBlessing","Lantern","Toxic Egg 2","Ornamental Fan","Shovel","Dead Branch","Snecko Eye","Whetstone","Smiling Mask","Pantograph","Bag of Marbles","Vajra","Orrery","The Courier","Bottled Lightning","Regal Pillow","Red Skull","Bag of Preparation","Pear","Kunai"],"potions_floor_usage":[13,51],"damage_taken":[{"damage":0,"enemies":"Cultist","floor":1,"turns":1},{"damage":0,"enemies":"Jaw Worm","floor":3,"turns":1},{"damage":0,"enemies":"Lagavulin","floor":6,"turns":1},{"damage":1,"enemies":"2 Louse","floor":7,"turns":3},{"damage":50,"enemies":"3 Sentries","floor":8,"turns":10},{"damage":14,"enemies":"Exordium Thugs","floor":10,"turns":3},{"damage":20,"enemies":"Lagavulin","floor":13,"turns":6},{"damage":9,"enemies":"Hexaghost","floor":16,"turns":7},{"damage":7,"enemies":"2 Thieves","floor":18,"turns":4},{"damage":0,"enemies":"Chosen","floor":21,"turns":4},{"damage":0,"enemies":"Slavers","floor":23,"turns":2},{"damage":3,"enemies":"Snake Plant","floor":24,"turns":4},{"damage":0,"enemies":"Cultist and Chosen","floor":25,"turns":4},{"damage":0,"enemies":"Gremlin Leader","floor":28,"turns":5},{"damage":3,"enemies":"Sentry and Sphere","floor":30,"turns":5},{"damage":61,"enemies":"Champ","floor":33,"turns":11},{"damage":9,"enemies":"3 Shapes","floor":35,"turns":6},{"damage":32,"enemies":"3 Darklings","floor":37,"turns":7},{"damage":19,"enemies":"Spire Growth","floor":38,"turns":5},{"damage":6,"enemies":"Sphere and 2 Shapes","floor":39,"turns":2},{"damage":9,"enemies":"Giant Head","floor":41,"turns":5},{"damage":6,"enemies":"Jaw Worm Horde","floor":46,"turns":2},{"damage":25,"enemies":"Nemesis","floor":47,"turns":3},{"damage":0,"enemies":"Maw","floor":48,"turns":5},{"damage":55,"enemies":"Time Eater","floor":50,"turns":8},{"damage":68,"enemies":"Donu and Deca","floor":51,"turns":5},{"damage":6,"enemies":"Shield and Spear","floor":55,"turns":3},{"damage":75,"enemies":"The Heart","floor":56,"turns":6}],"seed_played":"6585681272479638364","potions_obtained":[{"floor":6,"key":"FearPotion"},{"floor":7,"key":"Regen Potion"},{"floor":16,"key":"SteroidPotion"},{"floor":30,"key":"PowerPotion"},{"floor":46,"key":"Energy Potion"},{"floor":55,"key":"SpeedPotion"}],"is_trial":false,"path_per_floor":["M","$","M","?","$","E","M","E","T","M","R","?","E","?","R","B",null,"M","$","?","M","$","E","M","M","T","R","E","$","M","?","R","B",null,"M","?","M","M","M","R","E","R","T","$","R","M","E","M","R","B","B",null,"R","$","E","B",null],"character_chosen":"IRONCLAD","items_purchased":["Rampage","Corruption","Infernal Blade+1","Dark Embrace","Inflame"],"campfire_rested":0,"item_purchase_floors":[2,22,22,29,44],"current_hp_per_floor":[74,74,75,68,68,74,75,31,31,23,23,23,24,24,24,25,66,69,69,69,79,79,89,95,95,95,95,95,95,99,99,99,44,85,86,86,64,56,60,60,61,61,61,61,61,65,50,56,56,54,21,101,111,111,137,101],"gold":77,"neow_bonus":"THREE_ENEMY_KILL","is_prod":false,"is_daily":false,"chose_seed":false,"campfire_upgraded":1,"win_rate":0,"timestamp":1564600241,"path_taken":["M","$","M","?","$","E","M","E","T","M","R","?","E","?","R","BOSS","M","$","?","M","$","E","M","M","T","R","E","?","M","?","R","BOSS","M","?","M","M","?","R","E","R","T","$","R","M","E","?","R","BOSS","BOSS","R","$","E","BOSS"],"build_version":"2019-07-17","purchased_purges":3,"victory":true,"max_hp_per_floor":[75,75,75,75,75,75,75,75,75,75,75,75,75,75,75,79,79,83,83,83,87,87,91,95,95,95,95,95,95,99,99,99,99,99,103,103,107,107,111,111,115,115,115,115,115,119,123,123,123,123,127,127,137,137,137,137],"card_choices":[{"not_picked":["Clash","True Grit"],"picked":"Shockwave","floor":1},{"not_picked":["Perfected Strike","Wild Strike","Flex"],"picked":"SKIP","floor":3},{"not_picked":["Perfected Strike","Exhume"],"picked":"Headbutt","floor":6},{"not_picked":["Iron Wave","Flex"],"picked":"Dropkick","floor":7},{"not_picked":["Sentinel","Flex"],"picked":"Twin Strike","floor":8},{"not_picked":["Twin Strike","Cleave"],"picked":"Headbutt","floor":10},{"not_picked":["Warcry+1","Whirlwind"],"picked":"Feed","floor":13},{"not_picked":["Bludgeon","Brutality"],"picked":"Impervious+1","floor":16},{"not_picked":["Wild Strike+1","Whirlwind"],"picked":"Heavy Blade","floor":18},{"not_picked":["Seeing Red+1","Shockwave+1"],"picked":"Shrug It Off+1","floor":21},{"not_picked":["Pommel Strike","True Grit+1"],"picked":"Shrug It Off+1","floor":23},{"not_picked":["Warcry+1","Flex+1","Rupture"],"picked":"SKIP","floor":24},{"not_picked":["Uppercut","Iron Wave"],"picked":"Shockwave+1","floor":25},{"not_picked":["Iron Wave","Sword Boomerang","Reckless Charge"],"picked":"SKIP","floor":28},{"not_picked":["Body Slam","Iron Wave"],"picked":"Havoc+1","floor":30},{"not_picked":["Offering+1","Exhume+1"],"picked":"Juggernaut","floor":33},{"not_picked":["Carnage","Headbutt"],"picked":"Reaper","floor":34},{"not_picked":["Body Slam","Uppercut+1"],"picked":"Seeing Red+1","floor":34},{"not_picked":["Seeing Red+1","Anger"],"picked":"Flame Barrier+1","floor":34},{"not_picked":["Combust","Wild Strike+1"],"picked":"Flex+1","floor":34},{"not_picked":["Shockwave+1","Clash"],"picked":"Armaments+1","floor":35},{"not_picked":["Bloodletting+1","Twin Strike"],"picked":"True Grit+1","floor":37},{"not_picked":["Clash","Armaments+1","Shockwave+1"],"picked":"SKIP","floor":38},{"not_picked":["Anger+1","Rupture"],"picked":"Infernal Blade+1","floor":39},{"not_picked":["Thunderclap","Havoc+1"],"picked":"Inflame","floor":41},{"not_picked":["Pommel Strike","Flame Barrier+1"],"picked":"Burning Pact+1","floor":46},{"not_picked":["Pommel Strike+1","Dark Embrace"],"picked":"Spot Weakness+1","floor":47},{"not_picked":["Reckless Charge","Sentinel+1"],"picked":"Shrug It Off+1","floor":48},{"not_picked":["Combust","Intimidate+1"],"picked":"Sentinel+1","floor":55}],"player_experience":1870004,"relics_obtained":[{"floor":6,"key":"Lantern"},{"floor":8,"key":"Toxic Egg 2"},{"floor":9,"key":"Ornamental Fan"},{"floor":13,"key":"Shovel"},{"floor":15,"key":"Dead Branch"},{"floor":23,"key":"Whetstone"},{"floor":26,"key":"Smiling Mask"},{"floor":27,"key":"Pantograph"},{"floor":28,"key":"Bag of Marbles"},{"floor":32,"key":"Vajra"},{"floor":40,"key":"The Courier"},{"floor":41,"key":"Bottled Lightning"},{"floor":42,"key":"Regal Pillow"},{"floor":45,"key":"Red Skull"},{"floor":47,"key":"Bag of Preparation"},{"floor":53,"key":"Pear"},{"floor":55,"key":"Kunai"}],"event_choices":[{"cards_removed":["Strike_R"],"damage_healed":0,"gold_gain":0,"player_choice":"Card Removal","damage_taken":7,"max_hp_gain":0,"max_hp_loss":0,"event_name":"Golden Wing","floor":4,"gold_loss":0},{"damage_healed":0,"gold_gain":0,"player_choice":"Grow","damage_taken":0,"max_hp_gain":0,"max_hp_loss":0,"event_name":"Living Wall","floor":12,"gold_loss":0,"cards_upgraded":["Shockwave"]},{"damage_healed":0,"gold_gain":0,"player_choice":"Forge","damage_taken":0,"max_hp_gain":0,"max_hp_loss":0,"event_name":"Accursed Blacksmith","floor":14,"gold_loss":0,"cards_upgraded":["Feed"]},{"damage_healed":0,"gold_gain":0,"player_choice":"Simplicity","damage_taken":0,"max_hp_gain":0,"max_hp_loss":0,"event_name":"Back to Basics","floor":20,"gold_loss":0,"cards_upgraded":["Strike_R","Strike_R","Defend_R","Defend_R","Defend_R","Defend_R"]},{"damage_healed":0,"gold_gain":0,"player_choice":"Ignored","damage_taken":0,"max_hp_gain":0,"max_hp_loss":0,"event_name":"Vampires","floor":31,"gold_loss":0},{"damage_healed":0,"gold_gain":0,"cards_transformed":["Strike_R","Strike_R"],"player_choice":"Transformed Cards","damage_taken":0,"max_hp_gain":0,"max_hp_loss":0,"event_name":"Designer","floor":36,"gold_loss":75,"cards_obtained":["Burning Pact","Perfected Strike"]}],"is_beta":false,"boss_relics":[{"not_picked":["White Beast Statue","Pandora\u0027s Box"],"picked":"Snecko Eye"},{"not_picked":["Astrolabe","Coffee Dripper"],"picked":"Orrery"}],"items_purged_floors":[5,19,54],"is_endless":false,"potions_floor_spawned":[6,7,10,16,21,25,30,37,39,46,47,55],"ascension_level":20}