{"gold_per_floor":[114,133,148,162,162,162,162,162,162,162,162,162,193,209,209,306,306,317,333,333],"floor_reached":20,"playtime":765,"items_purged":[],"score":278,"play_id":"d963bf11-9c99-482c-a69d-bf4734f28506","local_time":"20180929095033","is_ascension_mode":true,"campfire_choices":[{"data":"Cleave","floor":6,"key":"SMITH"},{"data":"Bash","floor":8,"key":"SMITH"},{"data":"Clothesline","floor":10,"key":"SMITH"},{"data":"Shrug It Off","floor":12,"key":"SMITH"},{"data":"Rage","floor":15,"key":"SMITH"}],"neow_cost":"NONE","seed_source_timestamp":4493918309184,"circlet_count":0,"master_deck":["Strike_R","Strike_R","Strike_R","Strike_R","Defend_R","Defend_R","Defend_R","Defend_R","Bash+1","AscendersBane","Iron Wave","Cleave+1","Clothesline+1","Shrug It Off+1","Pummel","Rage+1","Limit Break","Shrug It Off+1","Body Slam"],"relics":["Burning Blood","Bag of Marbles","Juzu Bracelet","Anchor","Dodecahedron","Mark of Pain"],"potions_floor_usage":[16,20],"damage_taken":[{"damage":1,"enemies":"Cultist","floor":1,"turns":3},{"damage":2,"enemies":"2 Louse","floor":2,"turns":2},{"damage":7,"enemies":"Jaw Worm","floor":3,"turns":3},{"damage":11,"enemies":"Red Slaver","floor":4,"turns":4},{"damage":40,"enemies":"Lagavulin","floor":13,"turns":7},{"damage":0,"enemies":"Gremlin Gang","floor":14,"turns":1},{"damage":23,"enemies":"Hexaghost","floor":16,"turns":10},{"damage":43,"enemies":"3 Byrds","floor":18,"turns":8},{"damage":7,"enemies":"Chosen","floor":19,"turns":5},{"damage":30,"enemies":"Shelled Parasite and Fungi","floor":20,"turns":7}],"seed_played":"-8917337906141493194","potions_obtained":[{"floor":3,"key":"LiquidBronze"},{"floor":13,"key":"Swift Potion"}],"is_trial":false,"path_per_floor":["M","M","M","M","T","R","?","R","T","R","?","R","E","M","R","B",null,"M","M"],"character_chosen":"IRONCLAD","items_purchased":[],"campfire_rested":0,"item_purchase_floors":[],"current_hp_per_floor":[77,80,79,74,74,74,74,74,74,74,74,74,40,46,46,29,67,30,29,0],"gold":333,"neow_bonus":"RANDOM_COMMON_RELIC","is_prod":false,"is_daily":false,"chose_seed":false,"campfire_upgraded":5,"win_rate":0,"timestamp":1538207433,"path_taken":["M","M","M","M","?","R","?","R","T","R","?","R","E","M","R","BOSS","M","M","M"],"build_version":"2018-09-27","purchased_purges":0,"victory":false,"max_hp_per_floor":[80,80,80,80,80,80,80,80,80,80,80,80,80,80,80,80,80,80,80,80],"card_choices":[{"not_picked":["Twin Strike","Evolve"],"picked":"Iron Wave","floor":1},{"not_picked":["Heavy Blade","Battle Trance"],"picked":"Cleave","floor":2},{"not_picked":["Wild Strike","Heavy Blade"],"picked":"Clothesline","floor":3},{"not_picked":["Bloodletting","Flex"],"picked":"Shrug It Off","floor":4},{"not_picked":["Disarm","Wild Strike"],"picked":"Pummel","floor":13},{"not_picked":["Iron Wave","Combust"],"picked":"Rage","floor":14},{"not_picked":["Double Tap","Fiend Fire"],"picked":"Limit Break","floor":16},{"not_picked":["Headbutt","Entrench"],"picked":"Shrug It Off+1","floor":18},{"not_picked":["Headbutt","Dropkick"],"picked":"Body Slam","floor":19}],"player_experience":557516,"relics_obtained":[{"floor":5,"key":"Juzu Bracelet"},{"floor":9,"key":"Anchor"},{"floor":13,"key":"Dodecahedron"}],"event_choices":[{"event_name":"The Woman in Blue","player_choice":"Bought 0 Potions","floor":7,"damage_taken":0},{"event_name":"Purifier","player_choice":"One Purge","floor":11,"damage_taken":0}],"is_beta":true,"boss_relics":[{"not_picked":["White Beast Statue","Runic Dome"],"picked":"Mark of Pain"}],"items_purged_floors":[],"is_endless":false,"potions_floor_spawned":[3,13],"killed_by":"Shelled Parasite and Fungi","ascension_level":12}