{"gold_per_floor":[111,125,125,143,157,157,157,157,211,242,242,242,242,263,263,263],"floor_reached":16,"playtime":2402,"items_purged":[],"score":155,"play_id":"64ab9452-6926-4632-a7a8-07de631e1cfd","local_time":"20180928174117","is_ascension_mode":true,"campfire_choices":[{"data":"Venomology","floor":6,"key":"SMITH"},{"data":"Neutralize","floor":8,"key":"SMITH"},{"data":"Blade Dance","floor":11,"key":"SMITH"},{"data":"Cloak And Dagger","floor":13,"key":"SMITH"},{"floor":15,"key":"REST"}],"neow_cost":"NONE","seed_source_timestamp":31108259749388,"circlet_count":0,"master_deck":["Defend_G","Defend_G","Defend_G","Defend_G","Defend_G","Strike_G","Strike_G","Strike_G","Strike_G","Strike_G","Survivor","Neutralize+1","AscendersBane","Cloak And Dagger+1","Accuracy+1","Venomology+1","Slice","Blade Dance+1","Flying Knee"],"relics":["Eternal Feather","Happy Flower","Strawberry","Golden Idol"],"potions_floor_usage":[5,5,10,10,14,16,16],"damage_taken":[{"damage":1,"enemies":"2 Louse","floor":1,"turns":4},{"damage":0,"enemies":"Small Slimes","floor":2,"turns":5},{"damage":3,"enemies":"Jaw Worm","floor":4,"turns":5},{"damage":14,"enemies":"Exordium Wildlife","floor":5,"turns":5},{"damage":39,"enemies":"Gremlin Nob","floor":10,"turns":5},{"damage":19,"enemies":"Large Slime","floor":14,"turns":4},{"damage":43,"enemies":"The Guardian","floor":16,"turns":10}],"seed_played":"8772070821962907265","potions_obtained":[{"floor":4,"key":"Strength Potion"},{"floor":5,"key":"Swift Potion"},{"floor":10,"key":"LiquidBronze"}],"is_trial":false,"path_per_floor":["M","M","?","M","M","R","?","R","T","E","R","?","R","M","R"],"character_chosen":"THE_SILENT","items_purchased":[],"campfire_rested":1,"item_purchase_floors":[],"current_hp_per_floor":[62,62,62,59,45,54,54,63,63,31,40,21,30,11,43,0],"gold":263,"neow_bonus":"BOSS_RELIC","is_prod":false,"is_daily":false,"chose_seed":false,"campfire_upgraded":4,"win_rate":0,"timestamp":1538149277,"path_taken":["M","M","?","M","M","R","?","R","T","E","R","?","R","?","R","BOSS"],"build_version":"2018-09-27","purchased_purges":0,"victory":false,"max_hp_per_floor":[70,70,70,70,70,70,70,70,70,77,77,77,77,77,77,77],"card_choices":[{"not_picked":["Underhanded Strike","Outmaneuver"],"picked":"Cloak And Dagger","floor":1},{"not_picked":["Terror","Dagger Throw"],"picked":"Accuracy","floor":2},{"not_picked":["Acrobatics","Dagger Throw"],"picked":"Venomology","floor":4},{"not_picked":["Deflect","Escape Plan"],"picked":"Slice","floor":5},{"not_picked":["Poisoned Stab","Cloak And Dagger"],"picked":"Blade Dance","floor":10},{"not_picked":["Dodge and Roll","Predator"],"picked":"Flying Knee","floor":14}],"player_experience":544128,"relics_obtained":[{"floor":9,"key":"Happy Flower"},{"floor":10,"key":"Strawberry"}],"event_choices":[{"event_name":"Living Wall","player_choice":"Grow","floor":3,"damage_taken":0},{"event_name":"Liars Game","player_choice":"disagreed","floor":7,"damage_taken":0},{"event_name":"Golden Idol","player_choice":"Take Damage","floor":12,"damage_taken":0}],"is_beta":true,"boss_relics":[],"items_purged_floors":[],"is_endless":false,"potions_floor_spawned":[4,5,10],"killed_by":"The Guardian","ascension_level":11}