{"gold_per_floor":[117,117,128,142,41,71,71,71,71,91,117,117],"floor_reached":12,"playtime":3996,"items_purged":["Defend_R"],"score":139,"play_id":"cb1eec36-596a-45a1-8a01-ff9ea2645f10","local_time":"20190416101204","is_ascension_mode":true,"campfire_choices":[{"data":"Inflame","floor":7,"key":"SMITH"}],"neow_cost":"PERCENT_DAMAGE","seed_source_timestamp":203748505800518,"circlet_count":0,"master_deck":["Strike_R","Strike_R","Strike_R","Strike_R","Defend_R","Defend_R","Defend_R","Bash","Warcry","Shrug It Off","Inflame+1","Shrug It Off","Inflame+1","Shrug It Off","Barricade+1"],"relics":["Burning Blood","Frozen Egg 2","Dodecahedron","Bag of Marbles"],"potions_floor_usage":[6],"damage_taken":[{"damage":0,"enemies":"Small Slimes","floor":1,"turns":3},{"damage":13,"enemies":"Jaw Worm","floor":3,"turns":4},{"damage":1,"enemies":"Cultist","floor":4,"turns":3},{"damage":34,"enemies":"3 Sentries","floor":6,"turns":11},{"damage":18,"enemies":"Exordium Thugs","floor":10,"turns":7},{"damage":15,"enemies":"Lagavulin","floor":11,"turns":7},{"damage":17,"enemies":"2 Fungi Beasts","floor":12,"turns":5}],"seed_played":"9215685508675138184","potions_obtained":[{"floor":4,"key":"GamblersBrew"},{"floor":6,"key":"Ancient Potion"}],"is_trial":false,"path_per_floor":["M","$","M","M","$","E","R","?","T","M","E","M"],"character_chosen":"IRONCLAD","items_purchased":["Shrug It Off"],"campfire_rested":0,"item_purchase_floors":[5],"current_hp_per_floor":[73,73,66,71,71,43,43,36,36,24,15,0],"gold":117,"neow_bonus":"TWENTY_PERCENT_HP_BONUS","is_prod":false,"is_daily":false,"chose_seed":false,"campfire_upgraded":1,"win_rate":0,"timestamp":1555434724,"path_taken":["M","$","M","M","$","E","R","?","T","M","E","M"],"build_version":"2019-01-23","purchased_purges":1,"victory":false,"max_hp_per_floor":[96,96,96,96,96,96,96,96,96,96,96,96],"card_choices":[{"not_picked":["Heavy Blade","Corruption"],"picked":"Warcry","floor":1},{"not_picked":["Anger","Twin Strike"],"picked":"Shrug It Off","floor":3},{"not_picked":["Warcry","Anger"],"picked":"Inflame","floor":4},{"not_picked":["Perfected Strike","Blood for Blood"],"picked":"Inflame","floor":6},{"not_picked":["Pommel Strike","Clash"],"picked":"Shrug It Off","floor":10},{"not_picked":["Sword Boomerang","Wild Strike"],"picked":"Barricade+1","floor":11}],"player_experience":584078,"relics_obtained":[{"floor":6,"key":"Frozen Egg 2"},{"floor":9,"key":"Dodecahedron"},{"floor":11,"key":"Bag of Marbles"}],"event_choices":[{"cards_removed":["Strike_R"],"damage_healed":0,"gold_gain":0,"player_choice":"Card Removal","damage_taken":7,"max_hp_gain":0,"max_hp_loss":0,"event_name":"Golden Wing","floor":8,"gold_loss":0}],"is_beta":false,"boss_relics":[],"items_purged_floors":[5],"is_endless":false,"potions_floor_spawned":[4,6],"killed_by":"2 Fungi Beasts","ascension_level":6}