{"gold_per_floor":[116,86,86,261,186,186,219,231,257,270,270,18,18,38,38,141,141,158,90,90,109,126,126,141,158,209,225,225],"floor_reached":28,"playtime":1053,"items_purged":["Doubt"],"score":308,"play_id":"0860c866-1c1c-47c5-b192-ad6fe9ceb754","local_time":"20180910170631","is_ascension_mode":true,"campfire_choices":[{"data":"Accuracy","floor":6,"key":"SMITH"},{"floor":13,"key":"REST"},{"floor":15,"key":"REST"},{"data":"Infinite Blades","floor":23,"key":"SMITH"}],"neow_cost":"NONE","seed_source_timestamp":27140588501666,"circlet_count":0,"master_deck":["Survivor","Neutralize","Blur","Cloak And Dagger","Sucker Punch","Poisoned Stab","Finisher","Cloak And Dagger","Concentrate","Flying Knee","Flying Knee","Distraction","Dagger Spray","Neutralize","A Thousand Cuts","Accuracy+1","Infinite Blades+1","Sucker Punch","Quick Slash","Adrenaline","Leg Sweep","Cloak And Dagger","Bullet Time","Finisher+1","Infinite Blades+1","Writhe","Escape Plan","Infinite Blades","Backstab+1","Choke+1","Doubt","Masterful Stab+1"],"relics":["Pandora\u0027s Box","Dream Catcher","Centennial Puzzle","Bottled Tornado","Cursed Key","Ancient Tea Set","Art of War"],"potions_floor_usage":[16,27,27,27],"damage_taken":[{"damage":1,"enemies":"2 Louse","floor":1,"turns":2},{"damage":61,"enemies":"Gremlin Nob","floor":7,"turns":6},{"damage":10,"enemies":"Cultist","floor":8,"turns":4},{"damage":3,"enemies":"Jaw Worm","floor":10,"turns":2},{"damage":12,"enemies":"2 Fungi Beasts","floor":14,"turns":3},{"damage":6,"enemies":"The Guardian","floor":16,"turns":9},{"damage":0,"enemies":"Spheric Guardian","floor":18,"turns":3},{"damage":18,"enemies":"3 Byrds","floor":21,"turns":4},{"damage":10,"enemies":"Centurion and Healer","floor":22,"turns":3},{"damage":12,"enemies":"Cultist and Chosen","floor":24,"turns":3},{"damage":11,"enemies":"Sentry and Sphere","floor":25,"turns":3},{"damage":8,"enemies":"Chosen and Byrds","floor":27,"turns":3},{"damage":12,"enemies":"3 Cultists","floor":28,"turns":2}],"seed_played":"6331191467247439141","potions_obtained":[{"floor":1,"key":"Swift Potion"},{"floor":2,"key":"FairyPotion"},{"floor":2,"key":"FearPotion"},{"floor":8,"key":"GhostInAJar"},{"floor":21,"key":"Regen Potion"},{"floor":25,"key":"PowerPotion"}],"is_trial":false,"path_per_floor":["M","?","?","?","$","R","E","M","T","M","?","$","R","M","R","B",null,"M","$","?","M","M","R","M","M","T","M"],"character_chosen":"THE_SILENT","items_purchased":["Bottled Tornado","Infinite Blades"],"campfire_rested":2,"item_purchase_floors":[12,19],"current_hp_per_floor":[62,62,62,62,62,62,1,7,7,4,4,4,25,13,34,28,60,60,60,60,42,32,32,20,9,9,10,0],"gold":225,"neow_bonus":"BOSS_RELIC","is_prod":false,"is_daily":false,"chose_seed":false,"campfire_upgraded":2,"win_rate":0,"timestamp":1536591991,"path_taken":["M","?","?","?","$","R","E","M","T","?","?","?","R","M","R","BOSS","M","$","?","M","M","R","M","M","T","M","M"],"build_version":"2018-09-06","purchased_purges":1,"victory":false,"max_hp_per_floor":[70,70,70,70,70,70,70,70,70,70,70,70,70,70,70,70,70,70,70,70,70,70,70,70,70,70,70,70],"card_choices":[{"not_picked":["Deflect","Eviscerate"],"picked":"Dagger Spray","floor":1},{"not_picked":["Deadly Poison","Underhanded Strike"],"picked":"Infinite Blades","floor":7},{"not_picked":["Outmaneuver","Bane"],"picked":"Sucker Punch","floor":8},{"not_picked":["Calculated Gamble","Bane"],"picked":"Quick Slash","floor":10},{"not_picked":["Escape Plan","PiercingWail"],"picked":"Adrenaline","floor":13},{"not_picked":["Deadly Poison","Dagger Throw"],"picked":"Leg Sweep","floor":14},{"not_picked":["Blade Dance","Slice"],"picked":"Cloak And Dagger","floor":15},{"not_picked":["After Image","Envenom"],"picked":"Bullet Time","floor":16},{"not_picked":["Flying Knee+1","Flechettes"],"picked":"Finisher+1","floor":18},{"not_picked":["Leg Sweep","Dagger Spray"],"picked":"Escape Plan","floor":21},{"not_picked":["Bane","Accuracy"],"picked":"Infinite Blades","floor":22},{"not_picked":["Acrobatics","Terror"],"picked":"Backstab+1","floor":24},{"not_picked":["Outmaneuver+1","Dagger Spray"],"picked":"Choke+1","floor":25},{"not_picked":["Deflect+1","Doppelganger"],"picked":"Masterful Stab+1","floor":27}],"player_experience":404476,"relics_obtained":[{"floor":7,"key":"Dream Catcher"},{"floor":9,"key":"Centennial Puzzle"},{"floor":26,"key":"Art of War"}],"event_choices":[{"event_name":"The Woman in Blue","player_choice":"Bought 2 Potions","floor":2,"damage_taken":0},{"event_name":"Match and Keep!","player_choice":"3 cards matched","floor":3,"damage_taken":0},{"event_name":"Liars Game","player_choice":"agreed","floor":4,"damage_taken":0},{"event_name":"Upgrade Shrine","player_choice":"Upgraded","floor":11,"damage_taken":0},{"event_name":"The Mausoleum","player_choice":"Yes","floor":20,"damage_taken":0}],"is_beta":true,"boss_relics":[{"not_picked":["WristBlade","Snecko Eye"],"picked":"Cursed Key"}],"items_purged_floors":[5],"is_endless":false,"potions_floor_spawned":[1,7,8,21,24,25],"killed_by":"3 Cultists","ascension_level":8}