{"gold_per_floor":[111,31,41,41,57,89,102,130,183,183,183,72,72,72,72,192,192,205,205,223,123,139,182,182,182,206,206,206,225,238,43,43,162,162,182,92,110,124,124,124,142,142,142,142,163,163,163],"floor_reached":47,"playtime":2027,"items_purged":["Strike_G","Strike_G","Defend_G"],"score":478,"play_id":"d3110e55-39fc-4037-b3fd-f5a81989580b","local_time":"20190412222213","is_ascension_mode":false,"campfire_choices":[{"floor":10,"key":"REST"},{"data":"Caltrops","floor":15,"key":"SMITH"},{"floor":24,"key":"REST"},{"floor":28,"key":"REST"},{"floor":32,"key":"REST"},{"floor":42,"key":"RECALL"},{"floor":44,"key":"REST"}],"neow_cost":"NONE","seed_source_timestamp":3838433110260,"circlet_count":0,"master_deck":["Defend_G+1","Defend_G+1","Defend_G+1","Defend_G+1","Survivor+1","Neutralize+1","Flying Knee+1","Noxious Fumes+1","Poisoned Stab+1","Backflip+1","Noxious Fumes+1","Deadly Poison+1","Expertise+1","Caltrops+1","Adrenaline+1","Die Die Die+1","Storm of Steel+1","Escape Plan+1","Caltrops+1","Neutralize+1","Backstab+1","Crippling Poison+1","Deadly Poison+1","Sucker Punch+1","Leg Sweep+1","Bullet Time+1","Leg Sweep+1","Discovery+1","Poisoned Stab+1","Sucker Punch+1","Prepared+1","Bouncing Flask+1"],"relics":["Ring of the Snake","NeowsBlessing","Shuriken","Bottled Tornado","Anchor","Golden Idol","Astrolabe","Strawberry","Toxic Egg 2","HoveringKite","Mark of the Bloom","Paper Crane","Omamori"],"potions_floor_usage":[23,23,33],"damage_taken":[{"damage":0,"enemies":"Small Slimes","floor":1,"turns":1},{"damage":0,"enemies":"2 Louse","floor":3,"turns":1},{"damage":0,"enemies":"Jaw Worm","floor":5,"turns":1},{"damage":33,"enemies":"3 Sentries","floor":6,"turns":7},{"damage":10,"enemies":"Large Slime","floor":7,"turns":7},{"damage":18,"enemies":"Gremlin Nob","floor":8,"turns":4},{"damage":21,"enemies":"The Guardian","floor":16,"turns":9},{"damage":19,"enemies":"Spheric Guardian","floor":18,"turns":4},{"damage":22,"enemies":"2 Thieves","floor":20,"turns":4},{"damage":22,"enemies":"Sentry and Sphere","floor":22,"turns":5},{"damage":0,"enemies":"Gremlin Leader","floor":23,"turns":5},{"damage":0,"enemies":"Cultist and Chosen","floor":29,"turns":4},{"damage":6,"enemies":"3 Cultists","floor":30,"turns":4},{"damage":24,"enemies":"Collector","floor":33,"turns":8},{"damage":3,"enemies":"Orb Walker","floor":35,"turns":4},{"damage":19,"enemies":"3 Darklings","floor":37,"turns":5},{"damage":22,"enemies":"Jaw Worm Horde","floor":38,"turns":4},{"damage":10,"enemies":"Sphere and 2 Shapes","floor":41,"turns":5},{"damage":2,"enemies":"Maw","floor":45,"turns":6},{"damage":19,"enemies":"Spire Growth","floor":47,"turns":4}],"seed_played":"3678160629014542852","potions_obtained":[{"floor":1,"key":"GhostInAJar"},{"floor":16,"key":"Block Potion"},{"floor":22,"key":"GamblersBrew"},{"floor":29,"key":"Dexterity Potion"},{"floor":37,"key":"Dexterity Potion"},{"floor":41,"key":"Poison Potion"},{"floor":45,"key":"Explosive Potion"}],"is_trial":false,"path_per_floor":["M","$","M","?","M","E","M","E","T","R","?","$","?","?","R","B",null,"M","?","M","$","M","E","R","?","T","?","R","M","M","$","R","B",null,"M","$","M","M","?","?","M","R","T","R","M","T","M"],"character_chosen":"THE_SILENT","items_purchased":["Noxious Fumes","Caltrops","Leg Sweep+1","Discovery+1"],"campfire_rested":5,"item_purchase_floors":[2,12,31,36],"current_hp_per_floor":[70,70,70,70,70,37,27,9,9,30,30,30,30,51,51,30,65,46,46,24,24,2,9,30,30,30,30,51,51,45,45,66,42,72,69,69,50,28,28,28,18,18,18,18,16,16,0],"gold":163,"neow_bonus":"THREE_ENEMY_KILL","is_prod":false,"is_daily":false,"chose_seed":false,"campfire_upgraded":1,"win_rate":0,"timestamp":1555078933,"path_taken":["M","$","M","?","M","E","M","E","T","R","?","?","?","?","R","BOSS","M","?","?","$","M","E","R","?","T","?","R","M","M","$","R","BOSS","M","$","M","?","?","?","M","R","T","R","M","?","M"],"build_version":"2019-01-23","purchased_purges":3,"victory":false,"max_hp_per_floor":[70,70,70,70,70,70,70,70,70,70,70,70,65,65,65,65,65,65,65,65,65,65,72,72,72,72,72,72,72,72,72,72,72,72,72,72,72,72,72,72,72,72,72,72,72,72,72],"card_choices":[{"not_picked":["Dash","Outmaneuver"],"picked":"Flying Knee","floor":1},{"not_picked":["Sucker Punch","Caltrops"],"picked":"Poisoned Stab","floor":3},{"not_picked":["Dodge and Roll","Outmaneuver"],"picked":"Backflip","floor":5},{"not_picked":["Predator","Prepared"],"picked":"Noxious Fumes","floor":6},{"not_picked":["Distraction","Acrobatics"],"picked":"Deadly Poison","floor":7},{"not_picked":["Acrobatics","Deflect"],"picked":"Expertise","floor":8},{"not_picked":["Doppelganger","Storm of Steel"],"picked":"Adrenaline","floor":16},{"not_picked":["Poisoned Stab+1","Calculated Gamble"],"picked":"Caltrops","floor":18},{"not_picked":["Flying Knee","Backflip"],"picked":"Backstab","floor":20},{"not_picked":["PiercingWail","Acrobatics"],"picked":"Crippling Poison+1","floor":22},{"not_picked":["Deflect+1","Tactician"],"picked":"Deadly Poison+1","floor":23},{"not_picked":["Backflip+1","Setup+1"],"picked":"Sucker Punch+1","floor":29},{"not_picked":["PiercingWail+1","Expertise+1","Bane"],"picked":"SKIP","floor":30},{"not_picked":["Glass Knife","Malaise+1"],"picked":"Bullet Time+1","floor":33},{"not_picked":["PiercingWail+1","Cloak And Dagger+1"],"picked":"Leg Sweep+1","floor":35},{"not_picked":["Bane","Flying Knee"],"picked":"Poisoned Stab","floor":37},{"not_picked":["Deflect+1","Dodge and Roll+1"],"picked":"Sucker Punch+1","floor":38},{"not_picked":["Cloak And Dagger+1","Underhanded Strike"],"picked":"Prepared+1","floor":41},{"not_picked":["Quick Slash","Deadly Poison+1"],"picked":"Bouncing Flask+1","floor":45}],"player_experience":190184,"relics_obtained":[{"floor":6,"key":"Shuriken"},{"floor":8,"key":"Bottled Tornado"},{"floor":9,"key":"Anchor"},{"floor":23,"key":"Strawberry"},{"floor":43,"key":"Paper Crane"},{"floor":46,"key":"Omamori"}],"event_choices":[{"damage_healed":0,"gold_gain":0,"player_choice":"Leave","damage_taken":0,"max_hp_gain":0,"max_hp_loss":0,"event_name":"The Cleric","floor":4,"gold_loss":0},{"damage_healed":0,"gold_gain":0,"player_choice":"Grow","damage_taken":0,"max_hp_gain":0,"max_hp_loss":0,"event_name":"Living Wall","floor":11,"gold_loss":0,"cards_upgraded":["Noxious Fumes"]},{"damage_healed":0,"gold_gain":0,"player_choice":"Lose Max HP","damage_taken":0,"relics_obtained":["Golden Idol"],"max_hp_gain":0,"max_hp_loss":5,"event_name":"Golden Idol","floor":13,"gold_loss":0},{"damage_healed":21,"gold_gain":0,"player_choice":"Banana","damage_taken":0,"max_hp_gain":0,"max_hp_loss":0,"event_name":"Big Fish","floor":14,"gold_loss":0},{"damage_healed":0,"gold_gain":0,"player_choice":"1 cards matched","damage_taken":0,"max_hp_gain":0,"max_hp_loss":0,"event_name":"Match and Keep!","floor":19,"gold_loss":0,"cards_obtained":["Neutralize"]},{"damage_healed":0,"gold_gain":0,"player_choice":"Ignored","damage_taken":0,"max_hp_gain":0,"max_hp_loss":0,"event_name":"Ghosts","floor":25,"gold_loss":0},{"damage_healed":0,"gold_gain":0,"player_choice":"Gave Potion","damage_taken":0,"relics_obtained":["Toxic Egg 2"],"max_hp_gain":0,"max_hp_loss":0,"event_name":"WeMeetAgain","floor":27,"gold_loss":0},{"damage_healed":0,"gold_gain":0,"player_choice":"Upgrade","damage_taken":0,"relics_obtained":["Mark of the Bloom"],"max_hp_gain":0,"max_hp_loss":0,"event_name":"MindBloom","floor":39,"gold_loss":0,"cards_upgraded":["Defend_G","Defend_G","Defend_G","Defend_G","Survivor","Neutralize","Flying Knee","Poisoned Stab","Backflip","Noxious Fumes","Deadly Poison","Expertise","Adrenaline","Caltrops","Neutralize","Backstab","Poisoned Stab"]},{"damage_healed":0,"gold_gain":0,"player_choice":"Ignored","damage_taken":0,"max_hp_gain":0,"max_hp_loss":0,"event_name":"Tomb of Lord Red Mask","floor":40,"gold_loss":0}],"is_beta":false,"boss_relics":[{"not_picked":["Sozu","Philosopher\u0027s Stone"],"picked":"Astrolabe"},{"not_picked":["Runic Dome","Velvet Choker"],"picked":"HoveringKite"}],"items_purged_floors":[12,21,31],"is_endless":false,"potions_floor_spawned":[1,16,22,29,37,41,45],"killed_by":"Spire Growth","ascension_level":0}