{"path_per_floor":["M","M","M","?","M","E","R","?","T","E","M","R","M","M","R","B",null,"M","M","?","$","M","E","R","E","T","E","M","M","R","M","R"],"character_chosen":"DEFECT","items_purchased":["Anchor","Boot"],"gold_per_floor":[111,124,136,136,156,182,182,182,182,215,235,235,256,272,272,402,402,422,436,436,133,158,189,189,228,254,285,298,316,316,330,330,330],"floor_reached":33,"campfire_rested":4,"playtime":1776,"item_purchase_floors":[21,21],"current_hp_per_floor":[75,75,75,75,75,67,67,49,49,31,20,42,31,11,33,6,75,75,67,67,67,65,63,63,24,24,24,10,10,34,22,46,0],"items_purged":["Strike_B"],"gold":330,"score":381,"play_id":"1445a610-96b4-4c49-b299-d99e657240cd","local_time":"20180524123935","is_prod":false,"is_daily":false,"chose_seed":false,"is_ascension_mode":true,"campfire_upgraded":2,"win_rate":0,"timestamp":1527158375,"campfire_choices":[{"data":"Consume","floor":7,"key":"SMITH"},{"floor":12,"key":"REST"},{"floor":15,"key":"REST"},{"data":"Zap","floor":24,"key":"SMITH"},{"floor":30,"key":"REST"},{"floor":32,"key":"REST"}],"path_taken":["M","M","M","?","M","E","R","?","T","E","M","R","?","M","R","BOSS","M","M","?","$","M","E","R","E","T","E","M","M","R","M","R","BOSS"],"build_version":"2018-05-23v2","seed_source_timestamp":9015934147761,"purchased_purges":1,"victory":false,"master_deck":["Strike_B","Strike_B","Strike_B","Defend_B","Defend_B","Defend_B","Defend_B","Zap+1","Dualcast+1","Ball Lightning","Coolheaded","Ball Lightning","Melter","Consume+1","Capacitor","Lockon","Go for the Eyes","Chill","Core Surge","Hyperbeam","Rip and Tear","Tempest","Leap","Ball Lightning+1","Beam Cell","Normality","Darkness","Rip and Tear","Defragment","Redo"],"max_hp_per_floor":[75,75,75,75,75,75,75,75,75,75,75,75,75,75,75,75,75,75,75,75,75,75,80,80,80,80,80,80,80,80,80,80,80],"relics":["Cracked Core","Question Card","Golden Idol","Symbiotic Virus","The Courier","Cursed Key","Anchor","Boot","Gremlin Horn","Pantograph","Ancient Tea Set","Bottled Lightning"],"card_choices":[{"not_picked":["Barrage","Turbo"],"picked":"Ball Lightning","floor":0},{"not_picked":["Chill","Sweeping Beam"],"picked":"Coolheaded","floor":1},{"not_picked":["Sweeping Beam","Force Field"],"picked":"Ball Lightning","floor":2},{"not_picked":["Blizzard","Loop"],"picked":"Melter","floor":3},{"not_picked":["Leap","Stack"],"picked":"Consume","floor":5},{"not_picked":["Turbo","Static Discharge"],"picked":"Capacitor","floor":6},{"not_picked":["Rebound","Reprogram","Genetic Algorithm"],"picked":"Lockon","floor":10},{"not_picked":["Reprogram","Ball Lightning","Heatsinks"],"picked":"Go for the Eyes","floor":11},{"not_picked":["Sweeping Beam","Steam","Barrage"],"picked":"Chill","floor":13},{"not_picked":["Darkness","Stack","Hologram"],"picked":"Core Surge","floor":14},{"not_picked":["Multi-Cast","All For One","Echo Form"],"picked":"Hyperbeam","floor":16},{"not_picked":["Steam","Go for the Eyes","Cold Snap"],"picked":"Rip and Tear","floor":18},{"not_picked":["Heatsinks","Sweeping Beam","Scrape"],"picked":"Tempest","floor":19},{"not_picked":["Aggregate","Streamline","Scrape"],"picked":"Leap","floor":22},{"not_picked":["Skim","Amplify","Fusion"],"picked":"Ball Lightning+1","floor":23},{"not_picked":["Hologram","Coolheaded","Lockon"],"picked":"Beam Cell","floor":25},{"not_picked":["Cold Snap","Tempest","Force Field"],"picked":"Darkness","floor":27},{"not_picked":["Aggregate","Cold Snap","Skim"],"picked":"Rip and Tear","floor":28},{"not_picked":["Streamline","Lockon","Hologram"],"picked":"Defragment","floor":29},{"not_picked":["Barrage","Darkness","Aggregate"],"picked":"Redo","floor":31}],"player_experience":199145,"potions_floor_usage":[6,16,19,23,23,27,28,31],"damage_taken":[{"damage":0,"enemies":"2 Louse","floor":1,"turns":2},{"damage":0,"enemies":"Cultist","floor":2,"turns":2},{"damage":0,"enemies":"Small Slimes","floor":3,"turns":3},{"damage":0,"enemies":"3 Louse","floor":5,"turns":3},{"damage":8,"enemies":"3 Sentries","floor":6,"turns":4},{"damage":18,"enemies":"Lagavulin","floor":10,"turns":4},{"damage":11,"enemies":"Lots of Slimes","floor":11,"turns":3},{"damage":11,"enemies":"Looter","floor":13,"turns":2},{"damage":20,"enemies":"Gremlin Gang","floor":14,"turns":3},{"damage":27,"enemies":"Slime Boss","floor":16,"turns":7},{"damage":0,"enemies":"3 Byrds","floor":18,"turns":5},{"damage":8,"enemies":"Shell Parasite","floor":19,"turns":3},{"damage":2,"enemies":"Chosen and Byrds","floor":22,"turns":3},{"damage":7,"enemies":"Book of Stabbing","floor":23,"turns":4},{"damage":39,"enemies":"Slavers","floor":25,"turns":3},{"damage":0,"enemies":"Gremlin Leader","floor":27,"turns":4},{"damage":14,"enemies":"Snake Plant","floor":28,"turns":2},{"damage":0,"enemies":"Sentry and Sphere","floor":29,"turns":2},{"damage":12,"enemies":"Snecko","floor":31,"turns":3},{"damage":75,"enemies":"Champ","floor":33,"turns":8}],"relics_obtained":[{"floor":6,"key":"Question Card"},{"floor":9,"key":"Symbiotic Virus"},{"floor":10,"key":"The Courier"},{"floor":23,"key":"Gremlin Horn"},{"floor":25,"key":"Pantograph"},{"floor":26,"key":"Ancient Tea Set"},{"floor":27,"key":"Bottled Lightning"}],"event_choices":[{"event_name":"Living Wall","player_choice":"Grow","floor":4,"damage_taken":0},{"event_name":"Golden Idol","player_choice":"Take Damage","floor":8,"damage_taken":0},{"event_name":"The Lab","player_choice":"Got Potions","floor":20,"damage_taken":0}],"boss_relics":[{"not_picked":["Lizard Tail","Tiny House"],"picked":"Cursed Key"}],"items_purged_floors":[21],"potions_floor_spawned":[1,10,11,16,19,27,29],"seed_played":"-3985229038699402992","killed_by":"Champ","ascension_level":2,"potions_obtained":[{"floor":1,"key":"Block Potion"},{"floor":10,"key":"SteroidPotion"},{"floor":11,"key":"LiquidBronze"},{"floor":16,"key":"Block Potion"},{"floor":19,"key":"SteroidPotion"},{"floor":20,"key":"Fruit Juice"},{"floor":20,"key":"Block Potion"},{"floor":20,"key":"FocusPotion"},{"floor":27,"key":"PowerPotion"},{"floor":29,"key":"Poison Potion"}],"is_trial":false}