{"gold_per_floor":[109,124,135,285,96,96,121,121,121,146,146,181,206,55,55,132,132,149,64,64,339,354,386,398,439,501,532,572,596,622,652,664,752,764,795,468,468,468,488,522,522,922,946,946,946,971,986,1040,1040,1040,1040,1040,1040,120,152,152],"floor_reached":57,"playtime":2700,"items_purged":["Strike_B","Strike_B","Strike_B","Defend_B"],"score":3093,"play_id":"20c34d98-ba2c-4e65-8f0c-620967275825","local_time":"20190319202359","is_ascension_mode":true,"campfire_choices":[{"data":"Defragment","floor":6,"key":"SMITH"},{"data":"Zap","floor":8,"key":"SMITH"},{"data":"Defragment","floor":11,"key":"SMITH"},{"data":"Coolheaded","floor":15,"key":"SMITH"},{"data":"Electrodynamics","floor":24,"key":"SMITH"},{"data":"Consume","floor":32,"key":"SMITH"},{"data":"Coolheaded","floor":41,"key":"SMITH"},{"data":"Coolheaded","floor":45,"key":"SMITH"},{"floor":49,"key":"RECALL"},{"data":"Fission","floor":53,"key":"SMITH"}],"neow_cost":"NONE","seed_source_timestamp":35192039786486,"circlet_count":0,"master_deck":["AscendersBane","Defend_B","Defend_B","Defend_B","Zap+1","Dualcast","Cold Snap+1","White Noise","Rip and Tear","Defragment+1","Ball Lightning","Self Repair","Defragment+1","Glacier","Coolheaded+1","Electrodynamics+1","Genetic Algorithm","Coolheaded+1","Static Discharge","Ball Lightning","Consume+1","Capacitor+1","Echo Form","Blizzard+1","Coolheaded+1","Chill","Fission+1","Force Field","Blizzard+1","Meteor Strike"],"relics":["Cracked Core","Omamori","Mummified Hand","Kunai","Oddly Smooth Stone","Blood Vial","Odd Mushroom","Snecko Eye","Torii","MawBank","Bronze Scales","Bag of Preparation","Art of War","Black Star","Anchor","Symbiotic Virus","Juzu Bracelet","Old Coin","DataDisk","Ice Cream","Prayer Wheel","Bottled Lightning","Strawberry","TheAbacus","Orichalcum","Whetstone"],"potions_floor_usage":[10,47,55,56],"damage_taken":[{"damage":0,"enemies":"Cultist","floor":1,"turns":3},{"damage":1,"enemies":"2 Louse","floor":2,"turns":2},{"damage":9,"enemies":"Small Slimes","floor":3,"turns":4},{"damage":17,"enemies":"Lagavulin","floor":7,"turns":6},{"damage":4,"enemies":"Gremlin Nob","floor":10,"turns":3},{"damage":0,"enemies":"Lagavulin","floor":12,"turns":6},{"damage":0,"enemies":"The Mushroom Lair","floor":13,"turns":4},{"damage":0,"enemies":"The Guardian","floor":16,"turns":8},{"damage":0,"enemies":"Shell Parasite","floor":18,"turns":3},{"damage":7,"enemies":"3 Byrds","floor":22,"turns":3},{"damage":15,"enemies":"Slavers","floor":23,"turns":3},{"damage":0,"enemies":"Gremlin Leader","floor":25,"turns":5},{"damage":9,"enemies":"Snake Plant","floor":27,"turns":3},{"damage":8,"enemies":"Slavers","floor":28,"turns":2},{"damage":0,"enemies":"Centurion and Healer","floor":29,"turns":4},{"damage":0,"enemies":"Snecko","floor":30,"turns":5},{"damage":1,"enemies":"Snake Plant","floor":31,"turns":2},{"damage":20,"enemies":"Collector","floor":33,"turns":8},{"damage":9,"enemies":"3 Shapes","floor":35,"turns":3},{"damage":17,"enemies":"3 Darklings","floor":39,"turns":4},{"damage":15,"enemies":"Reptomancer","floor":40,"turns":5},{"damage":0,"enemies":"Mind Bloom Boss Battle","floor":42,"turns":5},{"damage":0,"enemies":"Giant Head","floor":46,"turns":7},{"damage":1,"enemies":"Maw","floor":47,"turns":7},{"damage":0,"enemies":"2 Orb Walkers","floor":48,"turns":2},{"damage":10,"enemies":"Donu and Deca","floor":50,"turns":6},{"damage":1,"enemies":"Awakened One","floor":51,"turns":25},{"damage":40,"enemies":"Shield and Spear","floor":55,"turns":4},{"damage":30,"enemies":"The Heart","floor":56,"turns":8}],"seed_played":"-3852771001068594134","potions_obtained":[{"floor":1,"key":"Explosive Potion"},{"floor":2,"key":"PowerPotion"},{"floor":7,"key":"Weak Potion"},{"floor":10,"key":"PowerPotion"},{"floor":16,"key":"AttackPotion"},{"floor":47,"key":"Fruit Juice"},{"floor":48,"key":"SkillPotion"}],"is_trial":false,"path_per_floor":["M","M","M","?","$","R","E","R","T","E","R","E","?","$","R","B",null,"M","?","$","?","M","E","R","E","T","M","E","M","M","M","R","B",null,"M","$","?","?","M","E","R","?","T","?","R","E","M","?","R","B","B",null,"R","$","E","B",null],"character_chosen":"DEFECT","items_purchased":["Defragment","Ball Lightning","Coolheaded","Anchor","Coolheaded","Bottled Lightning","Strawberry","Force Field","Blizzard","TheAbacus"],"campfire_rested":0,"item_purchase_floors":[5,5,14,36,36,54,54,54,54,54],"current_hp_per_floor":[64,63,54,54,54,54,37,37,37,40,40,47,56,56,56,65,70,71,71,71,71,71,63,63,71,71,69,70,71,71,71,71,58,68,68,68,68,68,60,54,54,70,70,67,67,67,72,72,72,62,70,72,72,79,53,32],"gold":152,"neow_bonus":"RANDOM_COMMON_RELIC","is_prod":false,"is_daily":false,"chose_seed":false,"campfire_upgraded":9,"win_rate":0,"timestamp":1553023439,"path_taken":["M","?","?","?","$","R","E","R","T","E","R","E","?","$","R","BOSS","M","?","$","?","M","E","R","E","T","M","E","M","?","M","R","BOSS","M","$","?","?","M","E","R","?","T","?","R","E","M","?","R","BOSS","BOSS","R","$","E","BOSS"],"build_version":"2019-01-23","purchased_purges":4,"victory":true,"max_hp_per_floor":[71,71,71,71,71,71,71,71,71,71,71,71,71,71,71,71,71,71,71,71,71,71,71,71,71,71,71,71,71,71,71,71,71,71,71,71,71,71,71,71,71,71,71,67,67,67,72,72,72,72,72,72,72,79,79,79],"card_choices":[{"not_picked":["Recycle","Steam"],"picked":"Cold Snap","floor":1},{"not_picked":["Aggregate","Recycle"],"picked":"White Noise","floor":2},{"not_picked":["Stack","Turbo"],"picked":"Rip and Tear","floor":3},{"not_picked":["Skim","Recycle"],"picked":"Self Repair","floor":7},{"not_picked":["Genetic Algorithm","Gash"],"picked":"Defragment","floor":10},{"not_picked":["Static Discharge","Ball Lightning"],"picked":"Glacier","floor":12},{"not_picked":["Reboot","Meteor Strike"],"picked":"Electrodynamics","floor":16},{"not_picked":["Streamline","Recycle","Stack"],"picked":"SKIP","floor":18},{"not_picked":["Steam+1","Streamline","Double Energy"],"picked":"SKIP","floor":22},{"not_picked":["Conserve Battery","Undo"],"picked":"Genetic Algorithm","floor":23},{"not_picked":["Stack","Go for the Eyes"],"picked":"Coolheaded","floor":25},{"not_picked":["Compile Driver+1","Conserve Battery"],"picked":"Static Discharge","floor":27},{"not_picked":["Melter","Stack"],"picked":"Ball Lightning","floor":28},{"not_picked":["Tempest+1","Cold Snap"],"picked":"Consume","floor":29},{"not_picked":["Go for the Eyes","Defragment+1"],"picked":"Capacitor+1","floor":30},{"not_picked":["Beam Cell","Redo","Ball Lightning"],"picked":"SKIP","floor":31},{"not_picked":["Buffer","Amplify"],"picked":"Echo Form","floor":33},{"not_picked":["BootSequence","Compile Driver"],"picked":"Blizzard+1","floor":35},{"not_picked":["Beam Cell","Redo","Aggregate"],"picked":"SKIP","floor":39},{"not_picked":["Lockon+1","Streamline","Turbo"],"picked":"SKIP","floor":40},{"not_picked":["Genetic Algorithm","Hello World"],"picked":"Chill","floor":42},{"not_picked":["Beam Cell","Barrage"],"picked":"Fission","floor":46},{"not_picked":["Stack+1","FTL","Go for the Eyes"],"picked":"SKIP","floor":47},{"not_picked":["Stack+1","Sweeping Beam+1"],"picked":"Meteor Strike","floor":55}],"player_experience":1446036,"relics_obtained":[{"floor":7,"key":"Mummified Hand"},{"floor":9,"key":"Kunai"},{"floor":10,"key":"Oddly Smooth Stone"},{"floor":12,"key":"Blood Vial"},{"floor":13,"key":"Odd Mushroom"},{"floor":23,"key":"MawBank"},{"floor":25,"key":"Bronze Scales"},{"floor":26,"key":"Bag of Preparation"},{"floor":28,"key":"Art of War"},{"floor":40,"key":"Symbiotic Virus"},{"floor":40,"key":"Juzu Bracelet"},{"floor":42,"key":"Old Coin"},{"floor":46,"key":"DataDisk"},{"floor":46,"key":"Ice Cream"},{"floor":48,"key":"Prayer Wheel"},{"floor":55,"key":"Orichalcum"},{"floor":55,"key":"Whetstone"}],"event_choices":[{"damage_healed":0,"gold_gain":150,"player_choice":"AGREE","damage_taken":0,"max_hp_gain":0,"max_hp_loss":0,"event_name":"Liars Game","floor":4,"gold_loss":0,"cards_obtained":["Doubt"]},{"damage_healed":0,"gold_gain":0,"player_choice":"Fought Mushrooms","damage_taken":0,"max_hp_gain":0,"max_hp_loss":0,"event_name":"Mushrooms","floor":13,"gold_loss":0},{"damage_healed":0,"gold_gain":0,"player_choice":"Obtained Relic","damage_taken":0,"relics_obtained":["Torii"],"max_hp_gain":0,"max_hp_loss":0,"event_name":"Addict","floor":19,"gold_loss":85},{"damage_healed":0,"gold_gain":275,"player_choice":"Desecrate","damage_taken":0,"max_hp_gain":0,"max_hp_loss":0,"event_name":"Golden Shrine","floor":21,"gold_loss":0,"cards_obtained":["Regret"]},{"damage_healed":0,"gold_gain":0,"player_choice":"Ignored","damage_taken":0,"max_hp_gain":0,"max_hp_loss":0,"event_name":"Tomb of Lord Red Mask","floor":37,"gold_loss":0},{"cards_removed":["Strike_B"],"damage_healed":0,"gold_gain":0,"player_choice":"Removed Attack","damage_taken":0,"max_hp_gain":0,"max_hp_loss":0,"event_name":"Falling","floor":38,"gold_loss":0},{"damage_healed":0,"gold_gain":0,"player_choice":"Fight","damage_taken":0,"max_hp_gain":0,"max_hp_loss":0,"event_name":"MindBloom","floor":42,"gold_loss":0},{"damage_healed":0,"gold_gain":0,"player_choice":"Max HP","damage_taken":0,"max_hp_gain":0,"max_hp_loss":4,"event_name":"Winding Halls","floor":44,"gold_loss":0},{"damage_healed":0,"gold_gain":0,"player_choice":"Fight","damage_taken":0,"max_hp_gain":0,"max_hp_loss":0,"event_name":"Mysterious Sphere","floor":48,"gold_loss":0}],"is_beta":false,"boss_relics":[{"not_picked":["FrozenCore","Calling Bell"],"picked":"Snecko Eye"},{"not_picked":["Cursed Key","Lizard Tail"],"picked":"Black Star"}],"items_purged_floors":[5,14,36,54],"is_endless":false,"potions_floor_spawned":[1,2,7,10,16,18,23,25,39,40,47,48],"ascension_level":20}