{"gold_per_floor":[116,27,27,57,77,77,87,44,44,71,71,71],"floor_reached":12,"playtime":281,"items_purged":[],"score":152,"play_id":"6980e856-6b4d-43e9-9a7a-150c22a4abd6","local_time":"20190920011436","is_ascension_mode":true,"campfire_choices":[{"data":"Spot Weakness","floor":6,"key":"SMITH"},{"data":"Fire Breathing","floor":11,"key":"SMITH"}],"neow_cost":"NONE","seed_source_timestamp":55428850337009,"circlet_count":0,"master_deck":["AscendersBane","Strike_R","Strike_R","Strike_R","Strike_R","Strike_R","Defend_R+1","Defend_R","Defend_R","Defend_R","Bash+1","Spot Weakness+1","Flash of Steel","Thunderclap","Battle Trance","Fire Breathing+1"],"relics":["Burning Blood","Tiny Chest","Pear","Eternal Feather"],"potions_floor_usage":[],"damage_taken":[{"damage":16,"enemies":"Jaw Worm","floor":1,"turns":6},{"damage":5,"enemies":"Small Slimes","floor":5,"turns":3},{"damage":0,"enemies":"Cultist","floor":7,"turns":2},{"damage":31,"enemies":"Lagavulin","floor":10,"turns":7},{"damage":23,"enemies":"Red Slaver","floor":12,"turns":3}],"seed_played":"7968706276148004298","potions_obtained":[{"floor":10,"key":"Energy Potion"}],"is_trial":false,"path_per_floor":["M","$","?","?","M","R","M","$","T","E","R","M"],"character_chosen":"IRONCLAD","items_purchased":["Flash of Steel","Fire Breathing"],"campfire_rested":0,"item_purchase_floors":[2,8],"current_hp_per_floor":[65,65,40,22,23,23,29,29,39,14,23,0],"gold":71,"neow_bonus":"TEN_PERCENT_HP_BONUS","is_prod":false,"is_daily":false,"chose_seed":false,"campfire_upgraded":2,"win_rate":0,"timestamp":1568934876,"path_taken":["M","$","?","?","?","R","M","?","T","E","R","M"],"build_version":"2019-09-19","purchased_purges":0,"victory":false,"max_hp_per_floor":[82,82,82,82,82,82,82,82,92,92,92,92],"card_choices":[{"not_picked":["Cleave","Sword Boomerang"],"picked":"Spot Weakness","floor":1},{"not_picked":["Havoc","Blood for Blood"],"picked":"Thunderclap","floor":5},{"not_picked":["Cleave","Headbutt"],"picked":"Battle Trance","floor":7},{"not_picked":["Rupture","Dark Embrace","Sentinel"],"picked":"SKIP","floor":10}],"player_experience":2079001,"relics_obtained":[{"floor":9,"key":"Pear"},{"floor":10,"key":"Eternal Feather"}],"event_choices":[{"damage_healed":0,"gold_gain":0,"player_choice":"Entered Light","damage_taken":25,"max_hp_gain":0,"max_hp_loss":0,"event_name":"Shining Light","floor":3,"gold_loss":0,"cards_upgraded":["Defend_R","Bash"]},{"damage_healed":0,"gold_gain":0,"player_choice":"Success","damage_taken":18,"relics_obtained":["Tiny Chest"],"max_hp_gain":0,"max_hp_loss":0,"event_name":"Scrap Ooze","floor":4,"gold_loss":0}],"is_beta":true,"boss_relics":[],"items_purged_floors":[],"is_endless":false,"potions_floor_spawned":[10],"killed_by":"Red Slaver","ascension_level":20}