{"gold_per_floor":[109,124,134,146,111,111,172,172,172,172,190,218,218,246,246,344,344,358,283,312,70,70,104,203,203,203,203],"floor_reached":27,"playtime":1380,"items_purged":["Strike_B","Strike_B"],"score":381,"play_id":"9a066e13-0782-49e9-9631-4a2f13cccc36","local_time":"20190409105929","is_ascension_mode":true,"campfire_choices":[{"data":"Dualcast","floor":6,"key":"SMITH"},{"floor":10,"key":"REST"},{"data":"Capacitor","floor":15,"key":"SMITH"},{"floor":25,"key":"REST"}],"neow_cost":"NONE","seed_source_timestamp":10388463839000,"circlet_count":0,"master_deck":["Strike_B","Defend_B","Defend_B","Defend_B","Defend_B","Zap+1","Dualcast+1","Capacitor+1","Conserve Battery","Cold Snap","Blizzard","Ball Lightning","Steam","Electrodynamics","Reinforced Body","Creative AI","Conserve Battery","Coolheaded+1","Cold Snap","Auto Shields","Defragment"],"relics":["Cracked Core","Tiny Chest","Happy Flower","Kunai","Bag of Marbles","White Beast Statue","Red Mask","Orichalcum","Matryoshka"],"potions_floor_usage":[7,11,12,20,23,23,27],"damage_taken":[{"damage":2,"enemies":"Jaw Worm","floor":1,"turns":2},{"damage":4,"enemies":"Small Slimes","floor":2,"turns":3},{"damage":1,"enemies":"2 Louse","floor":3,"turns":3},{"damage":13,"enemies":"2 Fungi Beasts","floor":4,"turns":4},{"damage":14,"enemies":"Gremlin Nob","floor":7,"turns":5},{"damage":4,"enemies":"Large Slime","floor":11,"turns":6},{"damage":0,"enemies":"3 Sentries","floor":12,"turns":2},{"damage":16,"enemies":"Lagavulin","floor":14,"turns":7},{"damage":44,"enemies":"Hexaghost","floor":16,"turns":14},{"damage":5,"enemies":"Chosen","floor":18,"turns":4},{"damage":42,"enemies":"Masked Bandits","floor":20,"turns":6},{"damage":39,"enemies":"Book of Stabbing","floor":23,"turns":8},{"damage":45,"enemies":"Slavers","floor":27,"turns":4}],"seed_played":"5993079928464268556","potions_obtained":[{"floor":2,"key":"PowerPotion"},{"floor":3,"key":"Weak Potion"},{"floor":4,"key":"SkillPotion"},{"floor":18,"key":"Explosive Potion"},{"floor":20,"key":"Fruit Juice"},{"floor":23,"key":"Poison Potion"}],"is_trial":false,"path_per_floor":["M","M","M","M","?","R","E","?","T","R","M","E","?","E","R","B",null,"M","$","?","$","?","E","?","R","T","E"],"character_chosen":"DEFECT","items_purchased":["Cold Snap","Block Potion","Auto Shields"],"campfire_rested":2,"item_purchase_floors":[21,21,21],"current_hp_per_floor":[66,62,61,48,66,66,52,45,45,67,63,63,63,47,47,3,57,52,52,10,10,35,1,1,25,25,0],"gold":203,"neow_bonus":"UPGRADE_CARD","is_prod":false,"is_daily":false,"chose_seed":false,"campfire_upgraded":2,"win_rate":0,"timestamp":1554832769,"path_taken":["M","M","M","M","?","R","E","?","T","R","M","E","?","E","R","BOSS","M","$","?","$","?","E","?","R","T","E"],"build_version":"2019-01-23","purchased_purges":2,"victory":false,"max_hp_per_floor":[75,75,75,75,75,75,75,75,75,75,75,75,75,75,75,75,75,75,75,75,75,75,80,80,80,80,80],"card_choices":[{"not_picked":["Turbo","Darkness"],"picked":"Capacitor","floor":1},{"not_picked":["Redo","Turbo"],"picked":"Conserve Battery","floor":2},{"not_picked":["Steam","Sweeping Beam"],"picked":"Cold Snap","floor":3},{"not_picked":["Doom and Gloom","Undo"],"picked":"Blizzard","floor":4},{"not_picked":["Stack","Steam Power"],"picked":"Ball Lightning","floor":7},{"not_picked":["Compile Driver","Hologram"],"picked":"Steam","floor":11},{"not_picked":["Turbo","Streamline"],"picked":"Electrodynamics","floor":12},{"not_picked":["Doom and Gloom","Force Field"],"picked":"Reinforced Body","floor":14},{"not_picked":["Biased Cognition","Reboot"],"picked":"Creative AI","floor":16},{"not_picked":["Beam Cell","Streamline"],"picked":"Conserve Battery","floor":18},{"not_picked":["Rebound","Steam"],"picked":"Coolheaded+1","floor":20},{"not_picked":["Auto Shields+1","Coolheaded"],"picked":"Defragment","floor":23}],"player_experience":538329,"relics_obtained":[{"floor":7,"key":"Tiny Chest"},{"floor":9,"key":"Happy Flower"},{"floor":12,"key":"Kunai"},{"floor":14,"key":"Bag of Marbles"},{"floor":20,"key":"Red Mask"},{"floor":23,"key":"Orichalcum"},{"floor":26,"key":"Matryoshka"}],"event_choices":[{"damage_healed":18,"gold_gain":0,"player_choice":"Healed","damage_taken":0,"max_hp_gain":0,"max_hp_loss":0,"event_name":"The Cleric","floor":5,"gold_loss":35},{"cards_removed":["Strike_B"],"damage_healed":0,"gold_gain":0,"player_choice":"Card Removal","damage_taken":7,"max_hp_gain":0,"max_hp_loss":0,"event_name":"Golden Wing","floor":8,"gold_loss":0},{"damage_healed":0,"gold_gain":0,"player_choice":"Ignored","damage_taken":0,"max_hp_gain":0,"max_hp_loss":0,"event_name":"Liars Game","floor":13,"gold_loss":0},{"damage_healed":0,"gold_gain":0,"player_choice":"Fought Bandits","damage_taken":0,"max_hp_gain":0,"max_hp_loss":0,"event_name":"Masked Bandits","floor":20,"gold_loss":0},{"damage_healed":25,"gold_gain":0,"player_choice":"Heal","damage_taken":0,"max_hp_gain":0,"max_hp_loss":0,"event_name":"The Library","floor":22,"gold_loss":0},{"damage_healed":0,"gold_gain":99,"player_choice":"Stole From Cult","damage_taken":0,"max_hp_gain":0,"max_hp_loss":0,"event_name":"Nest","floor":24,"gold_loss":0}],"is_beta":false,"boss_relics":[{"not_picked":["Busted Crown","Lizard Tail"],"picked":"White Beast Statue"}],"items_purged_floors":[19,21],"is_endless":false,"potions_floor_spawned":[2,3,4,18,20,23],"killed_by":"Slavers","ascension_level":8}