{"gold_per_floor":[359,376,376,111,127,161,161,187,210,18,18,18,37,37,37,134,134,117,129,149,149,149],"floor_reached":22,"playtime":1105,"items_purged":[],"score":291,"play_id":"bdcb70a5-3b56-49f0-b999-f8d113799c93","local_time":"20180915140426","is_ascension_mode":true,"campfire_choices":[{"data":"Catalyst","floor":7,"key":"SMITH"},{"floor":11,"key":"REST"},{"data":"Footwork","floor":15,"key":"SMITH"}],"neow_cost":"CURSE","seed_source_timestamp":2782319977833,"circlet_count":0,"master_deck":["Defend_G","Defend_G","Defend_G","Defend_G","Defend_G","Strike_G","Strike_G","Strike_G+1","Strike_G+1","Strike_G","Survivor","Neutralize","AscendersBane","Deadly Poison","Bane","Poisoned Stab","Catalyst+1","Footwork+1","Choke","Burst","Quick Slash","Bouncing Flask","Crippling Poison+1","Neutralize"],"relics":["Ring of the Snake","Gremlin Horn","Blood Vial","Whetstone","Ancient Tea Set","HandDrill","Fusion Hammer"],"potions_floor_usage":[8,20,22,22],"damage_taken":[{"damage":1,"enemies":"2 Louse","floor":1,"turns":4},{"damage":1,"enemies":"Cultist","floor":2,"turns":4},{"damage":10,"enemies":"Jaw Worm","floor":5,"turns":4},{"damage":20,"enemies":"Lagavulin","floor":6,"turns":6},{"damage":31,"enemies":"3 Sentries","floor":8,"turns":12},{"damage":5,"enemies":"Exordium Thugs","floor":13,"turns":2},{"damage":22,"enemies":"The Guardian","floor":16,"turns":10},{"damage":23,"enemies":"2 Thieves","floor":18,"turns":4},{"damage":27,"enemies":"Shell Parasite","floor":19,"turns":5},{"damage":15,"enemies":"Centurion and Healer","floor":20,"turns":6},{"damage":12,"enemies":"Shelled Parasite and Fungi","floor":22,"turns":1}],"seed_played":"4459408200242237012","potions_obtained":[{"floor":5,"key":"GamblersBrew"},{"floor":8,"key":"Block Potion"},{"floor":13,"key":"Energy Potion"},{"floor":16,"key":"Strength Potion"}],"is_trial":false,"path_per_floor":["M","M","?","$","M","E","R","E","T","$","R","$","M","?","R","B",null,"M","M","M","?"],"character_chosen":"THE_SILENT","items_purchased":["Gremlin Horn","Poisoned Stab","HandDrill"],"campfire_rested":1,"item_purchase_floors":[4,4,10],"current_hp_per_floor":[62,61,61,61,51,31,31,2,2,2,23,23,20,70,70,48,65,44,19,6,6,0],"gold":149,"neow_bonus":"TWO_FIFTY_GOLD","is_prod":false,"is_daily":false,"chose_seed":false,"campfire_upgraded":2,"win_rate":0,"timestamp":1537013066,"path_taken":["M","M","?","$","M","E","R","E","T","?","R","?","M","?","R","BOSS","M","?","M","?","?"],"build_version":"2018-09-12","purchased_purges":0,"victory":false,"max_hp_per_floor":[70,70,70,70,70,70,70,70,70,70,70,70,70,70,70,70,70,70,70,70,70,70],"card_choices":[{"not_picked":["Backflip","PiercingWail"],"picked":"Deadly Poison","floor":1},{"not_picked":["Calculated Gamble","Dagger Throw"],"picked":"Bane","floor":2},{"not_picked":["Deadly Poison","Backstab"],"picked":"Catalyst","floor":5},{"not_picked":["Cloak And Dagger","Endless Agony"],"picked":"Footwork","floor":6},{"not_picked":["Reflex","Endless Agony"],"picked":"Choke","floor":8},{"not_picked":["Flying Knee","Underhanded Strike"],"picked":"Crippling Poison","floor":13},{"not_picked":["Glass Knife","Bullet Time"],"picked":"Burst","floor":16},{"not_picked":["Underhanded Strike","Dagger Throw"],"picked":"Quick Slash","floor":18},{"not_picked":["Slice","Cloak And Dagger"],"picked":"Bouncing Flask","floor":19},{"not_picked":["Slice","Flying Knee"],"picked":"Crippling Poison+1","floor":20}],"player_experience":435004,"relics_obtained":[{"floor":6,"key":"Blood Vial"},{"floor":8,"key":"Whetstone"},{"floor":9,"key":"Ancient Tea Set"}],"event_choices":[{"event_name":"Purifier","player_choice":"One Purge","floor":3,"damage_taken":0},{"event_name":"Bonfire Elementals","player_choice":"UNCOMMON","floor":14,"damage_taken":0},{"event_name":"Match and Keep!","player_choice":"1 cards matched","floor":21,"damage_taken":0}],"is_beta":true,"boss_relics":[{"not_picked":["White Beast Statue","Runic Pyramid"],"picked":"Fusion Hammer"}],"items_purged_floors":[],"is_endless":false,"potions_floor_spawned":[5,8,13,16,19],"killed_by":"Shelled Parasite and Fungi","ascension_level":10}