{"gold_per_floor":[109,109,121,16,35,63,63,96,96,124,143,143,156,188,188,261,261,272,3,3,3,3,3,3],"floor_reached":24,"playtime":660,"items_purged":[],"score":444,"play_id":"c6ccc34d-92d4-45d3-a7a6-5e7be001e6df","local_time":"20190724120517","is_ascension_mode":true,"campfire_choices":[{"data":"Defragment","floor":7,"key":"SMITH"},{"floor":12,"key":"REST"},{"floor":15,"key":"REST"},{"data":"Defragment","floor":23,"key":"SMITH"}],"neow_cost":"NONE","seed_source_timestamp":8310295918262,"circlet_count":0,"master_deck":["AscendersBane","Strike_B","Strike_B","Strike_B","Strike_B","Defend_B","Defend_B","Defend_B","Defend_B","Zap","Dualcast","Defragment","Defragment+1","Ball Lightning","Gash","Ball Lightning","Capacitor","Sunder","Turbo","Self Repair","Lockon","Undo","Amplify","Doom and Gloom","Defragment+1","Coolheaded","Shame"],"relics":["Cracked Core","NeowsBlessing","Gremlin Horn","Pear","Symbiotic Virus","Darkstone Periapt","Kunai","Philosopher\u0027s Stone","ClockworkSouvenir","Mercury Hourglass"],"potions_floor_usage":[14,14],"damage_taken":[{"damage":0,"enemies":"2 Louse","floor":1,"turns":1},{"damage":0,"enemies":"Cultist","floor":3,"turns":1},{"damage":0,"enemies":"Small Slimes","floor":5,"turns":1},{"damage":25,"enemies":"Lagavulin","floor":6,"turns":6},{"damage":30,"enemies":"3 Sentries","floor":8,"turns":5},{"damage":15,"enemies":"Lagavulin","floor":10,"turns":5},{"damage":0,"enemies":"3 Louse","floor":11,"turns":2},{"damage":14,"enemies":"Exordium Wildlife","floor":13,"turns":2},{"damage":15,"enemies":"3 Sentries","floor":14,"turns":4},{"damage":34,"enemies":"The Guardian","floor":16,"turns":7},{"damage":7,"enemies":"Chosen","floor":18,"turns":4},{"damage":74,"enemies":"Book of Stabbing","floor":24,"turns":4}],"seed_played":"41356311187240537","potions_obtained":[{"floor":2,"key":"Explosive Potion"},{"floor":2,"key":"GamblersBrew"},{"floor":5,"key":"Strength Potion"},{"floor":11,"key":"Fire Potion"},{"floor":18,"key":"SteroidPotion"}],"is_trial":false,"path_per_floor":["M","?","M","$","M","E","R","E","T","E","M","R","M","E","R","B",null,"M","$","?","?","$","R","E"],"character_chosen":"DEFECT","items_purchased":["Ball Lightning","Gash","ClockworkSouvenir","Defragment"],"campfire_rested":2,"item_purchase_floors":[4,4,19,19],"current_hp_per_floor":[64,64,64,64,64,39,39,19,19,4,4,28,21,13,37,10,63,63,63,63,69,69,69,0],"gold":3,"neow_bonus":"THREE_ENEMY_KILL","is_prod":false,"is_daily":false,"chose_seed":false,"campfire_upgraded":2,"win_rate":0,"timestamp":1563962717,"path_taken":["M","?","?","?","M","E","R","E","T","E","M","R","M","E","R","BOSS","M","$","?","?","?","R","E"],"build_version":"2019-07-17","purchased_purges":0,"victory":false,"max_hp_per_floor":[71,71,71,71,71,71,71,81,81,81,81,81,81,81,81,81,81,81,81,81,87,87,87,87],"card_choices":[{"not_picked":["Go for the Eyes","Conserve Battery"],"picked":"Defragment","floor":1},{"not_picked":["Go for the Eyes","Barrage"],"picked":"Defragment","floor":3},{"not_picked":["Go for the Eyes","Hologram"],"picked":"Ball Lightning","floor":5},{"not_picked":["Lockon","Turbo"],"picked":"Capacitor","floor":6},{"not_picked":["Streamline","Steam"],"picked":"Sunder","floor":8},{"not_picked":["Streamline","Go for the Eyes"],"picked":"Turbo","floor":10},{"not_picked":["All For One","Stack"],"picked":"Self Repair","floor":11},{"not_picked":["Sweeping Beam","Hello World"],"picked":"Lockon","floor":13},{"not_picked":["Beam Cell","Blizzard"],"picked":"Undo","floor":14},{"not_picked":["Meteor Strike","Hyperbeam"],"picked":"Amplify","floor":16},{"not_picked":["Compile Driver","Hologram"],"picked":"Doom and Gloom","floor":18}],"player_experience":1835976,"relics_obtained":[{"floor":6,"key":"Gremlin Horn"},{"floor":8,"key":"Pear"},{"floor":9,"key":"Symbiotic Virus"},{"floor":10,"key":"Darkstone Periapt"},{"floor":14,"key":"Kunai"}],"event_choices":[{"damage_healed":0,"gold_gain":0,"player_choice":"Got Potions","damage_taken":0,"max_hp_gain":0,"max_hp_loss":0,"event_name":"Lab","floor":2,"gold_loss":0},{"damage_healed":0,"gold_gain":0,"player_choice":"Read","damage_taken":0,"max_hp_gain":0,"max_hp_loss":0,"event_name":"The Library","floor":20,"gold_loss":0,"cards_obtained":["Coolheaded"]},{"damage_healed":0,"gold_gain":0,"player_choice":"Stole Relic","damage_taken":0,"relics_obtained":["Mercury Hourglass"],"max_hp_gain":0,"max_hp_loss":0,"event_name":"Addict","floor":21,"gold_loss":0,"cards_obtained":["Shame"]}],"is_beta":false,"boss_relics":[{"not_picked":["Orrery","Black Star"],"picked":"Philosopher\u0027s Stone"}],"items_purged_floors":[],"is_endless":false,"potions_floor_spawned":[5,11,13,18],"killed_by":"Book of Stabbing","ascension_level":20}