{"gold_per_floor":[215,231,21,41,97,127,139,186,198,242,254,266,278,306,318,407,419,445,476,488,500,528,540,583,595,607,669,701,713,744,770,782,794],"floor_reached":33,"playtime":1301,"items_purged":[],"score":570,"play_id":"909755d0-5aee-44a7-b602-68f87af6ce57","local_time":"20190806115558","is_ascension_mode":true,"campfire_choices":[{"data":"Poisoned Stab","floor":7,"key":"SMITH"},{"data":"Bouncing Flask","floor":15,"key":"SMITH"},{"data":"Adrenaline","floor":23,"key":"SMITH"},{"floor":32,"key":"REST"}],"neow_cost":"NONE","seed_source_timestamp":8865331454855,"circlet_count":0,"master_deck":["AscendersBane","Strike_G","Strike_G","Strike_G","Strike_G","Strike_G","Defend_G","Defend_G","Defend_G","Defend_G","Defend_G","Survivor","Neutralize","Poisoned Stab+1","Blade Dance","Predator+1","Leg Sweep","PiercingWail","Bouncing Flask+1","Adrenaline+1","Poisoned Stab","Escape Plan+1","Backflip"],"relics":["Ring of the Snake","Orichalcum","MawBank","Singing Bowl","Letter Opener","Lantern","Gremlin Horn","Sozu","Nilry\u0027s Codex","Bag of Marbles","Shuriken","The Courier"],"potions_floor_usage":[8,8,10],"damage_taken":[{"damage":12,"enemies":"Cultist","floor":1,"turns":6},{"damage":1,"enemies":"Jaw Worm","floor":2,"turns":4},{"damage":0,"enemies":"2 Louse","floor":4,"turns":2},{"damage":24,"enemies":"Gremlin Nob","floor":6,"turns":4},{"damage":23,"enemies":"Lagavulin","floor":8,"turns":9},{"damage":12,"enemies":"3 Sentries","floor":10,"turns":9},{"damage":0,"enemies":"2 Fungi Beasts","floor":14,"turns":3},{"damage":3,"enemies":"Hexaghost","floor":16,"turns":9},{"damage":3,"enemies":"Shell Parasite","floor":18,"turns":4},{"damage":1,"enemies":"3 Byrds","floor":19,"turns":4},{"damage":1,"enemies":"Centurion and Healer","floor":22,"turns":6},{"damage":24,"enemies":"Book of Stabbing","floor":24,"turns":6},{"damage":0,"enemies":"Snake Plant","floor":28,"turns":2},{"damage":5,"enemies":"Shelled Parasite and Fungi","floor":30,"turns":7},{"damage":0,"enemies":"Chosen and Byrds","floor":31,"turns":7},{"damage":37,"enemies":"Champ","floor":33,"turns":11}],"seed_played":"-7831740604646349649","potions_obtained":[{"floor":1,"key":"Fire Potion"},{"floor":2,"key":"Block Potion"},{"floor":6,"key":"Regen Potion"},{"floor":8,"key":"Regen Potion"}],"is_trial":false,"path_per_floor":["M","M","$","M","?","E","R","E","T","E","T","?","?","M","R","B",null,"M","M","$","?","M","R","E","T","T","?","M","?","M","M","R","B"],"character_chosen":"THE_SILENT","items_purchased":["Predator","Orichalcum"],"campfire_rested":1,"item_purchase_floors":[3,3],"current_hp_per_floor":[47,46,46,46,46,22,22,14,14,19,19,19,19,19,19,16,55,52,51,51,30,31,31,9,9,9,9,9,9,6,8,30,0],"gold":794,"neow_bonus":"HUNDRED_GOLD","is_prod":false,"is_daily":false,"chose_seed":false,"campfire_upgraded":3,"win_rate":0,"timestamp":1565085358,"path_taken":["M","M","$","M","?","E","R","E","T","E","?","?","?","M","R","BOSS","M","M","$","?","M","R","E","?","T","?","M","?","M","M","R","BOSS"],"build_version":"2019-07-17","purchased_purges":0,"victory":false,"max_hp_per_floor":[66,66,66,66,66,66,66,66,66,68,68,68,68,68,68,68,68,68,68,68,68,70,70,72,72,72,72,72,72,74,76,76,76],"card_choices":[{"not_picked":["Heel Hook","Outmaneuver"],"picked":"Poisoned Stab","floor":1},{"not_picked":["Underhanded Strike","Deflect"],"picked":"Blade Dance","floor":2},{"not_picked":["Quick Slash","Distraction"],"picked":"Leg Sweep","floor":4},{"not_picked":["Calculated Gamble","Underhanded Strike","Setup"],"picked":"SKIP","floor":6},{"not_picked":["Terror","Acrobatics"],"picked":"PiercingWail","floor":8},{"not_picked":["Outmaneuver","Quick Slash","Dagger Throw"],"picked":"Singing Bowl","floor":10},{"not_picked":["Flechettes","Catalyst"],"picked":"Bouncing Flask","floor":14},{"not_picked":["Phantasmal Killer","Venomology"],"picked":"Adrenaline","floor":16},{"not_picked":["Setup","Bane"],"picked":"Poisoned Stab","floor":18},{"not_picked":["Slice","Skewer"],"picked":"Escape Plan+1","floor":19},{"not_picked":["Deadly Poison","Reflex","Bane"],"picked":"Singing Bowl","floor":22},{"not_picked":["Blade Dance","Deadly Poison","A Thousand Cuts"],"picked":"Singing Bowl","floor":24},{"not_picked":["PiercingWail+1","Choke"],"picked":"Backflip","floor":28},{"not_picked":["Masterful Stab","Bane","Backstab"],"picked":"Singing Bowl","floor":30},{"not_picked":["Dagger Spray","Eviscerate","Dodge and Roll"],"picked":"Singing Bowl","floor":31}],"player_experience":1886695,"relics_obtained":[{"floor":6,"key":"MawBank"},{"floor":8,"key":"Singing Bowl"},{"floor":9,"key":"Letter Opener"},{"floor":10,"key":"Lantern"},{"floor":11,"key":"Gremlin Horn"},{"floor":21,"key":"Nilry\u0027s Codex"},{"floor":24,"key":"Bag of Marbles"},{"floor":25,"key":"Shuriken"},{"floor":26,"key":"The Courier"}],"event_choices":[{"damage_healed":0,"gold_gain":56,"player_choice":"Gained Gold","damage_taken":0,"max_hp_gain":0,"max_hp_loss":0,"event_name":"Golden Wing","floor":5,"gold_loss":0},{"damage_healed":0,"gold_gain":0,"player_choice":"Grow","damage_taken":0,"max_hp_gain":0,"max_hp_loss":0,"event_name":"Living Wall","floor":12,"gold_loss":0,"cards_upgraded":["Predator"]},{"damage_healed":0,"gold_gain":0,"player_choice":"Ignored","damage_taken":0,"max_hp_gain":0,"max_hp_loss":0,"event_name":"Shining Light","floor":13,"gold_loss":0},{"damage_healed":0,"gold_gain":0,"player_choice":"Obtained Book","damage_taken":21,"max_hp_gain":0,"max_hp_loss":0,"event_name":"Cursed Tome","floor":21,"gold_loss":0},{"damage_healed":0,"gold_gain":50,"player_choice":"Stole From Cult","damage_taken":0,"max_hp_gain":0,"max_hp_loss":0,"event_name":"Nest","floor":27,"gold_loss":0},{"damage_healed":0,"gold_gain":0,"player_choice":"Got Potions","damage_taken":0,"max_hp_gain":0,"max_hp_loss":0,"event_name":"Lab","floor":29,"gold_loss":0}],"is_beta":false,"boss_relics":[{"not_picked":["Pandora\u0027s Box","WristBlade"],"picked":"Sozu"}],"items_purged_floors":[],"is_endless":false,"potions_floor_spawned":[1,2,6,8,24,28,30,31],"killed_by":"Champ","ascension_level":20}