{"gold_per_floor":[119,134,134,134,59,91,91,102,102,102,120,120,41,70,70,171,171,185,197,122,122,45,55,55,55,123,123,150,150],"floor_reached":29,"playtime":956,"items_purged":["Strike_G"],"score":395,"play_id":"3420d04c-bc4c-4b1f-a65b-54ece542e0d2","local_time":"20190905172259","is_ascension_mode":true,"campfire_choices":[{"data":"Bouncing Flask","floor":7.0,"key":"SMITH"},{"floor":12.0,"key":"REST"},{"floor":15,"key":"REST"},{"data":"Catalyst","floor":24,"key":"SMITH"},{"data":"Noxious Fumes","floor":27,"key":"SMITH"}],"neow_cost":"NONE","seed_source_timestamp":0,"circlet_count":0,"master_deck":["Strike_G","Strike_G","Strike_G","Defend_G","Defend_G","Defend_G","Defend_G","Survivor","Neutralize","PiercingWail","Deadly Poison","Bouncing Flask+1","Crippling Poison","Neutralize","Noxious Fumes+1","Noxious Fumes","Catalyst+1"],"special_seed":0,"relics":["Ring of the Snake","NeowsBlessing","Du-Vu Doll","Gambling Chip","Nunchaku","Singing Bowl","Velvet Choker","Bottled Tornado","Meat on the Bone"],"potions_floor_usage":[28,29],"damage_taken":[{"damage":0.0,"enemies":"Small Slimes","floor":1.0,"turns":1.0},{"damage":0.0,"enemies":"Jaw Worm","floor":2.0,"turns":1.0},{"damage":0.0,"enemies":"3 Sentries","floor":6.0,"turns":1.0},{"damage":0.0,"enemies":"Cultist","floor":8.0,"turns":2.0},{"damage":14.0,"enemies":"Lots of Slimes","floor":11.0,"turns":3.0},{"damage":12.0,"enemies":"Lagavulin","floor":14.0,"turns":5.0},{"damage":22,"enemies":"Hexaghost","floor":16,"turns":8},{"damage":0,"enemies":"Spheric Guardian","floor":18,"turns":2},{"damage":0,"enemies":"3 Byrds","floor":19,"turns":5},{"damage":8,"enemies":"Snake Plant","floor":23,"turns":4},{"damage":24,"enemies":"Book of Stabbing","floor":28,"turns":5},{"damage":28,"enemies":"Centurion and Healer","floor":29,"turns":4}],"seed_played":"-2721886018236877133","potions_obtained":[{"floor":2.0,"key":"SteroidPotion"},{"floor":14,"key":"SteroidPotion"},{"floor":18,"key":"Fire Potion"},{"floor":23,"key":"Block Potion"}],"is_trial":false,"path_per_floor":["M","M","?","?","$","E","R","M","T","?","M","R","$","E","R","B",null,"M","M","?","?","$","M","R","?","T","R","E","M"],"character_chosen":"THE_SILENT","items_purchased":["Noxious Fumes","Noxious Fumes"],"campfire_rested":2,"item_purchase_floors":[13,22],"current_hp_per_floor":[63,63,63,56,56,56,56,56,56,56,42,63,63,53,72,52,69,71,73,73,58,58,50,50,50,50,50,28,0],"gold":150,"neow_bonus":"THREE_ENEMY_KILL","is_prod":false,"is_daily":false,"chose_seed":false,"campfire_upgraded":3,"win_rate":0,"timestamp":1567675379,"path_taken":["M","M","?","?","$","E","R","M","T","?","?","R","?","E","R","BOSS","M","M","?","?","?","M","R","?","T","R","E","M"],"build_version":"2019-07-17","purchased_purges":1,"victory":false,"max_hp_per_floor":[70,70,70,70,70,70,70,70,70,70,70,70,70,72,72,74,74,76,78,78,83,83,83,83,83,83,83,85,85],"card_choices":[{"not_picked":["Dodge and Roll","Outmaneuver"],"picked":"PiercingWail","floor":1.0},{"not_picked":["Slice","Outmaneuver"],"picked":"Deadly Poison","floor":2.0},{"not_picked":["PiercingWail","Dash"],"picked":"Bouncing Flask","floor":6.0},{"not_picked":["Prepared","Infinite Blades"],"picked":"Crippling Poison","floor":8.0},{"not_picked":["Heel Hook","Reflex","PiercingWail"],"picked":"SKIP","floor":11.0},{"not_picked":["Phantasmal Killer","Wraith Form v2","Expertise"],"picked":"Singing Bowl","floor":14},{"not_picked":["Unload","Grand Finale","A Thousand Cuts"],"picked":"Singing Bowl","floor":16},{"not_picked":["Backstab+1","Poisoned Stab","Prepared+1"],"picked":"Singing Bowl","floor":18},{"not_picked":["Underhanded Strike","Deflect","Reflex"],"picked":"Singing Bowl","floor":19},{"not_picked":["Bane","All Out Attack+1"],"picked":"Catalyst","floor":23},{"not_picked":["Infinite Blades","Choke","Dodge and Roll"],"picked":"Singing Bowl","floor":28}],"player_experience":300196,"relics_obtained":[{"floor":6.0,"key":"Gambling Chip"},{"floor":9.0,"key":"Nunchaku"},{"floor":14,"key":"Singing Bowl"},{"floor":26,"key":"Bottled Tornado"},{"floor":28,"key":"Meat on the Bone"}],"event_choices":[{"cards_removed":["Defend_G"],"damage_healed":0.0,"max_hp_gain":0.0,"max_hp_loss":0.0,"gold_gain":0.0,"event_name":"Living Wall","player_choice":"Forget","floor":3.0,"gold_loss":0.0,"damage_taken":0.0},{"damage_healed":0.0,"max_hp_gain":0.0,"max_hp_loss":0.0,"gold_gain":0.0,"event_name":"Scrap Ooze","player_choice":"Success","floor":4.0,"gold_loss":0.0,"damage_taken":7.0,"relics_obtained":["Du-Vu Doll"]},{"damage_healed":0.0,"max_hp_gain":0.0,"max_hp_loss":0.0,"gold_gain":0.0,"event_name":"Match and Keep!","player_choice":"1 cards matched","floor":10.0,"gold_loss":0.0,"damage_taken":0.0,"cards_obtained":["Neutralize"]},{"cards_removed":["Strike_G"],"damage_healed":0,"gold_gain":0,"player_choice":"Gave Gold","damage_taken":0,"max_hp_gain":0,"max_hp_loss":0,"event_name":"Beggar","floor":20,"gold_loss":75},{"damage_healed":0,"gold_gain":0,"player_choice":"Shed Blood","damage_taken":20,"max_hp_gain":5,"max_hp_loss":0,"event_name":"Forgotten Altar","floor":21,"gold_loss":0},{"damage_healed":0,"gold_gain":0,"player_choice":"Ignored","damage_taken":0,"max_hp_gain":0,"max_hp_loss":0,"event_name":"Cursed Tome","floor":25,"gold_loss":0}],"is_beta":false,"boss_relics":[{"not_picked":["Cursed Key","Ring of the Serpent"],"picked":"Velvet Choker"}],"items_purged_floors":[5],"is_endless":false,"potions_floor_spawned":[2,14,18,23],"killed_by":"Centurion and Healer","ascension_level":7}