{"gold_per_floor":[17,17,33,58,58,98,98,139,162,177,221,235,235,253,253,342,342,360,384,434,434,457,457],"floor_reached":23,"playtime":1102,"items_purged":[],"score":426,"play_id":"4756b36e-5633-4b80-adf4-b7ec74ea901e","local_time":"20190219124259","is_ascension_mode":true,"campfire_choices":[{"floor":7,"key":"REST"},{"data":"Armaments","floor":13,"key":"SMITH"},{"floor":15,"key":"REST"}],"neow_cost":"NO_GOLD","seed_source_timestamp":4770550970819,"circlet_count":0,"master_deck":["AscendersBane","Bash+1","Feed","Armaments+1","Twin Strike","Offering","Infernal Blade","Pommel Strike","Feel No Pain","Juggernaut","Exhume","Shrug It Off","Flex","Spot Weakness","Battle Trance","Twin Strike","Combust","Heavy Blade","Anger","Iron Wave","Anger","Pummel+1","Impervious"],"relics":["Burning Blood","Golden Idol","Bronze Scales","PreservedInsect","Boot","Pen Nib","Whetstone","Pandora\u0027s Box","Nilry\u0027s Codex"],"potions_floor_usage":[6,6,22,23],"damage_taken":[{"damage":14,"enemies":"Jaw Worm","floor":1,"turns":4},{"damage":15,"enemies":"Small Slimes","floor":3,"turns":5},{"damage":5,"enemies":"2 Louse","floor":4,"turns":3},{"damage":18,"enemies":"Gremlin Nob","floor":6,"turns":4},{"damage":25,"enemies":"3 Sentries","floor":8,"turns":8},{"damage":7,"enemies":"2 Fungi Beasts","floor":10,"turns":3},{"damage":21,"enemies":"Lagavulin","floor":11,"turns":4},{"damage":8,"enemies":"Lots of Slimes","floor":12,"turns":3},{"damage":12,"enemies":"Looter","floor":14,"turns":4},{"damage":37,"enemies":"The Guardian","floor":16,"turns":12},{"damage":27,"enemies":"2 Thieves","floor":18,"turns":4},{"damage":6,"enemies":"Shell Parasite","floor":19,"turns":2},{"damage":25,"enemies":"Cultist and Chosen","floor":22,"turns":7},{"damage":19,"enemies":"Book of Stabbing","floor":23,"turns":3}],"seed_played":"5877787296680067610","potions_obtained":[{"floor":3,"key":"Strength Potion"},{"floor":4,"key":"AttackPotion"},{"floor":8,"key":"Ancient Potion"},{"floor":12,"key":"Block Potion"},{"floor":22,"key":"Swift Potion"}],"is_trial":false,"path_per_floor":["M","?","M","M","?","E","R","E","T","M","E","M","R","M","R","B",null,"M","M","?","?","M","E"],"character_chosen":"IRONCLAD","items_purchased":[],"campfire_rested":2,"item_purchase_floors":[],"current_hp_per_floor":[63,63,58,63,37,25,48,32,32,34,22,23,23,17,44,13,72,51,51,51,30,11,0],"gold":457,"neow_bonus":"THREE_RARE_CARDS","is_prod":false,"is_daily":false,"chose_seed":false,"campfire_upgraded":1,"win_rate":0,"timestamp":1550576579,"path_taken":["M","?","M","M","?","E","R","E","T","M","E","?","R","M","R","BOSS","M","M","?","?","M","E"],"build_version":"2019-01-23","purchased_purges":0,"victory":false,"max_hp_per_floor":[78,71,75,79,79,79,79,82,82,85,88,91,91,91,91,91,91,91,91,91,91,91,91],"card_choices":[{"not_picked":["Dark Embrace","Double Tap"],"picked":"Feed","floor":0},{"not_picked":["Warcry","Dropkick"],"picked":"Armaments","floor":1},{"not_picked":["Warcry","Sentinel"],"picked":"Twin Strike","floor":3},{"not_picked":["True Grit","Heavy Blade","Flex"],"picked":"SKIP","floor":4},{"not_picked":["Warcry","Heavy Blade"],"picked":"Offering","floor":6},{"not_picked":["Intimidate","Flex"],"picked":"Infernal Blade","floor":8},{"not_picked":["True Grit","Warcry"],"picked":"Pommel Strike","floor":10},{"not_picked":["Sword Boomerang","Clothesline"],"picked":"Feel No Pain","floor":11},{"not_picked":["Cleave","Heavy Blade"],"picked":"Juggernaut","floor":12},{"not_picked":["Thunderclap","Warcry","Headbutt"],"picked":"SKIP","floor":14},{"not_picked":["Reaper","Limit Break"],"picked":"Exhume","floor":16},{"not_picked":["Warcry","Flame Barrier"],"picked":"Anger","floor":18},{"not_picked":["Armaments","Bloodletting"],"picked":"Pummel+1","floor":19},{"not_picked":["Cleave","Clothesline"],"picked":"Impervious","floor":22}],"player_experience":1307718,"relics_obtained":[{"floor":6,"key":"PreservedInsect"},{"floor":8,"key":"Boot"},{"floor":9,"key":"Pen Nib"},{"floor":11,"key":"Whetstone"},{"floor":21,"key":"Nilry\u0027s Codex"}],"event_choices":[{"damage_healed":0,"gold_gain":0,"player_choice":"Lose Max HP","damage_taken":0,"relics_obtained":["Golden Idol"],"max_hp_gain":0,"max_hp_loss":7,"event_name":"Golden Idol","floor":2,"gold_loss":0},{"damage_healed":0,"gold_gain":0,"player_choice":"Success","damage_taken":26,"relics_obtained":["Bronze Scales"],"max_hp_gain":0,"max_hp_loss":0,"event_name":"Scrap Ooze","floor":5,"gold_loss":0},{"damage_healed":0,"gold_gain":50,"player_choice":"Stole From Cult","damage_taken":0,"max_hp_gain":0,"max_hp_loss":0,"event_name":"Nest","floor":20,"gold_loss":0},{"damage_healed":0,"gold_gain":0,"player_choice":"Obtained Book","damage_taken":21,"max_hp_gain":0,"max_hp_loss":0,"event_name":"Cursed Tome","floor":21,"gold_loss":0}],"is_beta":false,"boss_relics":[{"not_picked":["Tiny House","Lizard Tail"],"picked":"Pandora\u0027s Box"}],"items_purged_floors":[],"is_endless":false,"potions_floor_spawned":[3,4,8,12,22],"killed_by":"Book of Stabbing","ascension_level":20}