{"gold_per_floor":[117,129,139,139,139,139,171,208,260,260,272,272,291,325,325,325],"floor_reached":16,"playtime":525,"items_purged":[],"score":270,"play_id":"4e4d57ae-025a-42b1-b56c-33fc68f2d92c","local_time":"20190120215605","is_ascension_mode":true,"campfire_choices":[{"data":"Consume","floor":6,"key":"SMITH"},{"data":"Zap","floor":12,"key":"SMITH"},{"data":"Coolheaded","floor":15,"key":"SMITH"}],"neow_cost":"NONE","seed_source_timestamp":44200382463177,"circlet_count":0,"master_deck":["AscendersBane","Strike_B","Strike_B","Strike_B","Strike_B","Defend_B","Defend_B","Defend_B","Defend_B","Zap+1","Dualcast","Sweeping Beam","Gash","Consume+1","Buffer+1","Coolheaded+1","Ball Lightning","Glacier"],"relics":["Cracked Core","NeowsBlessing","hubris:SlimyHat","hubris:ToyBattleship","Regal Pillow","Meat on the Bone"],"potions_floor_usage":[14,16],"damage_taken":[{"damage":0,"enemies":"Jaw Worm","floor":1,"turns":1},{"damage":0,"enemies":"Small Slimes","floor":2,"turns":1},{"damage":0,"enemies":"2 Louse","floor":3,"turns":1},{"damage":39,"enemies":"Gremlin Nob","floor":7,"turns":4},{"damage":6,"enemies":"Exordium Wildlife","floor":8,"turns":13},{"damage":5,"enemies":"Exordium Wildlife","floor":11,"turns":5},{"damage":0,"enemies":"Large Slime","floor":13,"turns":4},{"damage":0,"enemies":"Lagavulin","floor":14,"turns":7},{"damage":19,"enemies":"Hexaghost","floor":16,"turns":9}],"seed_played":"-4817447640624548734","potions_obtained":[{"floor":11,"key":"EssenceOfSteel"},{"floor":13,"key":"LiquidBronze"},{"floor":14,"key":"EssenceOfSteel"}],"is_trial":false,"path_per_floor":["M","M","M","?","?","R","E","MIM","T","?","M","R","M","E","R","B"],"character_chosen":"DEFECT","items_purchased":[],"campfire_rested":0,"item_purchase_floors":[],"current_hp_per_floor":[64,64,64,69,69,69,30,24,24,24,19,19,19,19,19,0],"gold":325,"neow_bonus":"THREE_ENEMY_KILL","is_prod":false,"is_daily":false,"chose_seed":false,"campfire_upgraded":3,"win_rate":0,"timestamp":1548017765,"path_taken":["M","M","M","?","?","R","E","?","T","?","M","R","M","E","R","BOSS"],"build_version":"2019-01-17v2","purchased_purges":0,"victory":false,"max_hp_per_floor":[71,71,71,76,76,76,76,76,76,76,76,76,76,76,76,76],"card_choices":[{"not_picked":["Compile Driver","Beam Cell"],"picked":"Sweeping Beam","floor":1},{"not_picked":["Stack","Streamline"],"picked":"Gash","floor":2},{"not_picked":["Conserve Battery","Double Energy"],"picked":"Consume","floor":3},{"not_picked":["Steam","Turbo"],"picked":"Buffer","floor":7},{"not_picked":["Darkness","Melter"],"picked":"Coolheaded","floor":8},{"not_picked":["Force Field","Beam Cell"],"picked":"Ball Lightning","floor":11},{"not_picked":["Turbo","Coolheaded"],"picked":"Glacier","floor":13},{"not_picked":["Streamline","Self Repair","Storm"],"picked":"SKIP","floor":14}],"player_experience":1141126,"relics_obtained":[{"floor":7,"key":"hubris:SlimyHat"},{"floor":8,"key":"hubris:ToyBattleship"},{"floor":9,"key":"Regal Pillow"},{"floor":14,"key":"Meat on the Bone"}],"event_choices":[{"damage_healed":0,"gold_gain":0,"player_choice":"Donut","damage_taken":0,"max_hp_gain":5,"max_hp_loss":0,"event_name":"Big Fish","floor":4,"gold_loss":0},{"damage_healed":0,"gold_gain":0,"player_choice":"Ignored","damage_taken":0,"max_hp_gain":0,"max_hp_loss":0,"event_name":"Liars Game","floor":5,"gold_loss":0},{"damage_healed":0,"gold_gain":0,"player_choice":"Grow","damage_taken":0,"max_hp_gain":0,"max_hp_loss":0,"event_name":"Living Wall","floor":10,"gold_loss":0,"cards_upgraded":["Buffer"]}],"is_beta":false,"boss_relics":[],"items_purged_floors":[],"is_endless":false,"potions_floor_spawned":[11,13,14],"killed_by":"Hexaghost","ascension_level":20}