{"gold_per_floor":[109,109,125,50,67,67,100,100,127,127,156,168,243,269,269,346,346,346,42,42,42,42,42,42,42,42,42,42,42,42,42,42,42,42,42,42,42,42,42,42,42,42,42,42,42,42,42,42,42,42],"floor_reached":51,"playtime":3140,"items_purged":["Regret"],"score":1379,"play_id":"4ba92931-13b9-45ee-9fec-73a91d680ee7","local_time":"20181028011717","is_ascension_mode":true,"campfire_choices":[{"data":"Rampage","floor":6,"key":"SMITH"},{"data":"Perfected Strike","floor":8,"key":"SMITH"},{"data":"Offering","floor":10,"key":"SMITH"},{"data":"Armaments","floor":15,"key":"SMITH"},{"data":"Dramatic Entrance","floor":23,"key":"SMITH"},{"data":"Perfected Strike","floor":25,"key":"SMITH"},{"data":"Immolate","floor":28,"key":"SMITH"},{"data":"Bash","floor":30,"key":"SMITH"},{"floor":32,"key":"REST"},{"floor":40,"key":"REST"},{"floor":49,"key":"REST"}],"neow_cost":"NONE","seed_source_timestamp":14471428942163,"circlet_count":0,"master_deck":["Strike_R","Strike_R","Strike_R","Strike_R","Strike_R","Defend_R","Defend_R","Defend_R","Defend_R","Bash+1","AscendersBane","Dramatic Entrance+1","Cleave","Rampage+1","Perfected Strike+1","Offering+1","Disarm+1","Iron Wave","Armaments+1","Immolate+1","Sword Boomerang+1","Cleave","Rage+1","Cleave","Perfected Strike+1","Perfected Strike+1","Shrug It Off","Demon Form","Impervious","Mayhem","Violence","Purity","Disarm","Whirlwind","Heavy Blade+1","Heavy Blade","Heavy Blade","Heavy Blade","Offering","Twin Strike+1"],"relics":["Burning Blood","Bag of Marbles","PreservedInsect","Orichalcum","Magic Flower","Omamori","Ectoplasm","StoneCalendar","Du-Vu Doll","Mercury Hourglass","War Paint","Vajra","Fusion Hammer","Regal Pillow","Pear","Incense Burner","MawBank","Frozen Egg 2","Red Skull"],"potions_floor_usage":[7,22,33,46,50],"damage_taken":[{"damage":1,"enemies":"Cultist","floor":1,"turns":3},{"damage":0,"enemies":"2 Louse","floor":3,"turns":2},{"damage":0,"enemies":"Small Slimes","floor":5,"turns":2},{"damage":16,"enemies":"Gremlin Nob","floor":7,"turns":3},{"damage":6,"enemies":"Lagavulin","floor":11,"turns":2},{"damage":7,"enemies":"3 Louse","floor":12,"turns":2},{"damage":4,"enemies":"3 Sentries","floor":14,"turns":5},{"damage":45,"enemies":"Hexaghost","floor":16,"turns":12},{"damage":13,"enemies":"Shell Parasite","floor":18,"turns":3},{"damage":14,"enemies":"3 Byrds","floor":20,"turns":3},{"damage":36,"enemies":"Snake Plant","floor":21,"turns":4},{"damage":2,"enemies":"Colosseum Slavers","floor":22,"turns":2},{"damage":6,"enemies":"Colosseum Nobs","floor":22,"turns":2},{"damage":22,"enemies":"Book of Stabbing","floor":24,"turns":3},{"damage":0,"enemies":"Shelled Parasite and Fungi","floor":27,"turns":1},{"damage":3,"enemies":"Centurion and Healer","floor":29,"turns":3},{"damage":84,"enemies":"Automaton","floor":33,"turns":8},{"damage":0,"enemies":"Orb Walker","floor":35,"turns":1},{"damage":4,"enemies":"3 Shapes","floor":38,"turns":2},{"damage":10,"enemies":"Maw","floor":39,"turns":6},{"damage":6,"enemies":"Spire Growth","floor":41,"turns":3},{"damage":0,"enemies":"Sphere and 2 Shapes","floor":42,"turns":2},{"damage":0,"enemies":"Jaw Worm Horde","floor":44,"turns":1},{"damage":19,"enemies":"Mind Bloom Boss Battle","floor":45,"turns":5},{"damage":30,"enemies":"Nemesis","floor":46,"turns":3},{"damage":1,"enemies":"Giant Head","floor":48,"turns":5},{"damage":71,"enemies":"Donu and Deca","floor":50,"turns":6}],"seed_played":"-7962292332238335391","potions_obtained":[{"floor":5,"key":"PowerPotion"},{"floor":11,"key":"FairyPotion"},{"floor":14,"key":"Energy Potion"},{"floor":18,"key":"Fire Potion"},{"floor":27,"key":"Weak Potion"},{"floor":35,"key":"Strength Potion"},{"floor":41,"key":"AttackPotion"},{"floor":42,"key":"GamblersBrew"}],"is_trial":false,"path_per_floor":["M","?","M","$","M","R","E","R","T","R","E","M","?","E","R","B",null,"M","$","M","M","?","R","E","R","T","M","R","M","R","?","R","B",null,"M","?","?","M","M","R","M","M","T","M","?","E","T","E","R","B"],"character_chosen":"IRONCLAD","items_purchased":["StoneCalendar"],"campfire_rested":3,"item_purchase_floors":[19],"current_hp_per_floor":[73,73,75,75,75,75,65,65,65,65,65,67,56,61,61,25,63,59,59,54,27,37,37,24,24,24,33,33,39,39,39,61,20,61,70,70,60,65,64,75,75,75,85,85,75,54,54,62,85,23],"gold":42,"neow_bonus":"RANDOM_COLORLESS","is_prod":false,"is_daily":false,"chose_seed":false,"campfire_upgraded":8,"win_rate":0,"timestamp":1540682237,"path_taken":["M","?","M","$","M","R","E","R","T","R","E","M","?","E","R","BOSS","M","$","M","M","?","R","E","R","T","M","R","M","R","?","R","BOSS","M","?","?","M","M","R","M","M","T","?","?","E","?","E","R","BOSS"],"build_version":"2018-10-25v2","purchased_purges":1,"victory":true,"max_hp_per_floor":[75,75,75,75,75,75,75,75,75,75,75,75,75,75,75,75,75,75,75,75,75,75,75,75,75,75,75,75,75,75,75,75,75,75,75,75,75,75,75,75,75,75,85,85,85,85,85,85,85,85],"card_choices":[{"not_picked":["True Grit","Warcry"],"picked":"Cleave","floor":1},{"not_picked":["Cleave","Flex"],"picked":"Rampage","floor":3},{"not_picked":["Flex","True Grit"],"picked":"Perfected Strike","floor":5},{"not_picked":["Pommel Strike","Rampage"],"picked":"Offering","floor":7},{"not_picked":["Body Slam","Power Through"],"picked":"Disarm","floor":11},{"not_picked":["Anger","Fire Breathing"],"picked":"Iron Wave","floor":12},{"not_picked":["Second Wind","Hemokinesis"],"picked":"Armaments","floor":14},{"not_picked":["Berserk","Dark Embrace"],"picked":"Immolate","floor":16},{"not_picked":["Wild Strike","Warcry"],"picked":"Sword Boomerang+1","floor":18},{"not_picked":["Power Through","Pummel"],"picked":"Cleave","floor":20},{"not_picked":["Anger","Power Through"],"picked":"Rage","floor":21},{"not_picked":["Seeing Red","Corruption"],"picked":"Cleave","floor":22},{"not_picked":["Dual Wield","Burning Pact"],"picked":"Perfected Strike","floor":24},{"not_picked":["Heavy Blade","Rampage"],"picked":"Perfected Strike+1","floor":27},{"not_picked":["Clothesline","Spot Weakness"],"picked":"Shrug It Off","floor":29},{"not_picked":["Juggernaut","Exhume"],"picked":"Impervious","floor":33},{"not_picked":["Armaments","Metallicize","Anger"],"picked":"SKIP","floor":35},{"not_picked":["Swift Strike","Discovery"],"picked":"Mayhem","floor":37},{"not_picked":["The Bomb","PanicButton"],"picked":"Violence","floor":37},{"not_picked":["Dark Shackles","Blind"],"picked":"Purity","floor":37},{"not_picked":["Clothesline","Shockwave"],"picked":"Disarm","floor":38},{"not_picked":["Iron Wave","Perfected Strike"],"picked":"Whirlwind","floor":39},{"not_picked":["Anger+1","Seeing Red+1"],"picked":"Heavy Blade+1","floor":41},{"not_picked":["Clash","Uppercut+1"],"picked":"Heavy Blade","floor":42},{"not_picked":["Wild Strike","Body Slam"],"picked":"Heavy Blade","floor":44},{"not_picked":["Clash","Iron Wave"],"picked":"Heavy Blade","floor":45},{"not_picked":["Shrug It Off","Double Tap"],"picked":"Offering","floor":46},{"not_picked":["Reckless Charge","Dual Wield"],"picked":"Twin Strike+1","floor":48}],"player_experience":696581,"relics_obtained":[{"floor":7,"key":"PreservedInsect"},{"floor":9,"key":"Orichalcum"},{"floor":11,"key":"Magic Flower"},{"floor":14,"key":"Omamori"},{"floor":22,"key":"Du-Vu Doll"},{"floor":22,"key":"Mercury Hourglass"},{"floor":24,"key":"War Paint"},{"floor":26,"key":"Vajra"},{"floor":43,"key":"Pear"},{"floor":45,"key":"Incense Burner"},{"floor":46,"key":"MawBank"},{"floor":47,"key":"Frozen Egg 2"},{"floor":48,"key":"Red Skull"}],"event_choices":[{"damage_healed":0,"gold_gain":0,"player_choice":"Box","damage_taken":0,"relics_obtained":["Bag of Marbles"],"max_hp_gain":0,"max_hp_loss":0,"event_name":"Big Fish","floor":2,"gold_loss":0,"cards_obtained":["Regret"]},{"damage_healed":0,"gold_gain":75,"player_choice":"Gather Gold","damage_taken":11,"max_hp_gain":0,"max_hp_loss":0,"event_name":"World of Goop","floor":13,"gold_loss":0},{"damage_healed":0,"gold_gain":0,"player_choice":"Fight","damage_taken":0,"max_hp_gain":0,"max_hp_loss":0,"event_name":"Colosseum","floor":22,"gold_loss":0},{"damage_healed":0,"gold_gain":0,"player_choice":"Fought Nobs","damage_taken":0,"max_hp_gain":0,"max_hp_loss":0,"event_name":"Colosseum","floor":22,"gold_loss":0},{"damage_healed":0,"gold_gain":0,"player_choice":"Read","damage_taken":0,"max_hp_gain":0,"max_hp_loss":0,"event_name":"The Library","floor":31,"gold_loss":0,"cards_obtained":["Demon Form"]},{"damage_healed":0,"gold_gain":0,"player_choice":"Gave Potion","damage_taken":0,"relics_obtained":["Regal Pillow"],"max_hp_gain":0,"max_hp_loss":0,"event_name":"WeMeetAgain","floor":36,"gold_loss":0},{"damage_healed":0,"gold_gain":0,"player_choice":"Memory 3","damage_taken":10,"max_hp_gain":0,"max_hp_loss":0,"event_name":"SensoryStone","floor":37,"gold_loss":0},{"damage_healed":0,"gold_gain":0,"player_choice":"Fight","damage_taken":0,"max_hp_gain":0,"max_hp_loss":0,"event_name":"MindBloom","floor":45,"gold_loss":0}],"is_beta":true,"boss_relics":[{"not_picked":["Pandora\u0027s Box","Eternal Feather"],"picked":"Ectoplasm"},{"not_picked":["Velvet Choker","Runic Dome"],"picked":"Fusion Hammer"}],"items_purged_floors":[4],"is_endless":false,"potions_floor_spawned":[5,11,14,18,21,27,35,41,42,44],"ascension_level":15}