{"gold_per_floor":[117,117,192,192,204,204,232,232,232,75,92,104,121,138,138,138],"floor_reached":16,"playtime":505,"items_purged":["Pain"],"score":199,"play_id":"f5f7ec87-2983-408e-a783-01ebb8de2464","local_time":"20181211190652","is_ascension_mode":true,"campfire_choices":[{"data":"Carnage","floor":6,"key":"SMITH"},{"data":"Battle Trance","floor":8,"key":"SMITH"},{"data":"Havoc","floor":15,"key":"SMITH"}],"neow_cost":"NONE","seed_source_timestamp":33152698308030,"circlet_count":0,"master_deck":["AscendersBane","Strike_R","Strike_R","Strike_R","Strike_R","Strike_R","Defend_R","Defend_R","Defend_R","Defend_R","Bash","Wild Strike","Feel No Pain","Carnage+1","Battle Trance+1","Shrug It Off","Havoc+1","Flame Barrier","Iron Wave","Shrug It Off"],"relics":["Burning Blood","Potion Belt","WarpedTongs","Bronze Scales","Sundial"],"potions_floor_usage":[16,16],"damage_taken":[{"damage":12,"enemies":"Jaw Worm","floor":1,"turns":3},{"damage":0,"enemies":"2 Louse","floor":5,"turns":2},{"damage":23,"enemies":"Lagavulin","floor":7,"turns":7},{"damage":0,"enemies":"Small Slimes","floor":11,"turns":2},{"damage":26,"enemies":"Exordium Thugs","floor":12,"turns":6},{"damage":1,"enemies":"Red Slaver","floor":13,"turns":4},{"damage":8,"enemies":"2 Fungi Beasts","floor":14,"turns":4},{"damage":19,"enemies":"Slime Boss","floor":16,"turns":5}],"seed_played":"5868078374675784604","potions_obtained":[{"floor":7,"key":"Dexterity Potion"},{"floor":12,"key":"SteroidPotion"},{"floor":13,"key":"SneckoOil"}],"is_trial":false,"path_per_floor":["M","?","?","?","M","R","E","R","T","$","M","M","M","M","R","B"],"character_chosen":"IRONCLAD","items_purchased":["Shrug It Off","Havoc"],"campfire_rested":0,"item_purchase_floors":[10,10],"current_hp_per_floor":[62,51,40,40,46,46,29,29,29,29,35,15,20,18,18,0],"gold":138,"neow_bonus":"THREE_CARDS","is_prod":false,"is_daily":false,"chose_seed":false,"campfire_upgraded":3,"win_rate":0,"timestamp":1544551612,"path_taken":["M","?","?","?","M","R","E","R","T","$","M","?","M","M","R","BOSS"],"build_version":"2018-12-10","purchased_purges":1,"victory":false,"max_hp_per_floor":[75,75,75,75,75,75,75,75,75,75,75,75,75,75,75,75],"card_choices":[{"not_picked":["Cleave","Warcry"],"picked":"Wild Strike","floor":0},{"not_picked":["Heavy Blade","Perfected Strike"],"picked":"Feel No Pain","floor":1},{"not_picked":["Second Wind","Wild Strike"],"picked":"Carnage","floor":5},{"not_picked":["Barricade","Flex"],"picked":"Battle Trance","floor":7},{"not_picked":["Disarm","Burning Pact"],"picked":"Flame Barrier","floor":11},{"not_picked":["Entrench","Cleave"],"picked":"Iron Wave","floor":12},{"not_picked":["Armaments","Searing Blow","Perfected Strike"],"picked":"SKIP","floor":13},{"not_picked":["Havoc","True Grit"],"picked":"Shrug It Off","floor":14}],"player_experience":1005677,"relics_obtained":[{"floor":7,"key":"Bronze Scales"},{"floor":9,"key":"Sundial"}],"event_choices":[{"damage_healed":0,"gold_gain":0,"player_choice":"Success","damage_taken":11,"relics_obtained":["Potion Belt"],"max_hp_gain":0,"max_hp_loss":0,"event_name":"Scrap Ooze","floor":2,"gold_loss":0},{"damage_healed":0,"gold_gain":75,"player_choice":"Gather Gold","damage_taken":11,"max_hp_gain":0,"max_hp_loss":0,"event_name":"World of Goop","floor":3,"gold_loss":0},{"damage_healed":0,"gold_gain":0,"player_choice":"Rummage","damage_taken":0,"relics_obtained":["WarpedTongs"],"max_hp_gain":0,"max_hp_loss":0,"event_name":"Accursed Blacksmith","floor":4,"gold_loss":0,"cards_obtained":["Pain"]}],"is_beta":true,"boss_relics":[],"items_purged_floors":[10],"is_endless":false,"potions_floor_spawned":[7,12,13],"killed_by":"Slime Boss","ascension_level":19}