{"gold_per_floor":[109,132,164,176,200,212,240,280,316,358,180,194,194,21,21,122,122,108,121,43,62,74,74,3,14,37,37,53,68,68,78,78,175,175,186,286,333,353,353,353,228,228,228,228,244,94,120,131,131,131,131,131,8,39,39],"floor_reached":55,"playtime":2675,"items_purged":["Strike_B","Defend_B","Defend_B","Strike_B"],"score":704,"play_id":"91e5c2c7-3799-4fbf-902b-30ff2cb41c54","local_time":"20191002023037","is_ascension_mode":false,"campfire_choices":[{"data":"White Noise","floor":6,"key":"SMITH"},{"floor":13,"key":"REST"},{"floor":15,"key":"REST"},{"floor":23,"key":"REST"},{"floor":32,"key":"REST"},{"floor":40,"key":"RECALL"},{"data":"Creative AI","floor":42,"key":"SMITH"},{"data":"Buffer","floor":49,"key":"SMITH"},{"data":"Storm","floor":52,"key":"SMITH"}],"neow_cost":"NONE","seed_source_timestamp":853556165456600,"circlet_count":0,"master_deck":["Strike_B","Strike_B","Defend_B","Defend_B","Zap+1","Dualcast","White Noise+1","Undo","Compile Driver","Storm+1","Hologram+1","Force Field+1","Defragment","Coolheaded+1","Machine Learning","Force Field+1","Creative AI+1","Loop","Defragment","Force Field+1","White Noise+1","Loop","Buffer+1","White Noise+1","Electrodynamics","Force Field+1"],"relics":["Cracked Core","MawBank","Toxic Egg 2","Juzu Bracelet","Oddly Smooth Stone","Lizard Tail","Inserter","Thread and Needle","Gambling Chip","Blood Vial","PreservedInsect","DataDisk"],"potions_floor_usage":[10,16,16,18,25,28,37,45,48,50,55,55],"damage_taken":[{"damage":1,"enemies":"Cultist","floor":1,"turns":3},{"damage":0,"enemies":"2 Louse","floor":3,"turns":2},{"damage":0,"enemies":"Small Slimes","floor":5,"turns":4},{"damage":5,"enemies":"Looter","floor":7,"turns":3},{"damage":23,"enemies":"Gremlin Nob","floor":8,"turns":4},{"damage":30,"enemies":"3 Sentries","floor":10,"turns":9},{"damage":1,"enemies":"Exordium Wildlife","floor":12,"turns":3},{"damage":0,"enemies":"The Guardian","floor":16,"turns":9},{"damage":26,"enemies":"2 Thieves","floor":18,"turns":5},{"damage":4,"enemies":"Chosen","floor":19,"turns":5},{"damage":3,"enemies":"Snake Plant","floor":21,"turns":4},{"damage":16,"enemies":"Sentry and Sphere","floor":22,"turns":4},{"damage":0,"enemies":"Centurion and Healer","floor":25,"turns":6},{"damage":11,"enemies":"Snake Plant","floor":28,"turns":3},{"damage":0,"enemies":"Snecko","floor":29,"turns":4},{"damage":4,"enemies":"Chosen and Byrds","floor":31,"turns":4},{"damage":30,"enemies":"Automaton","floor":33,"turns":8},{"damage":2,"enemies":"3 Shapes","floor":35,"turns":5},{"damage":0,"enemies":"Mind Bloom Boss Battle","floor":36,"turns":8},{"damage":32,"enemies":"2 Orb Walkers","floor":37,"turns":6},{"damage":6,"enemies":"Orb Walker","floor":38,"turns":6},{"damage":3,"enemies":"Transient","floor":45,"turns":5},{"damage":9,"enemies":"Jaw Worm Horde","floor":48,"turns":4},{"damage":65,"enemies":"Donu and Deca","floor":50,"turns":8},{"damage":31,"enemies":"Shield and Spear","floor":54,"turns":5},{"damage":72,"enemies":"The Heart","floor":55,"turns":3}],"seed_played":"616833493799663951","potions_obtained":[{"floor":3,"key":"SkillPotion"},{"floor":7,"key":"Block Potion"},{"floor":8,"key":"SteroidPotion"},{"floor":12,"key":"Weak Potion"},{"floor":19,"key":"SkillPotion"},{"floor":25,"key":"Weak Potion"},{"floor":28,"key":"Dexterity Potion"},{"floor":31,"key":"FearPotion"},{"floor":36,"key":"Strength Potion"},{"floor":37,"key":"Dexterity Potion"},{"floor":45,"key":"SpeedPotion"}],"is_trial":false,"path_per_floor":["M","T","M","?","M","R","M","E","T","E","$","M","R","$","R","B",null,"M","M","$","M","M","R","$","M","T","?","M","M","$","M","R","B",null,"M","?","?","M","?","R","$","R","T","?","M","$","T","M","R","B",null,"R","$","E","B"],"character_chosen":"DEFECT","items_purchased":["Defragment","Coolheaded+1","Force Field+1","Loop","Defragment","Energy Potion","Regen Potion"],"campfire_rested":4,"item_purchase_floors":[11,11,14,20,24,53,53],"current_hp_per_floor":[74,74,74,75,75,75,70,47,47,17,17,16,38,38,60,60,75,49,45,45,42,26,48,48,48,48,48,37,37,37,33,55,25,75,73,73,41,35,66,66,66,66,66,66,63,63,63,56,56,33,66,66,66,35,0],"gold":39,"neow_bonus":"UPGRADE_CARD","is_prod":false,"is_daily":false,"chose_seed":false,"campfire_upgraded":4,"win_rate":0,"timestamp":1569954637,"path_taken":["M","?","M","?","?","R","M","E","T","E","$","M","R","?","R","BOSS","M","M","?","M","M","R","$","M","T","?","M","M","$","M","R","BOSS","M","?","?","M","?","R","?","R","T","?","M","$","?","M","R","BOSS","R","$","E","BOSS"],"build_version":"2019-07-17","purchased_purges":4,"victory":false,"max_hp_per_floor":[75,75,75,75,75,75,75,75,75,75,75,75,75,75,75,75,75,75,75,75,75,75,75,75,75,75,75,75,75,75,75,75,75,75,75,75,75,75,66,66,66,66,66,66,66,66,66,66,66,66,66,66,66,66,66],"card_choices":[{"not_picked":["Turbo","Conserve Battery"],"picked":"White Noise","floor":1},{"not_picked":["Beam Cell","Turbo"],"picked":"Undo","floor":3},{"not_picked":["Conserve Battery","Redo"],"picked":"Compile Driver","floor":5},{"not_picked":["Reinforced Body","Compile Driver"],"picked":"Storm","floor":7},{"not_picked":["Leap","Sweeping Beam"],"picked":"Hologram","floor":8},{"not_picked":["Aggregate+1","Ball Lightning"],"picked":"Force Field+1","floor":10},{"not_picked":["Steam Power+1","Coolheaded+1"],"picked":"Machine Learning","floor":12},{"not_picked":["Rainbow+1","Fission+1"],"picked":"Creative AI","floor":16},{"not_picked":["Steam Power+1","Leap+1","Redo+1"],"picked":"SKIP","floor":18},{"not_picked":["Coolheaded+1","Stack+1","Sweeping Beam+1"],"picked":"SKIP","floor":19},{"not_picked":["Leap+1","Compile Driver","Steam+1"],"picked":"SKIP","floor":21},{"not_picked":["Barrage","Coolheaded+1","Leap+1"],"picked":"SKIP","floor":22},{"not_picked":["Undo+1","Hologram+1"],"picked":"Force Field+1","floor":25},{"not_picked":["Redo+1","Echo Form"],"picked":"White Noise+1","floor":28},{"not_picked":["Cold Snap","Auto Shields+1"],"picked":"Loop","floor":29},{"not_picked":["Rebound","Ball Lightning","Sweeping Beam+1"],"picked":"SKIP","floor":31},{"not_picked":["Rainbow+1","Fission+1"],"picked":"Buffer","floor":33},{"not_picked":["Streamline","Static Discharge"],"picked":"White Noise+1","floor":35},{"not_picked":["Fusion+1","Steam Power+1"],"picked":"Electrodynamics","floor":38},{"not_picked":["Stack+1","Loop+1"],"picked":"Force Field+1","floor":45},{"not_picked":["Steam Power+1","Steam+1","Cold Snap+1"],"picked":"SKIP","floor":48},{"not_picked":["Coolheaded+1","Darkness+1","Turbo+1"],"picked":"SKIP","floor":54}],"player_experience":236278,"relics_obtained":[{"floor":2,"key":"MawBank"},{"floor":8,"key":"Toxic Egg 2"},{"floor":9,"key":"Juzu Bracelet"},{"floor":10,"key":"Oddly Smooth Stone"},{"floor":36,"key":"Thread and Needle"},{"floor":37,"key":"Gambling Chip"},{"floor":43,"key":"Blood Vial"},{"floor":47,"key":"PreservedInsect"},{"floor":54,"key":"DataDisk"}],"event_choices":[{"damage_healed":1,"gold_gain":0,"player_choice":"Full Heal","damage_taken":0,"max_hp_gain":0,"max_hp_loss":0,"event_name":"Wheel of Change","floor":4,"gold_loss":0},{"damage_healed":0,"gold_gain":0,"player_choice":"Ignored","damage_taken":0,"max_hp_gain":0,"max_hp_loss":0,"event_name":"Ghosts","floor":27,"gold_loss":0},{"damage_healed":0,"gold_gain":0,"player_choice":"Fight","damage_taken":0,"max_hp_gain":0,"max_hp_loss":0,"event_name":"MindBloom","floor":36,"gold_loss":0},{"damage_healed":0,"gold_gain":0,"player_choice":"Fight","damage_taken":0,"max_hp_gain":0,"max_hp_loss":0,"event_name":"Mysterious Sphere","floor":37,"gold_loss":0},{"damage_healed":66,"gold_gain":0,"player_choice":"Heal","damage_taken":0,"max_hp_gain":0,"max_hp_loss":9,"event_name":"The Moai Head","floor":39,"gold_loss":0},{"damage_healed":0,"gold_gain":0,"player_choice":"0 cards matched","damage_taken":0,"max_hp_gain":0,"max_hp_loss":0,"event_name":"Match and Keep!","floor":44,"gold_loss":0,"cards_obtained":[]}],"is_beta":false,"boss_relics":[{"not_picked":["Runic Dome","Cursed Key"],"picked":"Lizard Tail"},{"not_picked":["Philosopher\u0027s Stone","Calling Bell"],"picked":"Inserter"}],"items_purged_floors":[11,14,41,46],"is_endless":false,"potions_floor_spawned":[3,7,8,12,19,25,28,31,36,37,45],"killed_by":"The Heart","ascension_level":0}