{"gold_per_floor":[118,118,134,46,57,57,88,88,88,116,129,141,160,189,189,189],"floor_reached":16,"playtime":465,"items_purged":[],"score":294,"play_id":"3dd6b66d-2218-4baf-969f-141c3ce63188","local_time":"20190318004851","is_ascension_mode":true,"campfire_choices":[{"data":"Consume","floor":6,"key":"SMITH"},{"data":"Zap","floor":8,"key":"SMITH"},{"data":"Rainbow","floor":15,"key":"SMITH"}],"neow_cost":"NONE","seed_source_timestamp":20867268416726,"circlet_count":0,"master_deck":["AscendersBane","Strike_B","Strike_B","Strike_B","Strike_B","Defend_B","Defend_B","Defend_B","Defend_B","Zap+1","Dualcast","Lockon","Consume+1","Coolheaded","Reinforced Body","Compile Driver","Loop","Loop","Rainbow+1","Darkness"],"relics":["Cracked Core","Mercury Hourglass","Dream Catcher","Question Card","Matryoshka","Mummified Hand"],"potions_floor_usage":[10,10,14,14],"damage_taken":[{"damage":0,"enemies":"2 Louse","floor":1,"turns":3},{"damage":0,"enemies":"Cultist","floor":3,"turns":3},{"damage":5,"enemies":"Small Slimes","floor":5,"turns":3},{"damage":20,"enemies":"3 Sentries","floor":7,"turns":6},{"damage":0,"enemies":"Lagavulin","floor":10,"turns":5},{"damage":0,"enemies":"2 Fungi Beasts","floor":11,"turns":2},{"damage":7,"enemies":"Looter","floor":12,"turns":3},{"damage":16,"enemies":"Red Slaver","floor":13,"turns":4},{"damage":4,"enemies":"Gremlin Nob","floor":14,"turns":3},{"damage":20,"enemies":"The Guardian","floor":16,"turns":2}],"seed_played":"-7744423690465084378","potions_obtained":[{"floor":3,"key":"FocusPotion"},{"floor":5,"key":"SkillPotion"},{"floor":10,"key":"SkillPotion"},{"floor":11,"key":"Swift Potion"},{"floor":13,"key":"Fire Potion"}],"is_trial":false,"path_per_floor":["M","?","M","$","M","R","E","R","T","E","M","M","M","E","R","B"],"character_chosen":"DEFECT","items_purchased":["Consume"],"campfire_rested":0,"item_purchase_floors":[4],"current_hp_per_floor":[71,71,71,71,66,66,46,46,46,46,46,39,23,19,19,0],"gold":189,"neow_bonus":"TEN_PERCENT_HP_BONUS","is_prod":false,"is_daily":false,"chose_seed":false,"campfire_upgraded":3,"win_rate":0,"timestamp":1552866531,"path_taken":["M","?","?","$","M","R","E","R","T","E","M","M","M","E","R","BOSS"],"build_version":"2019-01-23","purchased_purges":0,"victory":false,"max_hp_per_floor":[78,78,78,78,78,78,78,78,78,78,78,78,78,78,78,78],"card_choices":[{"not_picked":["Rebound","Hologram"],"picked":"Sweeping Beam","floor":1},{"not_picked":["Streamline","Turbo"],"picked":"Lockon","floor":3},{"not_picked":["Compile Driver","Gash"],"picked":"Coolheaded","floor":5},{"not_picked":["Rebound","Force Field"],"picked":"Reinforced Body","floor":7},{"not_picked":["Steam Power","Barrage","Beam Cell"],"picked":"Compile Driver","floor":10},{"not_picked":["Conserve Battery","Redo","Reinforced Body"],"picked":"Loop","floor":11},{"not_picked":["Sunder","Lockon","Barrage"],"picked":"Loop","floor":12},{"not_picked":["Force Field","Leap","Rebound"],"picked":"Rainbow","floor":13},{"not_picked":["Core Surge","Redo","Skim"],"picked":"Darkness","floor":14}],"player_experience":1431729,"relics_obtained":[{"floor":7,"key":"Dream Catcher"},{"floor":9,"key":"Question Card"},{"floor":10,"key":"Matryoshka"},{"floor":14,"key":"Mummified Hand"}],"event_choices":[{"cards_removed":["Sweeping Beam"],"damage_healed":0,"gold_gain":0,"player_choice":"Gave Card","damage_taken":0,"relics_obtained":["Mercury Hourglass"],"max_hp_gain":0,"max_hp_loss":0,"event_name":"WeMeetAgain","floor":2,"gold_loss":0}],"is_beta":false,"boss_relics":[],"items_purged_floors":[],"is_endless":false,"potions_floor_spawned":[3,5,10,11,13],"killed_by":"The Guardian","ascension_level":20}