{"path_per_floor":["M","?","M","?","?","M","R","E","T","E","R","$","M","E","R"],"character_chosen":"DEFECT","items_purchased":[],"gold_per_floor":[112,112,126,76,76,99,99,133,215,253,253,178,199,260,260,260],"floor_reached":16,"campfire_rested":1,"playtime":835,"item_purchase_floors":[],"current_hp_per_floor":[72,54,54,54,54,51,51,25,25,26,48,48,49,38,38,0],"items_purged":["Strike_B"],"gold":260,"score":124,"play_id":"10e9cf3e-b7ab-4dce-a843-e6daac7b3d8d","local_time":"20180612133840","is_prod":false,"is_daily":false,"chose_seed":false,"is_ascension_mode":true,"campfire_upgraded":2,"win_rate":0.0,"timestamp":1528781920,"campfire_choices":[{"data":"Zap","floor":7,"key":"SMITH"},{"floor":11,"key":"REST"},{"data":"Rainbow","floor":15,"key":"SMITH"}],"path_taken":["M","?","M","?","?","?","R","E","T","E","R","$","M","E","R","BOSS"],"build_version":"2018-06-07v3","seed_source_timestamp":92062518504419,"purchased_purges":1,"victory":false,"master_deck":["Strike_B","Strike_B","Strike_B","Defend_B","Defend_B","Defend_B+1","Zap+1","Dualcast","Double Energy","Redo","Injury","Doom and Gloom","Chill","Rainbow+1"],"max_hp_per_floor":[75,75,75,75,75,75,75,75,75,75,75,75,75,75,75,75],"relics":["Cracked Core","Golden Idol","Blood Vial","Meat on the Bone","Oddly Smooth Stone","Tiny Chest"],"card_choices":[{"not_picked":["Steam Power","Ball Lightning"],"picked":"Double Energy","floor":1},{"not_picked":["Loop","Storm"],"picked":"Redo","floor":3},{"not_picked":["Go for the Eyes","Barrage"],"picked":"Doom and Gloom","floor":6},{"not_picked":["Fusion","Barrage"],"picked":"Chill","floor":8},{"not_picked":["Fusion","Cold Snap","Redo"],"picked":"SKIP","floor":10},{"not_picked":["Conserve Battery","Sweeping Beam","Scrape"],"picked":"SKIP","floor":13},{"not_picked":["Barrage","Redo"],"picked":"Rainbow","floor":14}],"player_experience":230300,"potions_floor_usage":[16,16],"damage_taken":[{"damage":3,"enemies":"Jaw Worm","floor":1,"turns":3},{"damage":0,"enemies":"2 Louse","floor":3,"turns":2},{"damage":3,"enemies":"Small Slimes","floor":6,"turns":3},{"damage":26,"enemies":"Gremlin Nob","floor":8,"turns":4},{"damage":13,"enemies":"3 Sentries","floor":10,"turns":6},{"damage":1,"enemies":"Red Slaver","floor":13,"turns":3},{"damage":25,"enemies":"Gremlin Nob","floor":14,"turns":4},{"damage":41,"enemies":"Hexaghost","floor":16,"turns":10}],"relics_obtained":[{"floor":8,"key":"Blood Vial"},{"floor":9,"key":"Meat on the Bone"},{"floor":10,"key":"Oddly Smooth Stone"},{"floor":14,"key":"Tiny Chest"}],"event_choices":[{"event_name":"Golden Idol","player_choice":"Take Damage","floor":2,"damage_taken":0},{"event_name":"The Cleric","player_choice":"Card Removal","floor":4,"damage_taken":0},{"event_name":"Accursed Blacksmith","player_choice":"Forge","floor":5,"damage_taken":0}],"boss_relics":[],"items_purged_floors":[12],"potions_floor_spawned":[1,8,10],"seed_played":"-594264445447950567","killed_by":"Hexaghost","ascension_level":1,"potions_obtained":[{"floor":1,"key":"Energy Potion"},{"floor":8,"key":"AttackPotion"},{"floor":10,"key":"Explosive Potion"}],"is_trial":false}