{"gold_per_floor":[112,127,50,69,82,115,115,140,167,167,202,202,227,227,227,318,318,334,46,46,46,46,46,80,80,104,23,23,23,23,58,58,58],"floor_reached":33,"playtime":1013,"items_purged":["Strike_R"],"score":611,"play_id":"455395a8-5c3e-46f3-8b84-97fc19ab0b4b","local_time":"20181205103237","is_ascension_mode":true,"campfire_choices":[{"data":"Immolate","floor":7,"key":"SMITH"},{"data":"Flex","floor":10,"key":"SMITH"},{"data":"Bash","floor":12,"key":"SMITH"},{"data":"Flame Barrier","floor":15,"key":"SMITH"},{"data":"True Grit","floor":23,"key":"SMITH"},{"data":"Spot Weakness","floor":25,"key":"SMITH"},{"data":"Battle Trance","floor":28,"key":"SMITH"},{"data":"Rampage","floor":32,"key":"SMITH"}],"neow_cost":"NONE","seed_source_timestamp":4879828430818,"circlet_count":0,"master_deck":["AscendersBane","Strike_R+1","Strike_R+1","Strike_R+1","Strike_R+1","Defend_R+1","Defend_R+1","Defend_R+1","Defend_R+1","Bash+1","Twin Strike","Rampage+1","Shrug It Off","Anger","Wild Strike","Immolate+1","Flex+1","Sword Boomerang","Battle Trance+1","Flame Barrier+1","Reaper","Spot Weakness+1","True Grit+1","Thunderclap","Metallicize+1","Juggernaut+1"],"relics":["Burning Blood","Vajra","Frozen Egg 2","Lantern","Orichalcum","Juzu Bracelet","Omamori","Bloody Idol","Philosopher\u0027s Stone","PreservedInsect","Blue Candle","Red Skull","Singing Bowl"],"potions_floor_usage":[5,6,11,16,33],"damage_taken":[{"damage":1,"enemies":"Cultist","floor":1,"turns":3},{"damage":5,"enemies":"2 Louse","floor":2,"turns":2},{"damage":4,"enemies":"Jaw Worm","floor":4,"turns":3},{"damage":6,"enemies":"Lots of Slimes","floor":5,"turns":2},{"damage":30,"enemies":"Lagavulin","floor":6,"turns":5},{"damage":17,"enemies":"3 Sentries","floor":8,"turns":4},{"damage":0,"enemies":"Gremlin Nob","floor":11,"turns":2},{"damage":14,"enemies":"Lagavulin","floor":13,"turns":3},{"damage":31,"enemies":"The Guardian","floor":16,"turns":10},{"damage":12,"enemies":"3 Byrds","floor":18,"turns":4},{"damage":48,"enemies":"Gremlin Leader","floor":24,"turns":5},{"damage":23,"enemies":"Slavers","floor":31,"turns":4},{"damage":74,"enemies":"Automaton","floor":33,"turns":6}],"seed_played":"4663386189852243712","potions_obtained":[{"floor":1,"key":"Explosive Potion"},{"floor":4,"key":"SteroidPotion"},{"floor":8,"key":"Swift Potion"},{"floor":11,"key":"Block Potion"},{"floor":24,"key":"SkillPotion"},{"floor":31,"key":"FearPotion"}],"is_trial":false,"path_per_floor":["M","M","$","M","M","E","R","E","T","R","E","R","E","?","R","B",null,"M","$","?","?","?","R","E","R","T","$","R","?","?","E","R","B"],"character_chosen":"IRONCLAD","items_purchased":["Shrug It Off","Anger","PreservedInsect","True Grit","Metallicize+1"],"campfire_rested":0,"item_purchase_floors":[3,3,19,19,27],"current_hp_per_floor":[73,74,74,75,75,51,51,40,40,40,46,46,38,38,38,13,60,54,54,54,54,54,54,38,38,43,43,43,43,43,49,49,0],"gold":58,"neow_bonus":"RANDOM_COMMON_RELIC","is_prod":false,"is_daily":false,"chose_seed":false,"campfire_upgraded":8,"win_rate":0,"timestamp":1544002357,"path_taken":["M","M","?","M","M","E","R","E","T","R","E","R","E","?","R","BOSS","M","$","?","?","?","R","E","R","T","?","R","?","?","E","R","BOSS"],"build_version":"2018-12-05","purchased_purges":1,"victory":false,"max_hp_per_floor":[75,75,75,75,75,75,75,75,75,75,75,75,75,75,75,75,75,75,75,75,75,75,75,75,75,75,75,75,75,75,75,75,75],"card_choices":[{"not_picked":["Feel No Pain","Evolve"],"picked":"Twin Strike","floor":1},{"not_picked":["Headbutt","Battle Trance"],"picked":"Rampage","floor":2},{"not_picked":["Entrench","Anger"],"picked":"Wild Strike","floor":4},{"not_picked":["Wild Strike","Inflame"],"picked":"Immolate","floor":5},{"not_picked":["Carnage","Havoc"],"picked":"Flex","floor":6},{"not_picked":["Flex","Heavy Blade"],"picked":"Sword Boomerang","floor":8},{"not_picked":["Shrug It Off","Thunderclap"],"picked":"Battle Trance","floor":11},{"not_picked":["Entrench","Searing Blow"],"picked":"Flame Barrier","floor":13},{"not_picked":["Double Tap","Berserk+1"],"picked":"Reaper","floor":16},{"not_picked":["Bloodletting","Armaments"],"picked":"Spot Weakness","floor":18},{"not_picked":["Cleave","Flex"],"picked":"Thunderclap","floor":24},{"not_picked":["Body Slam","Feel No Pain+1"],"picked":"Juggernaut+1","floor":31}],"player_experience":951883,"relics_obtained":[{"floor":6,"key":"Frozen Egg 2"},{"floor":8,"key":"Lantern"},{"floor":9,"key":"Orichalcum"},{"floor":11,"key":"Juzu Bracelet"},{"floor":13,"key":"Omamori"},{"floor":24,"key":"Blue Candle"},{"floor":26,"key":"Red Skull"},{"floor":31,"key":"Singing Bowl"}],"event_choices":[{"damage_healed":0,"gold_gain":0,"player_choice":"Take Wound","damage_taken":0,"relics_obtained":["Golden Idol"],"max_hp_gain":0,"max_hp_loss":0,"event_name":"Golden Idol","floor":14,"gold_loss":0,"cards_obtained":["Injury"]},{"damage_healed":0,"gold_gain":0,"player_choice":"1 cards matched","damage_taken":0,"max_hp_gain":0,"max_hp_loss":0,"event_name":"Match and Keep!","floor":20,"gold_loss":0,"cards_obtained":["Bash"]},{"damage_healed":0,"gold_gain":0,"player_choice":"Gave Idol","damage_taken":0,"relics_obtained":["Bloody Idol"],"max_hp_gain":0,"max_hp_loss":0,"event_name":"Forgotten Altar","floor":21,"relics_lost":["Golden Idol"],"gold_loss":0},{"cards_removed":["Bash"],"damage_healed":0,"gold_gain":0,"player_choice":"Card Removal","damage_taken":0,"max_hp_gain":0,"max_hp_loss":0,"event_name":"Wheel of Change","floor":22,"gold_loss":0},{"damage_healed":0,"gold_gain":0,"player_choice":"Simplicity","damage_taken":0,"max_hp_gain":0,"max_hp_loss":0,"event_name":"Back to Basics","floor":29,"gold_loss":0,"cards_upgraded":["Strike_R","Strike_R","Strike_R","Strike_R","Defend_R","Defend_R","Defend_R","Defend_R"]},{"damage_healed":0,"gold_gain":0,"player_choice":"Ignored","damage_taken":0,"max_hp_gain":0,"max_hp_loss":0,"event_name":"Vampires","floor":30,"gold_loss":0}],"is_beta":true,"boss_relics":[{"not_picked":["Orrery","Mark of Pain"],"picked":"Philosopher\u0027s Stone"}],"items_purged_floors":[19],"is_endless":false,"potions_floor_spawned":[1,4,8,11,24,31],"killed_by":"Automaton","ascension_level":17}