{"gold_per_floor":[114,189,189,67,79,107,124,158,158,192,211,222,222,234,234,313,313,331,288,123,123,323,323,358,358,384,194,211,211,221,249,249,326,326,346,371,371,371],"floor_reached":38,"playtime":1679,"items_purged":["Strike_G","Shame"],"score":1014,"play_id":"d66e3ef8-1ead-4b18-be78-02c0aea88f1d","local_time":"20190606103347","is_ascension_mode":true,"campfire_choices":[{"data":"Deadly Poison","floor":15.0,"key":"SMITH"},{"floor":23.0,"key":"REST"},{"floor":25.0,"key":"REST"},{"data":"Catalyst","floor":29.0,"key":"SMITH"},{"data":"Wraith Form v2","floor":32.0,"key":"SMITH"}],"neow_cost":"NONE","seed_source_timestamp":0,"circlet_count":0,"master_deck":["AscendersBane","Defend_G","Defend_G","Defend_G","Defend_G","Defend_G","Strike_G+1","Survivor","Neutralize+1","Cloak And Dagger","Dash","Well Laid Plans","Endless Agony","Quick Slash","Backstab","Endless Agony","Deadly Poison+1","PiercingWail","Deadly Poison","Wraith Form v2+1","Prepared+1","Catalyst+1","Burst","Footwork","Backflip","Night Terror","Phantasmal Killer+1","Tools of the Trade+1","Predator+1","Prepared+1"],"special_seed":0,"relics":["Ring of the Snake","NeowsBlessing","Whetstone","Regal Pillow","Blood Vial","Tingsha","Peace Pipe","Darkstone Periapt","Cursed Key","WingedGreaves","Happy Flower","Ancient Tea Set","Astrolabe","PreservedInsect"],"potions_floor_usage":[],"damage_taken":[{"damage":0.0,"enemies":"2 Louse","floor":1.0,"turns":1.0},{"damage":0.0,"enemies":"Jaw Worm","floor":5.0,"turns":1.0},{"damage":0.0,"enemies":"Gremlin Nob","floor":6.0,"turns":1.0},{"damage":0.0,"enemies":"Small Slimes","floor":7.0,"turns":3.0},{"damage":5.0,"enemies":"3 Sentries","floor":8.0,"turns":11.0},{"damage":8.0,"enemies":"Gremlin Nob","floor":10.0,"turns":3.0},{"damage":0.0,"enemies":"Red Slaver","floor":11.0,"turns":2.0},{"damage":0.0,"enemies":"2 Fungi Beasts","floor":12.0,"turns":3.0},{"damage":3.0,"enemies":"Lots of Slimes","floor":14.0,"turns":4.0},{"damage":20.0,"enemies":"Hexaghost","floor":16.0,"turns":10.0},{"damage":27.0,"enemies":"Spheric Guardian","floor":18.0,"turns":6.0},{"damage":8.0,"enemies":"2 Thieves","floor":19.0,"turns":5.0},{"damage":19.0,"enemies":"Colosseum Slavers","floor":21.0,"turns":6.0},{"damage":27.0,"enemies":"Book of Stabbing","floor":24.0,"turns":5.0},{"damage":28.0,"enemies":"Shelled Parasite and Fungi","floor":28.0,"turns":4.0},{"damage":8.0,"enemies":"Centurion and Healer","floor":30.0,"turns":7.0},{"damage":0.0,"enemies":"Gremlin Leader","floor":31.0,"turns":7.0},{"damage":37.0,"enemies":"Champ","floor":33.0,"turns":12.0},{"damage":0.0,"enemies":"3 Shapes","floor":35.0,"turns":5.0},{"damage":38,"enemies":"3 Darklings","floor":38,"turns":7}],"seed_played":"4679334755387112597","potions_obtained":[{"floor":5.0,"key":"Strength Potion"},{"floor":7.0,"key":"FearPotion"},{"floor":10.0,"key":"GamblersBrew"},{"floor":11.0,"key":"FearPotion"},{"floor":24.0,"key":"Dexterity Potion"},{"floor":30.0,"key":"Regen Potion"},{"floor":33.0,"key":"Ancient Potion"}],"is_trial":false,"path_per_floor":["M","?","T","$","M","E","M","E","T","E","M","M","?","M","R","B",null,"M","M","$","?","?","R","E","R","T","$","M","R","M","E","R","B",null,"M","T","?","M"],"character_chosen":"THE_SILENT","items_purchased":["Dash","Well Laid Plans","Catalyst","Footwork"],"campfire_rested":2,"item_purchase_floors":[4,4,20,27],"current_hp_per_floor":[59,48,48,48,48,48,48,43,43,37,39,41,30,29,29,11,52,27,21,21,4,4,38,13,47,53,53,27,27,21,23,23,3,55,57,63,63,27],"gold":371,"neow_bonus":"THREE_ENEMY_KILL","is_prod":false,"is_daily":false,"chose_seed":false,"campfire_upgraded":3,"win_rate":0,"timestamp":1559810027,"path_taken":["M","?","?","$","M","E","M","E","T","E","M","M","?","M","R","BOSS","M","M","$","?","?","R","E","R","T","$","M","R","M","E","R","BOSS","M","?","?","?"],"build_version":"2019-01-23","purchased_purges":2,"victory":false,"max_hp_per_floor":[66,66,66,66,66,66,66,66,66,66,66,66,66,66,66,66,66,66,66,66,66,66,66,66,66,72,72,72,72,72,72,72,72,72,72,78,78,78],"card_choices":[{"not_picked":["Deflect","Dagger Throw"],"picked":"Cloak And Dagger","floor":1.0},{"not_picked":["Underhanded Strike","Slice"],"picked":"Endless Agony","floor":5.0},{"not_picked":["Underhanded Strike","Distraction","Calculated Gamble"],"picked":"SKIP","floor":6.0},{"not_picked":["Prepared","Slice"],"picked":"Quick Slash","floor":7.0},{"not_picked":["Deflect","Outmaneuver"],"picked":"Backstab","floor":8.0},{"not_picked":["Deflect","Well Laid Plans"],"picked":"Endless Agony","floor":10.0},{"not_picked":["Slice","Deflect"],"picked":"Deadly Poison","floor":11.0},{"not_picked":["Flying Knee","Expertise"],"picked":"PiercingWail","floor":12.0},{"not_picked":["Leg Sweep","Backflip"],"picked":"Deadly Poison","floor":14.0},{"not_picked":["Doppelganger","Die Die Die"],"picked":"Wraith Form v2","floor":16.0},{"not_picked":["Blade Dance","Tactician"],"picked":"Prepared+1","floor":18.0},{"not_picked":["Flechettes","Slice","Cloak And Dagger"],"picked":"SKIP","floor":19.0},{"not_picked":["Distraction","Heel Hook+1"],"picked":"Burst","floor":24.0},{"not_picked":["Bouncing Flask","Dagger Spray"],"picked":"Backflip","floor":28.0},{"not_picked":["Cloak And Dagger+1","Backstab","Masterful Stab"],"picked":"SKIP","floor":30.0},{"not_picked":["Grand Finale","Dagger Throw+1","Blade Dance"],"picked":"SKIP","floor":31.0},{"not_picked":["Phantasmal Killer","Doppelganger"],"picked":"Night Terror","floor":33.0},{"not_picked":["Deadly Poison","Skewer+1"],"picked":"Prepared+1","floor":35.0}],"player_experience":1720839,"relics_obtained":[{"floor":3.0,"key":"Whetstone"},{"floor":6.0,"key":"Regal Pillow"},{"floor":8.0,"key":"Blood Vial"},{"floor":9.0,"key":"Tingsha"},{"floor":10.0,"key":"Peace Pipe"},{"floor":24.0,"key":"WingedGreaves"},{"floor":26.0,"key":"Happy Flower"},{"floor":31.0,"key":"Ancient Tea Set"},{"floor":36.0,"key":"PreservedInsect"}],"event_choices":[{"damage_healed":0.0,"max_hp_gain":0.0,"max_hp_loss":0.0,"gold_gain":75.0,"event_name":"World of Goop","player_choice":"Gather Gold","floor":2.0,"gold_loss":0.0,"damage_taken":11.0},{"damage_healed":0.0,"max_hp_gain":0.0,"max_hp_loss":0.0,"gold_gain":0.0,"event_name":"Scrap Ooze","player_choice":"Success","floor":13.0,"gold_loss":0.0,"damage_taken":11.0,"relics_obtained":["Darkstone Periapt"]},{"damage_healed":0.0,"max_hp_gain":0.0,"max_hp_loss":0.0,"gold_gain":0.0,"event_name":"Colosseum","player_choice":"Fight","floor":21.0,"gold_loss":0.0,"damage_taken":0.0},{"damage_healed":0.0,"max_hp_gain":0.0,"max_hp_loss":0.0,"gold_gain":0.0,"event_name":"Colosseum","player_choice":"Fled From Nobs","floor":21.0,"gold_loss":0.0,"damage_taken":0.0},{"damage_healed":0.0,"max_hp_gain":0.0,"max_hp_loss":0.0,"gold_gain":250.0,"event_name":"The Joust","player_choice":"Bet on Owner","floor":22.0,"gold_loss":50.0,"damage_taken":0.0},{"cards_removed":["Injury"],"damage_healed":0.0,"max_hp_gain":0.0,"max_hp_loss":0.0,"gold_gain":0.0,"event_name":"Fountain of Cleansing","player_choice":"Removed Curses","floor":37.0,"gold_loss":0.0,"damage_taken":0.0}],"is_beta":false,"boss_relics":[{"not_picked":["Runic Dome","Pandora\u0027s Box"],"picked":"Cursed Key"},{"not_picked":["Lizard Tail","Calling Bell"],"picked":"Astrolabe"}],"items_purged_floors":[20,27],"is_endless":false,"potions_floor_spawned":[5,7,8,10,11,24,30,33,35],"killed_by":"3 Darklings","ascension_level":20}