{"path_per_floor":["M","$","$","?","M","R","E","R","T","E","M","$","M","M","R","B",null,"M","?","$","T","?","R","?","E","T","M","R","?","R","M","R"],"character_chosen":"IRONCLAD","items_purchased":["Combust","Cleave","Flame Barrier"],"gold_per_floor":[113,113,76,76,87,87,114,114,114,146,166,113,123,139,139,240,240,254,169,134,160,160,160,160,189,216,228,228,228,228,242,242,242],"floor_reached":33,"campfire_rested":0,"playtime":2020,"current_hp_per_floor":[80,80,80,80,86,86,46,46,46,34,40,40,43,48,48,13,87,79,79,79,79,79,79,43,37,37,32,32,32,32,28,28,0],"items_purged":[],"gold":242,"score":296,"play_id":"7425223c-169a-49ae-821b-e532d795e077","local_time":"20180513143543","is_prod":false,"is_daily":false,"chose_seed":false,"is_ascension_mode":false,"campfire_upgraded":7,"timestamp":1526214943,"path_taken":["M","?","$","?","M","R","E","R","T","E","M","?","M","M","R","BOSS","M","?","$","?","?","R","?","E","T","M","R","?","R","M","R","BOSS"],"build_version":"2018-05-10","seed_source_timestamp":13412771272135,"purchased_purges":0,"victory":false,"master_deck":["Strike_R","Strike_R+1","Strike_R","Strike_R","Strike_R","Defend_R","Defend_R","Defend_R","Bash","Whirlwind","Combust+1","Thunderclap","Anger+1","Seeing Red+1","Shockwave","Cleave+1","Headbutt","Spot Weakness","Impervious","Cleave","Flame Barrier+1","Ghostly","Ghostly","Ghostly","Ghostly","Ghostly","Anger+1","Rage+1","Infernal Blade+1","Cleave"],"max_hp_per_floor":[80,80,80,87,87,87,87,87,87,87,87,87,87,87,87,87,87,87,87,87,87,87,87,43,43,43,43,43,43,43,43,43,43],"relics":["Burning Blood","Anchor","Strawberry","Darkstone Periapt","Pantograph","Regal Pillow","White Beast Statue","Matryoshka","Self Forming Clay","Orichalcum","Omamori","Gremlin Horn","Whetstone"],"card_choices":[{"not_picked":["Wild Strike","Armaments"],"picked":"Whirlwind","floor":1},{"not_picked":["Clash","Shrug It Off"],"picked":"Thunderclap","floor":5},{"not_picked":["Juggernaut","Body Slam"],"picked":"Anger","floor":7},{"not_picked":["Anger","True Grit"],"picked":"Seeing Red","floor":10},{"not_picked":["Warcry","Evolve"],"picked":"Shockwave","floor":11},{"not_picked":["Armaments","Body Slam"],"picked":"Headbutt","floor":13},{"not_picked":["Second Wind","Iron Wave"],"picked":"Spot Weakness","floor":14},{"not_picked":["Fiend Fire","Berserk"],"picked":"Impervious","floor":16},{"not_picked":["Twin Strike","Sword Boomerang"],"picked":"Cleave","floor":18},{"not_picked":["Spot Weakness","Clash"],"picked":"Anger","floor":25},{"not_picked":["Headbutt","Heavy Blade"],"picked":"Rage","floor":27},{"not_picked":["Shrug It Off","Burning Pact"],"picked":"Cleave","floor":31}],"player_experience":27182,"potions_floor_usage":[7,10,16,16,25,31,31,33,33],"damage_taken":[{"damage":5,"enemies":"Cultist","floor":1,"turns":4},{"damage":0,"enemies":"Small Slimes","floor":5,"turns":4},{"damage":46,"enemies":"Lagavulin","floor":7,"turns":7},{"damage":18,"enemies":"3 Sentries","floor":10,"turns":4},{"damage":0,"enemies":"Jaw Worm","floor":11,"turns":3},{"damage":3,"enemies":"Blue Slaver","floor":13,"turns":2},{"damage":1,"enemies":"Exordium Wildlife","floor":14,"turns":2},{"damage":66,"enemies":"Hexaghost","floor":16,"turns":8},{"damage":14,"enemies":"2 Thieves","floor":18,"turns":4},{"damage":12,"enemies":"Slavers","floor":25,"turns":7},{"damage":11,"enemies":"3 Byrds","floor":27,"turns":6},{"damage":10,"enemies":"Centurion and Healer","floor":31,"turns":4},{"damage":67,"enemies":"Champ","floor":33,"turns":12}],"event_choices":[{"event_name":"Scrap Ooze","player_choice":"success","floor":4,"damage_taken":7},{"event_name":"Addict","player_choice":"Obtained Relic","floor":19,"damage_taken":0},{"event_name":"Purifier","player_choice":"One Purge","floor":22,"damage_taken":0},{"event_name":"Ghosts","player_choice":"Became a Ghost","floor":24,"damage_taken":0},{"event_name":"The Library","player_choice":"Read","floor":29,"damage_taken":0}],"boss_relics":[{"not_picked":["Lizard Tail","Sozu"],"picked":"White Beast Statue"}],"potions_floor_spawned":[1,5,11,14,16,18,25,27,31],"seed_played":"-201749587390222540","killed_by":"Champ","ascension_level":0,"is_trial":false}