{"gold_per_floor":[111,124,124,144,162,162,192,192],"floor_reached":8,"playtime":996,"items_purged":[],"score":96,"play_id":"d836f984-783e-419e-a971-bf44d9d4deac","local_time":"20190506221734","is_ascension_mode":true,"campfire_choices":[{"data":"1","floor":6,"key":"LIFT"}],"neow_cost":"PERCENT_DAMAGE","seed_source_timestamp":49394277645397,"circlet_count":0,"master_deck":["AscendersBane","Strike_B","Strike_B","Strike_B","Strike_B","Defend_B","Defend_B","Defend_B","Defend_B","Zap","Dualcast","Ball Lightning","Cold Snap","Compile Driver","Ball Lightning"],"relics":["Cracked Core","Girya","Odd Mushroom"],"potions_floor_usage":[7,8],"damage_taken":[{"damage":2,"enemies":"Jaw Worm","floor":1,"turns":3},{"damage":8,"enemies":"Small Slimes","floor":2,"turns":3},{"damage":5,"enemies":"2 Louse","floor":4,"turns":2},{"damage":5,"enemies":"Exordium Wildlife","floor":5,"turns":3},{"damage":13,"enemies":"The Mushroom Lair","floor":7,"turns":4},{"damage":24,"enemies":"Lagavulin","floor":8,"turns":5}],"seed_played":"5180239614463322343","potions_obtained":[{"floor":1,"key":"PowerPotion"},{"floor":2,"key":"SkillPotion"}],"is_trial":false,"path_per_floor":["M","M","?","M","M","R","?","E"],"character_chosen":"DEFECT","items_purchased":[],"campfire_rested":0,"item_purchase_floors":[],"current_hp_per_floor":[44,36,36,31,26,26,13,0],"gold":192,"neow_bonus":"ONE_RARE_RELIC","is_prod":false,"is_daily":false,"chose_seed":false,"campfire_upgraded":0,"win_rate":0,"timestamp":1557173854,"path_taken":["M","M","?","M","M","R","?","E"],"build_version":"2019-01-23","purchased_purges":0,"victory":false,"max_hp_per_floor":[71,71,71,71,71,71,71,71],"card_choices":[{"not_picked":["Force Field","Coolheaded"],"picked":"Ball Lightning","floor":1},{"not_picked":["Redo","Beam Cell"],"picked":"Cold Snap","floor":2},{"not_picked":["Scrape","Beam Cell"],"picked":"Compile Driver","floor":4},{"not_picked":["Force Field","Aggregate","Compile Driver"],"picked":"SKIP","floor":5},{"not_picked":["Coolheaded","Barrage"],"picked":"Ball Lightning","floor":7}],"player_experience":1662267,"relics_obtained":[{"floor":7,"key":"Odd Mushroom"}],"event_choices":[{"damage_healed":0,"gold_gain":0,"player_choice":"Ignored","damage_taken":0,"max_hp_gain":0,"max_hp_loss":0,"event_name":"Liars Game","floor":3,"gold_loss":0},{"damage_healed":0,"gold_gain":0,"player_choice":"Fought Mushrooms","damage_taken":0,"max_hp_gain":0,"max_hp_loss":0,"event_name":"Mushrooms","floor":7,"gold_loss":0}],"is_beta":false,"boss_relics":[],"items_purged_floors":[],"is_endless":false,"potions_floor_spawned":[1,2],"killed_by":"Lagavulin","ascension_level":20}