{"gold_per_floor":[109,35,54,54,68,94,94,19,19,44,67,67,11,44,74,74],"floor_reached":16,"playtime":510,"items_purged":["Strike_R"],"score":232,"play_id":"564463de-38d2-4d16-a342-68b64a46ab4a","local_time":"20190130220422","is_ascension_mode":true,"campfire_choices":[{"data":"Bash","floor":7,"key":"SMITH"},{"floor":12,"key":"DIG"},{"floor":15,"key":"DIG"}],"neow_cost":"NONE","seed_source_timestamp":42903204573257,"circlet_count":0,"master_deck":["AscendersBane","Strike_R","Strike_R","Strike_R","Strike_R","Defend_R","Defend_R","Defend_R","Defend_R","Bash+1","Rampage","Rampage","Anger","Searing Blow","Rage","Shrug It Off"],"relics":["Burning Blood","NeowsBlessing","Paper Frog","infinitespire:WardingShard","infinitespire:Lychee Nut","Shovel","Odd Mushroom","Gambling Chip","hubris:TenFootPole","Tiny Chest"],"potions_floor_usage":[6,14,16],"damage_taken":[{"damage":0,"enemies":"Cultist","floor":1,"turns":1},{"damage":0,"enemies":"Jaw Worm","floor":3,"turns":1},{"damage":0,"enemies":"2 Louse","floor":5,"turns":1},{"damage":35,"enemies":"Lagavulin","floor":6,"turns":6},{"damage":42,"enemies":"3 Sentries","floor":10,"turns":10},{"damage":15,"enemies":"The Mushroom Lair","floor":11,"turns":4},{"damage":11,"enemies":"Lagavulin","floor":14,"turns":7},{"damage":26,"enemies":"Slime Boss","floor":16,"turns":6}],"seed_played":"887175480548083368","potions_obtained":[{"floor":5,"key":"PowerPotion"},{"floor":14,"key":"SpeedPotion"}],"is_trial":false,"path_per_floor":["M","?","M","?","M","E","R","$","T","E","?","R","$","E","R","B"],"character_chosen":"IRONCLAD","items_purchased":["AttackPotion"],"campfire_rested":0,"item_purchase_floors":[13],"current_hp_per_floor":[74,74,75,75,75,46,46,46,46,16,13,13,13,14,14,0],"gold":74,"neow_bonus":"THREE_ENEMY_KILL","is_prod":false,"is_daily":false,"chose_seed":false,"campfire_upgraded":1,"win_rate":0,"timestamp":1548882262,"path_taken":["M","?","?","?","M","E","R","$","T","E","?","R","$","E","R","BOSS"],"build_version":"2019-01-23","purchased_purges":1,"victory":false,"max_hp_per_floor":[75,75,75,75,75,75,75,75,56,56,56,56,56,56,56,56],"card_choices":[{"not_picked":["Uppercut","Anger"],"picked":"Rampage","floor":1},{"not_picked":["Havoc","Warcry"],"picked":"Rampage","floor":3},{"not_picked":["Clothesline","Infernal Blade"],"picked":"Anger","floor":5},{"not_picked":["Entrench","Corruption","Warcry"],"picked":"SKIP","floor":6},{"not_picked":["Clothesline","hubris:ReadiedAction"],"picked":"Searing Blow","floor":10},{"not_picked":["Clash","Bloodletting"],"picked":"Rage","floor":11},{"not_picked":["Havoc","Wild Strike"],"picked":"Shrug It Off","floor":14}],"player_experience":1186721,"relics_obtained":[{"floor":6,"key":"infinitespire:WardingShard"},{"floor":9,"key":"infinitespire:Lychee Nut"},{"floor":10,"key":"Shovel"},{"floor":11,"key":"Odd Mushroom"},{"floor":12,"key":"Gambling Chip"},{"floor":14,"key":"hubris:TenFootPole"},{"floor":15,"key":"Tiny Chest"}],"event_choices":[{"damage_healed":0,"gold_gain":0,"player_choice":"Paid Gold","damage_taken":0,"relics_obtained":["Paper Frog"],"max_hp_gain":0,"max_hp_loss":0,"event_name":"WeMeetAgain","floor":2,"gold_loss":74},{"damage_healed":0,"gold_gain":0,"player_choice":"Leave","damage_taken":0,"max_hp_gain":0,"max_hp_loss":0,"event_name":"The Cleric","floor":4,"gold_loss":0},{"damage_healed":0,"gold_gain":0,"player_choice":"Fought Mushrooms","damage_taken":0,"max_hp_gain":0,"max_hp_loss":0,"event_name":"Mushrooms","floor":11,"gold_loss":0}],"is_beta":false,"boss_relics":[],"items_purged_floors":[8],"is_endless":false,"potions_floor_spawned":[5,14],"killed_by":"Slime Boss","ascension_level":20}