{"gold_per_floor":[111,126,126,38,58,88,103,103,128,85,85,102,118,118],"floor_reached":14,"playtime":342,"items_purged":[],"score":184,"play_id":"e6d4e4f4-c018-4eee-a6d6-c2329a4c9e83","local_time":"20190126214628","is_ascension_mode":true,"campfire_choices":[{"data":"Sunder","floor":8,"key":"SMITH"},{"floor":11,"key":"REST"}],"neow_cost":"PERCENT_DAMAGE","seed_source_timestamp":33032751486120,"circlet_count":0,"master_deck":["AscendersBane","Strike_B","Strike_B","Strike_B","Strike_B","Defend_B","Defend_B","Defend_B","Defend_B","Zap+1","Dualcast","Coolheaded","Ball Lightning","Rainbow","Rip and Tear","Sunder+1","hubris:PowerSurge","Thunder Strike"],"relics":["Cracked Core","Du-Vu Doll","hubris:Potato","Juzu Bracelet"],"potions_floor_usage":[14,14,14,14],"damage_taken":[{"damage":0,"enemies":"2 Louse","floor":1,"turns":1},{"damage":8,"enemies":"Jaw Worm","floor":2,"turns":6},{"damage":0,"enemies":"Small Slimes","floor":5,"turns":2},{"damage":16,"enemies":"Lagavulin","floor":6,"turns":7},{"damage":18,"enemies":"3 Louse","floor":7,"turns":3},{"damage":14,"enemies":"Exordium Thugs","floor":12,"turns":3},{"damage":1,"enemies":"Looter","floor":13,"turns":2},{"damage":12,"enemies":"3 Sentries","floor":14,"turns":2}],"seed_played":"2090266091648129982","potions_obtained":[{"floor":5,"key":"LiquidBronze"},{"floor":7,"key":"EntropicBrew"}],"is_trial":false,"path_per_floor":["M","M","?","$","M","E","M","R","T","?","R","M","M","E"],"character_chosen":"DEFECT","items_purchased":["Rainbow"],"campfire_rested":1,"item_purchase_floors":[4],"current_hp_per_floor":[46,38,38,38,38,22,4,4,4,4,25,11,10,0],"gold":118,"neow_bonus":"ONE_RARE_RELIC","is_prod":false,"is_daily":false,"chose_seed":false,"campfire_upgraded":1,"win_rate":0,"timestamp":1548535588,"path_taken":["M","M","?","?","M","E","M","R","T","?","R","M","M","E"],"build_version":"2019-01-23","purchased_purges":0,"victory":false,"max_hp_per_floor":[71,71,71,71,71,71,71,71,71,71,71,71,71,71],"card_choices":[{"not_picked":["Barrage","Heatsinks"],"picked":"Coolheaded","floor":1},{"not_picked":["Hello World","Barrage"],"picked":"Ball Lightning","floor":2},{"not_picked":["Stack","Scrape","Redo"],"picked":"SKIP","floor":5},{"not_picked":["Barrage","Conserve Battery"],"picked":"Rip and Tear","floor":6},{"not_picked":["Skim","Stack"],"picked":"Sunder","floor":7},{"not_picked":["Turbo","Sunder"],"picked":"hubris:PowerSurge","floor":12},{"not_picked":["Go for the Eyes","Beam Cell"],"picked":"Thunder Strike","floor":13}],"player_experience":1167854,"relics_obtained":[{"floor":6,"key":"hubris:Potato"},{"floor":9,"key":"Juzu Bracelet"}],"event_choices":[{"damage_healed":0,"gold_gain":0,"player_choice":"Grow","damage_taken":0,"max_hp_gain":0,"max_hp_loss":0,"event_name":"Living Wall","floor":3,"gold_loss":0,"cards_upgraded":["Zap"]},{"damage_healed":0,"gold_gain":0,"player_choice":"Left Gold","damage_taken":0,"max_hp_gain":0,"max_hp_loss":0,"event_name":"World of Goop","floor":10,"gold_loss":43}],"is_beta":false,"boss_relics":[],"items_purged_floors":[],"is_endless":false,"potions_floor_spawned":[5,7,13],"killed_by":"3 Sentries","ascension_level":20}