{"gold_per_floor":[109,139,139,156,168,168,187,187,187,199,210,210,222,255,255,355,355,373,385,399,16,36,36,36,36,59,59,79,92,108,8,8,105,105,124,124,53,63,63,63,76,76,101,120,120,120],"floor_reached":46,"playtime":1865,"items_purged":["Strike_G","Strike_G"],"score":426,"play_id":"c099fbc7-1b68-49af-85b6-97f4ed1a9685","local_time":"20190704230107","is_ascension_mode":false,"campfire_choices":[{"data":"Neutralize","floor":6.0,"key":"SMITH"},{"data":"Poisoned Stab","floor":8.0,"key":"SMITH"},{"data":"Poisoned Stab","floor":12.0,"key":"SMITH"},{"floor":15.0,"key":"REST"},{"floor":23.0,"key":"REST"},{"floor":25.0,"key":"RECALL"},{"data":"Noxious Fumes","floor":27.0,"key":"SMITH"},{"floor":32.0,"key":"REST"},{"floor":40.0,"key":"REST"}],"neow_cost":"NONE","seed_source_timestamp":1556674143210401,"circlet_count":0,"master_deck":["Defend_G","Defend_G","Defend_G","Defend_G","Survivor","Neutralize+1","Sucker Punch","Bullet Time","Poisoned Stab+1","Flying Knee","Deadly Poison","Poisoned Stab+1","Dagger Spray","Slice","Noxious Fumes+1","Wraith Form v2","Outmaneuver","Caltrops","Deadly Poison","Backflip+1","Caltrops","Bouncing Flask","After Image","Slice","Footwork","Dagger Spray+1","Distraction+1","Writhe","Caltrops+1"],"special_seed":0,"relics":["Ring of the Snake","PreservedInsect","Tiny Chest","Calipers","Blue Candle","Runic Pyramid","Incense Burner","Empty Cage","Blood Vial"],"potions_floor_usage":[46],"damage_taken":[{"damage":10.0,"enemies":"Cultist","floor":1.0,"turns":4.0},{"damage":0.0,"enemies":"2 Louse","floor":4.0,"turns":4.0},{"damage":0.0,"enemies":"Jaw Worm","floor":5.0,"turns":3.0},{"damage":3.0,"enemies":"Exordium Thugs","floor":7.0,"turns":5.0},{"damage":5.0,"enemies":"Large Slime","floor":10.0,"turns":7.0},{"damage":0.0,"enemies":"3 Louse","floor":11.0,"turns":3.0},{"damage":13.0,"enemies":"Gremlin Gang","floor":13.0,"turns":4.0},{"damage":5.0,"enemies":"Gremlin Nob","floor":14.0,"turns":3.0},{"damage":27.0,"enemies":"Hexaghost","floor":16.0,"turns":8.0},{"damage":7.0,"enemies":"Spheric Guardian","floor":18.0,"turns":5.0},{"damage":10.0,"enemies":"Shell Parasite","floor":19.0,"turns":5.0},{"damage":21.0,"enemies":"3 Cultists","floor":20.0,"turns":5.0},{"damage":1.0,"enemies":"Snecko","floor":22.0,"turns":4.0},{"damage":9.0,"enemies":"Centurion and Healer","floor":28.0,"turns":5.0},{"damage":9.0,"enemies":"Snake Plant","floor":29.0,"turns":5.0},{"damage":1.0,"enemies":"Snecko","floor":30.0,"turns":5.0},{"damage":14.0,"enemies":"Champ","floor":33.0,"turns":12.0},{"damage":43.0,"enemies":"3 Darklings","floor":35.0,"turns":5.0},{"damage":0.0,"enemies":"Orb Walker","floor":38.0,"turns":4.0},{"damage":7,"enemies":"4 Shapes","floor":41,"turns":5},{"damage":46,"enemies":"Spire Growth","floor":44,"turns":5},{"damage":15,"enemies":"Jaw Worm Horde","floor":46,"turns":1}],"seed_played":"7995604365808294844","potions_obtained":[{"floor":1.0,"key":"Poison Potion"},{"floor":10.0,"key":"GamblersBrew"},{"floor":11.0,"key":"AttackPotion"},{"floor":14.0,"key":"Swift Potion"},{"floor":18.0,"key":"SkillPotion"},{"floor":28.0,"key":"SteroidPotion"},{"floor":30.0,"key":"EssenceOfSteel"},{"floor":35.0,"key":"FearPotion"},{"floor":44,"key":"AttackPotion"}],"is_trial":false,"path_per_floor":["M","T","?","M","M","R","M","R","T","M","M","R","M","E","R","B",null,"M","M","M","$","M","R","?","R","T","R","M","M","M","$","R","B",null,"M","?","$","M","$","R","M","?","T","M","?","M"],"character_chosen":"THE_SILENT","items_purchased":["Incense Burner","Footwork"],"campfire_rested":4,"item_purchase_floors":[21,37],"current_hp_per_floor":[60,60,60,60,60,60,57,57,57,52,52,52,39,34,55,28,70,63,53,32,32,31,52,52,52,52,52,43,34,33,33,54,40,70,27,27,27,27,27,48,41,59,59,15,8,0],"gold":120,"neow_bonus":"RANDOM_COMMON_RELIC","is_prod":false,"is_daily":false,"chose_seed":false,"campfire_upgraded":4,"win_rate":0,"timestamp":1562248867,"path_taken":["M","?","?","?","M","R","M","R","T","M","M","R","M","E","R","BOSS","M","?","M","$","?","R","?","R","T","R","M","M","?","$","R","BOSS","M","?","$","M","$","R","M","?","T","M","?","?"],"build_version":"2019-07-01","purchased_purges":2,"victory":false,"max_hp_per_floor":[70,70,70,70,70,70,70,70,70,70,70,70,70,70,70,70,70,70,70,70,70,70,70,70,70,70,70,70,70,70,70,70,70,70,70,70,70,70,70,70,70,70,70,70,70,70],"card_choices":[{"not_picked":["Well Laid Plans","Underhanded Strike"],"picked":"Sucker Punch","floor":1.0},{"not_picked":["Blade Dance","Dagger Spray"],"picked":"Poisoned Stab","floor":4.0},{"not_picked":["Sucker Punch","Dash"],"picked":"Flying Knee","floor":5.0},{"not_picked":["Prepared","Burst"],"picked":"Deadly Poison","floor":7.0},{"not_picked":["Deflect","All Out Attack"],"picked":"Poisoned Stab","floor":10.0},{"not_picked":["Bane","Predator"],"picked":"Dagger Spray","floor":11.0},{"not_picked":["Dagger Throw","Underhanded Strike"],"picked":"Slice","floor":13.0},{"not_picked":["Expertise","PiercingWail"],"picked":"Noxious Fumes","floor":14.0},{"not_picked":["Venomology","Malaise"],"picked":"Wraith Form v2","floor":16.0},{"not_picked":["Sucker Punch","Bane"],"picked":"Outmaneuver","floor":18.0},{"not_picked":["Deadly Poison","Blade Dance"],"picked":"Caltrops","floor":19.0},{"not_picked":["Underhanded Strike","Flying Knee"],"picked":"Deadly Poison","floor":20.0},{"not_picked":["Bane","Sucker Punch"],"picked":"Backflip+1","floor":22.0},{"not_picked":["Underhanded Strike+1","Acrobatics"],"picked":"Caltrops","floor":28.0},{"not_picked":["Bane+1","Blade Dance"],"picked":"Well Laid Plans","floor":29.0},{"not_picked":["Dagger Throw","Bane+1"],"picked":"Bouncing Flask","floor":30.0},{"not_picked":["Venomology","Wraith Form v2"],"picked":"After Image","floor":33.0},{"not_picked":["Flechettes","Dagger Spray"],"picked":"Slice","floor":35.0},{"not_picked":["Accuracy+1","Dodge and Roll"],"picked":"Dagger Spray+1","floor":38.0},{"not_picked":["Bane+1","Dagger Spray"],"picked":"Distraction+1","floor":41},{"not_picked":["Expertise+1","Dodge and Roll"],"picked":"Caltrops+1","floor":44}],"player_experience":205669,"relics_obtained":[{"floor":2.0,"key":"Tiny Chest"},{"floor":9.0,"key":"Calipers"},{"floor":14.0,"key":"Blue Candle"},{"floor":43,"key":"Blood Vial"}],"event_choices":[{"damage_healed":0.0,"max_hp_gain":0.0,"max_hp_loss":0.0,"gold_gain":0.0,"cards_transformed":["Strike_G"],"event_name":"Transmorgrifier","player_choice":"Transformed","floor":3.0,"gold_loss":0.0,"damage_taken":0.0,"cards_obtained":["Bullet Time"]},{"cards_removed":["Strike_G"],"damage_healed":0.0,"max_hp_gain":0.0,"max_hp_loss":0.0,"gold_gain":0.0,"event_name":"Bonfire Elementals","player_choice":"Offered Basic","floor":24.0,"gold_loss":0.0,"damage_taken":0.0},{"cards_removed":["Defend_G"],"damage_healed":0.0,"max_hp_gain":0.0,"max_hp_loss":0.0,"gold_gain":0.0,"event_name":"Falling","player_choice":"Removed Skill","floor":36.0,"gold_loss":0.0,"damage_taken":0.0},{"damage_healed":18,"gold_gain":0,"player_choice":"Writhe","damage_taken":0,"max_hp_gain":0,"max_hp_loss":0,"event_name":"Winding Halls","floor":42,"gold_loss":0,"cards_obtained":["Writhe"]},{"damage_healed":0,"gold_gain":0,"player_choice":"Damaged","damage_taken":7,"max_hp_gain":0,"max_hp_loss":0,"event_name":"Wheel of Change","floor":45,"gold_loss":0}],"is_beta":false,"boss_relics":[{"not_picked":["Pandora\u0027s Box","Ring of the Serpent"],"picked":"Runic Pyramid"},{"not_picked":["Tiny House","Philosopher\u0027s Stone"],"picked":"Empty Cage"}],"items_purged_floors":[21,31],"is_endless":false,"potions_floor_spawned":[1,10,11,14,18,28,30,35,44],"killed_by":"Jaw Worm Horde","ascension_level":0}