{"gold_per_floor":[119,136,37,54,71,71,99,113,113,113,126,126,159,159,159,238,238,256,256],"floor_reached":19,"playtime":1677,"items_purged":[],"score":331,"play_id":"59e97218-6085-4c1d-8769-660f3f69eccb","local_time":"20181130004049","is_ascension_mode":true,"campfire_choices":[{"data":"Flex","floor":6,"key":"SMITH"},{"data":"Whirlwind","floor":10,"key":"SMITH"},{"data":"Armaments","floor":12,"key":"SMITH"},{"data":"Clothesline","floor":15,"key":"SMITH"}],"neow_cost":"PERCENT_DAMAGE","seed_source_timestamp":0,"circlet_count":0,"master_deck":["AscendersBane","Strike_R","Strike_R","Strike_R","Strike_R","Strike_R","Defend_R","Defend_R","Defend_R","Defend_R","Bash","Offering","Whirlwind+1","Warcry","Flex+1","Disarm+1","Carnage","Shockwave","Armaments+1","Clothesline+1","Feed","Demon Form","Flame Barrier"],"special_seed":0,"relics":["Burning Blood","Mercury Hourglass","Bottled Flame","Potion Belt","Mark of Pain"],"potions_floor_usage":[4,16,16,18],"damage_taken":[{"damage":6.0,"enemies":"Cultist","floor":1.0,"turns":3.0},{"damage":9,"enemies":"Small Slimes","floor":2,"turns":2},{"damage":14,"enemies":"Jaw Worm","floor":4,"turns":4},{"damage":14,"enemies":"Exordium Thugs","floor":5,"turns":5},{"damage":27,"enemies":"Lagavulin","floor":7,"turns":6},{"damage":0,"enemies":"2 Fungi Beasts","floor":8,"turns":3},{"damage":0,"enemies":"3 Louse","floor":11,"turns":1},{"damage":12,"enemies":"3 Sentries","floor":13,"turns":2},{"damage":6,"enemies":"Hexaghost","floor":16,"turns":10},{"damage":11,"enemies":"2 Thieves","floor":18,"turns":2},{"damage":10,"enemies":"Colosseum Slavers","floor":19,"turns":2},{"damage":60,"enemies":"Colosseum Nobs","floor":19,"turns":3}],"seed_played":"5159302895634005944","potions_obtained":[{"floor":1.0,"key":"Strength Potion"},{"floor":7,"key":"Energy Potion"},{"floor":8,"key":"Strength Potion"},{"floor":13,"key":"Strength Potion"}],"is_trial":false,"path_per_floor":["M","M","$","M","M","R","E","M","T","R","M","R","E","?","R","B",null,"M","?"],"character_chosen":"IRONCLAD","items_purchased":["Flex","Disarm"],"campfire_rested":0,"item_purchase_floors":[3,3],"current_hp_per_floor":[50,47,47,39,31,31,10,16,16,16,22,22,16,16,16,16,60,55,0],"gold":256,"neow_bonus":"THREE_RARE_CARDS","is_prod":false,"is_daily":false,"chose_seed":false,"campfire_upgraded":4,"win_rate":0,"timestamp":1543534849,"path_taken":["M","M","$","?","M","R","E","M","T","R","M","R","E","?","R","BOSS","M","?"],"build_version":"2018-11-15","purchased_purges":0,"victory":false,"max_hp_per_floor":[75,75,75,75,75,75,75,75,75,75,75,75,75,75,75,75,75,75,75],"card_choices":[{"not_picked":["Dark Embrace","Berserk"],"picked":"Offering","floor":0.0},{"not_picked":["Pommel Strike","Sword Boomerang"],"picked":"Whirlwind","floor":1.0},{"not_picked":["Heavy Blade","Clothesline"],"picked":"Warcry","floor":2},{"not_picked":["Heavy Blade","Fire Breathing"],"picked":"Carnage","floor":4},{"not_picked":["Intimidate","Perfected Strike"],"picked":"Shockwave","floor":5},{"not_picked":["Cleave","Whirlwind"],"picked":"Armaments","floor":7},{"not_picked":["Headbutt","Heavy Blade"],"picked":"Clothesline","floor":8},{"not_picked":["Armaments","Hemokinesis","Pummel"],"picked":"SKIP","floor":11},{"not_picked":["Burning Pact","Heavy Blade"],"picked":"Feed","floor":13},{"not_picked":["Brutality","Immolate"],"picked":"Demon Form","floor":16},{"not_picked":["Clash","Power Through"],"picked":"Flame Barrier","floor":18}],"player_experience":922973,"relics_obtained":[{"floor":7,"key":"Mercury Hourglass"},{"floor":9,"key":"Bottled Flame"},{"floor":13,"key":"Potion Belt"}],"event_choices":[{"damage_healed":0,"gold_gain":0,"player_choice":"Grow","damage_taken":0,"max_hp_gain":0,"max_hp_loss":0,"event_name":"Living Wall","floor":14,"gold_loss":0,"cards_upgraded":["Disarm"]},{"damage_healed":0,"gold_gain":0,"player_choice":"Fight","damage_taken":0,"max_hp_gain":0,"max_hp_loss":0,"event_name":"Colosseum","floor":19,"gold_loss":0},{"damage_healed":0,"gold_gain":0,"player_choice":"Fought Nobs","damage_taken":0,"max_hp_gain":0,"max_hp_loss":0,"event_name":"Colosseum","floor":19,"gold_loss":0}],"is_beta":true,"boss_relics":[{"not_picked":["Calling Bell","Empty Cage"],"picked":"Mark of Pain"}],"items_purged_floors":[],"is_endless":false,"potions_floor_spawned":[1,7,8,13],"killed_by":"Colosseum Nobs","ascension_level":17}