{"gold_per_floor":[113,126,126,126,126,126,152,166,166,166,194,194,212,212],"floor_reached":14,"playtime":1432,"items_purged":[],"score":196,"play_id":"86715d56-0fdd-4a61-8505-535ef20c57fe","local_time":"20190326221626","is_ascension_mode":true,"campfire_choices":[{"data":"Dagger Spray","floor":6,"key":"SMITH"},{"floor":10,"key":"REST"}],"neow_cost":"NONE","seed_source_timestamp":134514879596194,"circlet_count":0,"master_deck":["AscendersBane","Defend_G","Defend_G","Defend_G","Defend_G","Defend_G","Strike_G","Strike_G","Strike_G","Strike_G+1","Strike_G","Survivor","Neutralize","Dagger Spray+1","Quick Slash+1","Poisoned Stab","Leg Sweep","Deadly Poison"],"relics":["Sozu","Regal Pillow","Singing Bowl","PreservedInsect"],"potions_floor_usage":[],"damage_taken":[{"damage":7,"enemies":"Small Slimes","floor":1,"turns":6},{"damage":5,"enemies":"2 Louse","floor":2,"turns":3},{"damage":15,"enemies":"3 Sentries","floor":7,"turns":6},{"damage":0,"enemies":"Cultist","floor":8,"turns":2},{"damage":37,"enemies":"Gremlin Nob","floor":11,"turns":5},{"damage":8,"enemies":"Blue Slaver","floor":13,"turns":3},{"damage":11,"enemies":"Gremlin Gang","floor":14,"turns":3}],"seed_played":"-597094228668255418","potions_obtained":[],"is_trial":false,"path_per_floor":["M","M","?","?","?","R","E","M","T","R","E","?","M","M"],"character_chosen":"THE_SILENT","items_purchased":[],"campfire_rested":1,"item_purchase_floors":[],"current_hp_per_floor":[52,47,52,31,31,31,16,16,16,52,17,17,9,0],"gold":212,"neow_bonus":"BOSS_RELIC","is_prod":false,"is_daily":false,"chose_seed":false,"campfire_upgraded":1,"win_rate":0,"timestamp":1553634986,"path_taken":["M","M","?","?","?","R","E","M","T","R","E","?","?","M"],"build_version":"2019-01-23","purchased_purges":0,"victory":false,"max_hp_per_floor":[66,66,71,71,71,71,71,71,71,71,73,73,73,73],"card_choices":[{"not_picked":["Dodge and Roll","Blade Dance"],"picked":"Dagger Spray","floor":1},{"not_picked":["Concentrate","Underhanded Strike"],"picked":"Quick Slash","floor":2},{"not_picked":["Sucker Punch","Dagger Spray"],"picked":"Poisoned Stab","floor":7},{"not_picked":["Infinite Blades","Bane"],"picked":"Leg Sweep","floor":8},{"not_picked":["Envenom","Outmaneuver","Accuracy"],"picked":"Singing Bowl","floor":11},{"not_picked":["Predator","Masterful Stab"],"picked":"Deadly Poison","floor":13}],"player_experience":1486645,"relics_obtained":[{"floor":7,"key":"Regal Pillow"},{"floor":9,"key":"Singing Bowl"},{"floor":11,"key":"PreservedInsect"}],"event_choices":[{"damage_healed":0,"gold_gain":0,"player_choice":"Donut","damage_taken":0,"max_hp_gain":5,"max_hp_loss":0,"event_name":"Big Fish","floor":3,"gold_loss":0},{"damage_healed":0,"gold_gain":0,"player_choice":"Entered Light","damage_taken":21,"max_hp_gain":0,"max_hp_loss":0,"event_name":"Shining Light","floor":4,"gold_loss":0,"cards_upgraded":["Quick Slash","Strike_G"]},{"damage_healed":0,"gold_gain":0,"player_choice":"Ignored","damage_taken":0,"max_hp_gain":0,"max_hp_loss":0,"event_name":"Liars Game","floor":5,"gold_loss":0},{"damage_healed":0,"gold_gain":0,"player_choice":"0 cards matched","damage_taken":0,"max_hp_gain":0,"max_hp_loss":0,"event_name":"Match and Keep!","floor":12,"gold_loss":0,"cards_obtained":[]}],"is_beta":false,"boss_relics":[],"items_purged_floors":[],"is_endless":false,"potions_floor_spawned":[11,13],"killed_by":"Gremlin Gang","ascension_level":20}