{"gold_per_floor":[218,218,242,40,64,64,97,97,97,122,165,165,181,81,81,175,175,198,18,68,68,84,84,123,138,163,163,163,199,249,268,268,268],"floor_reached":33,"playtime":1115,"items_purged":["Strike_G","Decay","Strike_G"],"score":586,"play_id":"60a59794-3a0f-4382-a1e2-c4c816825cd7","local_time":"20190729170350","is_ascension_mode":true,"campfire_choices":[{"data":"Noxious Fumes","floor":6,"key":"SMITH"},{"floor":8,"key":"REST"},{"floor":15,"key":"REST"},{"floor":23,"key":"REST"},{"floor":28,"key":"REST"},{"floor":32,"key":"REST"}],"neow_cost":"NONE","seed_source_timestamp":0,"circlet_count":0,"master_deck":["AscendersBane","Strike_G","Strike_G","Strike_G+1","Defend_G","Defend_G","Defend_G","Defend_G","Defend_G","Survivor","Neutralize+1","Backstab","Dagger Spray","Noxious Fumes+1","Backstab","Well Laid Plans","Cloak And Dagger+1","Deadly Poison+1","Dodge and Roll+1","Catalyst+1","Malaise+1","Prepared+1","Acrobatics+1","Burst+1","Backflip+1","Blur+1"],"special_seed":0,"relics":["Ring of the Snake","Golden Idol","Toxic Egg 2","Mercury Hourglass","Centennial Puzzle","Philosopher\u0027s Stone","Matryoshka","Bronze Scales","Whetstone","Regal Pillow"],"potions_floor_usage":[24,24,31,33],"damage_taken":[{"damage":3,"enemies":"Jaw Worm","floor":1,"turns":4},{"damage":1,"enemies":"Cultist","floor":3,"turns":4},{"damage":0,"enemies":"Small Slimes","floor":5,"turns":1},{"damage":51,"enemies":"Gremlin Nob","floor":7,"turns":5},{"damage":0,"enemies":"Looter","floor":10,"turns":2},{"damage":17,"enemies":"Lagavulin","floor":11,"turns":7},{"damage":0,"enemies":"Blue Slaver","floor":13,"turns":2},{"damage":5,"enemies":"The Guardian","floor":16,"turns":8},{"damage":32,"enemies":"Chosen","floor":18,"turns":5},{"damage":7,"enemies":"Shell Parasite","floor":22,"turns":4},{"damage":7,"enemies":"Slavers","floor":24,"turns":5},{"damage":0,"enemies":"Snecko","floor":25,"turns":4},{"damage":31,"enemies":"Gremlin Leader","floor":29,"turns":5},{"damage":0,"enemies":"Snake Plant","floor":31,"turns":5},{"damage":63,"enemies":"Collector","floor":33,"turns":6}],"seed_played":"1061544430012627044","potions_obtained":[{"floor":7,"key":"Dexterity Potion"},{"floor":10,"key":"PowerPotion"},{"floor":29,"key":"Block Potion"},{"floor":31,"key":"SpeedPotion"}],"is_trial":false,"path_per_floor":["M","?","M","$","M","R","E","R","T","M","E","?","M","$","R","B",null,"M","$","?","$","M","R","E","M","T","?","R","E","?","M","R","B"],"character_chosen":"THE_SILENT","items_purchased":["Noxious Fumes","Backstab","Acrobatics+1"],"campfire_rested":5,"item_purchase_floors":[4,4,19],"current_hp_per_floor":[56,56,55,55,55,55,4,22,22,22,5,5,5,5,23,18,50,18,18,18,18,11,29,22,22,22,22,40,9,9,9,42,0],"gold":268,"neow_bonus":"HUNDRED_GOLD","is_prod":false,"is_daily":false,"chose_seed":false,"campfire_upgraded":1,"win_rate":0,"timestamp":1564412630,"path_taken":["M","?","M","$","M","R","E","R","T","M","E","?","M","$","R","BOSS","M","$","?","$","M","R","E","M","T","?","R","E","?","M","R","BOSS"],"build_version":"2019-07-17","purchased_purges":3,"victory":false,"max_hp_per_floor":[66,60,60,60,60,60,60,60,60,60,60,60,60,60,60,60,60,60,60,60,60,60,60,60,60,60,60,60,60,60,60,60,60],"card_choices":[{"not_picked":["Underhanded Strike","Outmaneuver"],"picked":"Backstab","floor":1},{"not_picked":["Tactician","Expertise"],"picked":"Dagger Spray","floor":3},{"not_picked":["Escape Plan","Backflip"],"picked":"Well Laid Plans","floor":5},{"not_picked":["Prepared","Heel Hook"],"picked":"Cloak And Dagger","floor":7},{"not_picked":["Bane","Caltrops"],"picked":"Deadly Poison+1","floor":10},{"not_picked":["Endless Agony","Reflex+1"],"picked":"Dodge and Roll+1","floor":11},{"not_picked":["Dagger Throw","Backflip+1"],"picked":"Catalyst+1","floor":13},{"not_picked":["Tools of the Trade","Envenom"],"picked":"Malaise+1","floor":16},{"not_picked":["Bane","Quick Slash"],"picked":"Prepared+1","floor":18},{"not_picked":["Setup+1","Masterful Stab","Tactician+1"],"picked":"SKIP","floor":22},{"not_picked":["Quick Slash","Dagger Throw","Bane"],"picked":"SKIP","floor":24},{"not_picked":["Blade Dance+1","Deflect+1"],"picked":"Burst+1","floor":25},{"not_picked":["Blade Dance+1","Escape Plan+1"],"picked":"Blur+1","floor":29},{"not_picked":["Concentrate+1","Calculated Gamble+1","Flying Knee"],"picked":"SKIP","floor":31}],"player_experience":1857953,"relics_obtained":[{"floor":7,"key":"Toxic Egg 2"},{"floor":9,"key":"Mercury Hourglass"},{"floor":11,"key":"Centennial Puzzle"},{"floor":24,"key":"Matryoshka"},{"floor":26,"key":"Bronze Scales"},{"floor":26,"key":"Whetstone"},{"floor":29,"key":"Regal Pillow"}],"event_choices":[{"damage_healed":0,"gold_gain":0,"player_choice":"Lose Max HP","damage_taken":0,"relics_obtained":["Golden Idol"],"max_hp_gain":0,"max_hp_loss":6,"event_name":"Golden Idol","floor":2,"gold_loss":0},{"damage_healed":0,"gold_gain":0,"player_choice":"Cursed","damage_taken":0,"max_hp_gain":0,"max_hp_loss":0,"event_name":"Wheel of Change","floor":12,"gold_loss":0,"cards_obtained":["Decay"]},{"damage_healed":0,"gold_gain":50,"player_choice":"Stole From Cult","damage_taken":0,"max_hp_gain":0,"max_hp_loss":0,"event_name":"Nest","floor":20,"gold_loss":0},{"damage_healed":0,"gold_gain":0,"player_choice":"Read","damage_taken":0,"max_hp_gain":0,"max_hp_loss":0,"event_name":"The Library","floor":27,"gold_loss":0,"cards_obtained":["Backflip"]},{"damage_healed":0,"gold_gain":50,"player_choice":"Pray","damage_taken":0,"max_hp_gain":0,"max_hp_loss":0,"event_name":"Golden Shrine","floor":30,"gold_loss":0}],"is_beta":false,"boss_relics":[{"not_picked":["Orrery","Empty Cage"],"picked":"Philosopher\u0027s Stone"}],"items_purged_floors":[4,14,19],"is_endless":false,"potions_floor_spawned":[7,10,13,16,29,31],"killed_by":"Collector","ascension_level":20}