{"gold_per_floor":[110,120,120,135,135,135,169,187,187,204,204],"floor_reached":11,"playtime":421,"items_purged":[],"score":150,"play_id":"4d5ed8a2-7d5b-4753-9d9f-e0f85daf2a56","local_time":"20181220113120","is_ascension_mode":true,"campfire_choices":[{"data":"Inflame","floor":6.0,"key":"SMITH"}],"neow_cost":"PERCENT_DAMAGE","seed_source_timestamp":0,"circlet_count":0,"master_deck":["AscendersBane","Strike_R","Strike_R+1","Strike_R","Strike_R+1","Defend_R","Defend_R","Defend_R","Defend_R","Bash","Twin Strike","Inflame+1","Havoc","Carnage","Disarm"],"special_seed":0,"relics":["Burning Blood","Girya","Lantern","Orichalcum"],"potions_floor_usage":[],"damage_taken":[{"damage":12.0,"enemies":"Small Slimes","floor":1.0,"turns":4.0},{"damage":2.0,"enemies":"Cultist","floor":2.0,"turns":4.0},{"damage":0.0,"enemies":"2 Louse","floor":4.0,"turns":3.0},{"damage":11.0,"enemies":"Gremlin Nob","floor":7.0,"turns":3.0},{"damage":14.0,"enemies":"Lots of Slimes","floor":8.0,"turns":5.0},{"damage":2.0,"enemies":"2 Fungi Beasts","floor":10.0,"turns":3.0},{"damage":25,"enemies":"Lagavulin","floor":11,"turns":5}],"seed_played":"-5551808015536035534","potions_obtained":[{"floor":2.0,"key":"Fire Potion"},{"floor":7.0,"key":"Strength Potion"}],"is_trial":false,"path_per_floor":["M","M","?","M","?","R","E","M","T","M","E"],"character_chosen":"IRONCLAD","items_purchased":[],"campfire_rested":0,"item_purchase_floors":[],"current_hp_per_floor":[44,48,48,54,31,31,26,18,18,22,0],"gold":204,"neow_bonus":"ONE_RARE_RELIC","is_prod":false,"is_daily":false,"chose_seed":false,"campfire_upgraded":1,"win_rate":0,"timestamp":1545301880,"path_taken":["M","M","?","?","?","R","E","M","T","M","E"],"build_version":"2018-12-13","purchased_purges":0,"victory":false,"max_hp_per_floor":[75,75,75,75,75,75,75,75,75,75,75],"card_choices":[{"not_picked":["Headbutt","Perfected Strike"],"picked":"Twin Strike","floor":1.0},{"not_picked":["Havoc","Rupture"],"picked":"Inflame","floor":2.0},{"not_picked":["Twin Strike","Brutality"],"picked":"Havoc","floor":4.0},{"not_picked":["Warcry","Sever Soul"],"picked":"Carnage","floor":7.0},{"not_picked":["Anger","Flex"],"picked":"Disarm","floor":8.0},{"not_picked":["True Grit","Entrench","Body Slam"],"picked":"SKIP","floor":10.0}],"player_experience":1053562,"relics_obtained":[{"floor":7.0,"key":"Lantern"},{"floor":9.0,"key":"Orichalcum"}],"event_choices":[{"cards_removed":["Strike_R"],"damage_healed":0.0,"max_hp_gain":0.0,"max_hp_loss":0.0,"gold_gain":0.0,"event_name":"Purifier","player_choice":"Purged","floor":3.0,"gold_loss":0.0,"damage_taken":0.0},{"damage_healed":0.0,"max_hp_gain":0.0,"max_hp_loss":0.0,"gold_gain":0.0,"event_name":"Shining Light","player_choice":"Entered Light","floor":5.0,"gold_loss":0.0,"damage_taken":23.0,"cards_upgraded":["Strike_R","Strike_R"]}],"is_beta":false,"boss_relics":[],"items_purged_floors":[],"is_endless":false,"potions_floor_spawned":[2,7],"killed_by":"Lagavulin","ascension_level":20}