{"gold_per_floor":[116,116,128,145,158,188,208,283,307,307,318,318,53,83,83,83],"floor_reached":16,"playtime":474,"items_purged":[],"score":224,"play_id":"013f8b8a-be7a-4adc-87d1-cef062c44b56","local_time":"20190721232840","is_ascension_mode":true,"campfire_choices":[{"floor":10.0,"key":"REST"},{"data":"Footwork","floor":12.0,"key":"SMITH"},{"data":"Deadly Poison","floor":15.0,"key":"SMITH"}],"neow_cost":"PERCENT_DAMAGE","seed_source_timestamp":0,"circlet_count":0,"master_deck":["AscendersBane","Strike_G","Strike_G","Strike_G","Strike_G","Defend_G","Defend_G","Defend_G","Defend_G","Defend_G","Survivor","Neutralize","Deadly Poison+1","Backflip","Bouncing Flask","Deadly Poison","Dash","PiercingWail","Footwork+1"],"special_seed":0,"relics":["Ring of the Snake","Question Card","Omamori","Toxic Egg 2","PreservedInsect"],"potions_floor_usage":[16],"damage_taken":[{"damage":1.0,"enemies":"Jaw Worm","floor":1.0,"turns":4.0},{"damage":0.0,"enemies":"Cultist","floor":3.0,"turns":4.0},{"damage":0.0,"enemies":"Small Slimes","floor":4.0,"turns":4.0},{"damage":3.0,"enemies":"Looter","floor":5.0,"turns":3.0},{"damage":26.0,"enemies":"Gremlin Nob","floor":6.0,"turns":4.0},{"damage":0.0,"enemies":"Large Slime","floor":7.0,"turns":5.0},{"damage":3.0,"enemies":"2 Fungi Beasts","floor":11.0,"turns":4.0},{"damage":19.0,"enemies":"Lagavulin","floor":14.0,"turns":6.0},{"damage":25,"enemies":"Slime Boss","floor":16,"turns":7}],"seed_played":"-922148351492261255","potions_obtained":[{"floor":3.0,"key":"SkillPotion"},{"floor":6.0,"key":"Dexterity Potion"},{"floor":7.0,"key":"GhostInAJar"}],"is_trial":false,"path_per_floor":["M","?","M","M","M","E","M","?","T","R","M","R","$","E","R","B"],"character_chosen":"THE_SILENT","items_purchased":["Toxic Egg 2"],"campfire_rested":1,"item_purchase_floors":[13],"current_hp_per_floor":[55,55,55,55,52,26,26,15,15,38,35,35,35,16,16,0],"gold":83,"neow_bonus":"TWENTY_PERCENT_HP_BONUS","is_prod":false,"is_daily":false,"chose_seed":false,"campfire_upgraded":2,"win_rate":0,"timestamp":1563744520,"path_taken":["M","?","M","?","M","E","M","?","T","R","M","R","$","E","R","BOSS"],"build_version":"2019-07-17","purchased_purges":0,"victory":false,"max_hp_per_floor":[78,78,78,78,78,78,78,78,78,78,78,78,78,78,78,78],"card_choices":[{"not_picked":["Outmaneuver","Finisher"],"picked":"Deadly Poison","floor":1.0},{"not_picked":["PiercingWail","Endless Agony"],"picked":"Backflip","floor":3.0},{"not_picked":["Wraith Form v2","Endless Agony"],"picked":"Bouncing Flask","floor":4.0},{"not_picked":["Slice","Sucker Punch"],"picked":"Deadly Poison","floor":5.0},{"not_picked":["Flying Knee","Die Die Die"],"picked":"Dash","floor":6.0},{"not_picked":["Flying Knee","Backflip","Cloak And Dagger"],"picked":"PiercingWail","floor":7.0},{"not_picked":["Well Laid Plans","Blur","Dodge and Roll"],"picked":"Footwork","floor":11.0},{"not_picked":["Dagger Throw","Dash","Slice","Quick Slash"],"picked":"SKIP","floor":14.0}],"player_experience":1825638,"relics_obtained":[{"floor":6.0,"key":"Question Card"},{"floor":9.0,"key":"Omamori"},{"floor":14.0,"key":"PreservedInsect"}],"event_choices":[{"cards_removed":["Strike_G"],"damage_healed":0.0,"max_hp_gain":0.0,"max_hp_loss":0.0,"gold_gain":0.0,"event_name":"Bonfire Elementals","player_choice":"Offered Basic","floor":2.0,"gold_loss":0.0,"damage_taken":0.0},{"damage_healed":0.0,"max_hp_gain":0.0,"max_hp_loss":0.0,"gold_gain":75.0,"event_name":"World of Goop","player_choice":"Gather Gold","floor":8.0,"gold_loss":0.0,"damage_taken":11.0}],"is_beta":false,"boss_relics":[],"items_purged_floors":[],"is_endless":false,"potions_floor_spawned":[3,6,7,11],"killed_by":"Slime Boss","ascension_level":20}