{"gold_per_floor":[117,192,34,34,34,34,34,34,34,69,79,108,108,120,132,215,227,252,277,82,92,92,92],"floor_reached":23,"playtime":764,"items_purged":[],"score":429,"play_id":"edd3ea07-450a-46fc-8027-b2549ec05bb6","local_time":"20181213120826","is_ascension_mode":true,"campfire_choices":[{"data":"Anger","floor":6,"key":"SMITH"},{"data":"Defend_R","floor":8,"key":"SMITH"},{"data":"Rampage","floor":15,"key":"SMITH"}],"neow_cost":"NONE","seed_source_timestamp":1979691294682,"circlet_count":0,"master_deck":["AscendersBane","Strike_R","Strike_R","Strike_R+1","Strike_R","Strike_R","Defend_R","Defend_R","Defend_R+1","Defend_R+1","Bash+1","Anger+1","Clothesline","Rampage+1","Sword Boomerang","Impervious","Clumsy","True Grit+1","Shrug It Off","Inflame","Immolate","Warcry"],"relics":["Burning Blood","NeowsBlessing","Omamori","Pear","PreservedInsect","Turnip","MawBank","Calling Bell","Lantern","Pantograph","Dead Branch"],"potions_floor_usage":[16,21,21],"damage_taken":[{"damage":0,"enemies":"2 Louse","floor":1,"turns":1},{"damage":0,"enemies":"Lagavulin","floor":10,"turns":1},{"damage":0,"enemies":"Jaw Worm","floor":11,"turns":1},{"damage":8,"enemies":"Gremlin Nob","floor":12,"turns":3},{"damage":37,"enemies":"Hexaghost","floor":16,"turns":9},{"damage":19,"enemies":"Chosen","floor":18,"turns":7},{"damage":43,"enemies":"3 Byrds","floor":19,"turns":8},{"damage":9,"enemies":"Centurion and Healer","floor":21,"turns":9},{"damage":17,"enemies":"Snake Plant","floor":23,"turns":4}],"seed_played":"-3574535495854060879","potions_obtained":[{"floor":1,"key":"SteroidPotion"},{"floor":10,"key":"Strength Potion"},{"floor":19,"key":"GamblersBrew"}],"is_trial":false,"path_per_floor":["M","?","$","?","?","R","$","R","T","E","M","E","?","$","R","B",null,"M","M","$","M","$","M"],"character_chosen":"IRONCLAD","items_purchased":["Omamori","Inflame","Immolate"],"campfire_rested":0,"item_purchase_floors":[3,20,20],"current_hp_per_floor":[74,63,63,40,40,40,40,40,50,56,62,60,42,42,42,11,67,54,17,17,14,14,0],"gold":92,"neow_bonus":"THREE_ENEMY_KILL","is_prod":false,"is_daily":false,"chose_seed":false,"campfire_upgraded":3,"win_rate":0,"timestamp":1544699306,"path_taken":["M","?","$","?","?","R","?","R","T","E","?","E","?","$","R","BOSS","M","M","$","M","$","M"],"build_version":"2018-12-12","purchased_purges":0,"victory":false,"max_hp_per_floor":[75,75,75,75,75,75,75,75,85,85,85,85,85,85,85,85,85,85,85,85,85,85,85],"card_choices":[{"not_picked":["Intimidate","Shrug It Off"],"picked":"Anger","floor":1},{"not_picked":["Body Slam","Second Wind"],"picked":"Clothesline","floor":10},{"not_picked":["Evolve","Warcry"],"picked":"Rampage","floor":11},{"not_picked":["Iron Wave","Combust"],"picked":"Sword Boomerang","floor":12},{"not_picked":["Demon Form","Barricade"],"picked":"Impervious","floor":16},{"not_picked":["Shockwave","Disarm"],"picked":"True Grit+1","floor":18},{"not_picked":["Whirlwind","Searing Blow"],"picked":"Shrug It Off","floor":19},{"not_picked":["Sword Boomerang","Anger"],"picked":"Warcry","floor":21}],"player_experience":1015588,"relics_obtained":[{"floor":9,"key":"Pear"},{"floor":10,"key":"PreservedInsect"},{"floor":12,"key":"Turnip"},{"floor":17,"key":"Lantern"},{"floor":17,"key":"Pantograph"},{"floor":17,"key":"Dead Branch"}],"event_choices":[{"damage_healed":0,"gold_gain":75,"player_choice":"Gather Gold","damage_taken":11,"max_hp_gain":0,"max_hp_loss":0,"event_name":"World of Goop","floor":2,"gold_loss":0},{"damage_healed":0,"gold_gain":0,"player_choice":"Entered Light","damage_taken":23,"max_hp_gain":0,"max_hp_loss":0,"event_name":"Shining Light","floor":4,"gold_loss":0,"cards_upgraded":["Defend_R","Strike_R"]},{"damage_healed":0,"gold_gain":0,"player_choice":"Grow","damage_taken":0,"max_hp_gain":0,"max_hp_loss":0,"event_name":"Living Wall","floor":5,"gold_loss":0,"cards_upgraded":["Bash"]},{"damage_healed":0,"gold_gain":0,"player_choice":"Success","damage_taken":18,"relics_obtained":["MawBank"],"max_hp_gain":0,"max_hp_loss":0,"event_name":"Scrap Ooze","floor":13,"gold_loss":0}],"is_beta":true,"boss_relics":[{"not_picked":["Runic Cube","Ectoplasm"],"picked":"Calling Bell"}],"items_purged_floors":[],"is_endless":false,"potions_floor_spawned":[1,10,12,19],"killed_by":"Snake Plant","ascension_level":19}