{"gold_per_floor":[111,111,111,60,79,79,106,106,106,121,121,137,35,35,35,137,187,203,213,224,139,157,191,204,216,216,216,227,243,26,26,26,124,124,140,155,170,170,186,220,220,235,235,235,266,266,280,74,74,74],"floor_reached":50,"playtime":4831,"items_purged":[],"score":1027,"play_id":"0e4afe96-4fc2-4ad1-87bb-d264ec14fdca","local_time":"20180916232930","is_ascension_mode":true,"campfire_choices":[{"data":"Blade Dance","floor":6,"key":"SMITH"},{"data":"Distraction","floor":8,"key":"SMITH"},{"floor":15,"key":"REST"},{"floor":27,"key":"REST"},{"floor":32,"key":"REST"},{"data":"Adrenaline","floor":41,"key":"SMITH"},{"data":"Terror","floor":44,"key":"SMITH"},{"data":"Doppelganger","floor":46,"key":"SMITH"},{"data":"Envenom","floor":49,"key":"SMITH"}],"neow_cost":"PERCENT_DAMAGE","seed_source_timestamp":46020523477769,"circlet_count":0,"master_deck":["Defend_G","Defend_G","Defend_G+1","Defend_G","Defend_G+1","Strike_G","Strike_G","Strike_G","Strike_G","Survivor","Neutralize+1","AscendersBane","Cloak And Dagger","Blade Dance+1","PiercingWail","Distraction+1","Sucker Punch+1","Backstab","Dark Shackles","Doppelganger+1","Quick Slash","Blade Dance+1","Endless Agony","Masterful Stab","Terror+1","Quick Slash+1","Blade Dance+1","Flying Knee+1","Masterful Stab","Accuracy+1","Adrenaline+1","All Out Attack+1","Dagger Throw+1","Dagger Throw+1","Envenom+1","Heel Hook+1","Choke","Poisoned Stab+1","Dagger Spray+1"],"relics":["Ring of the Snake","Dead Branch","Blood Vial","Incense Burner","Tiny House","Unceasing Top","Turnip","Ornamental Fan","Vajra","HoveringKite","Strawberry","FossilizedHelix","Regal Pillow","Toolbox"],"potions_floor_usage":[16,22,23,24,24,25,33,39,39,42,50,50],"damage_taken":[{"damage":0,"enemies":"2 Louse","floor":1,"turns":3},{"damage":0,"enemies":"Small Slimes","floor":5,"turns":3},{"damage":19,"enemies":"Gremlin Nob","floor":7,"turns":5},{"damage":9,"enemies":"Jaw Worm","floor":10,"turns":3},{"damage":0,"enemies":"Large Slime","floor":12,"turns":4},{"damage":18,"enemies":"Hexaghost","floor":16,"turns":9},{"damage":0,"enemies":"Chosen","floor":18,"turns":5},{"damage":0,"enemies":"Spheric Guardian","floor":19,"turns":3},{"damage":0,"enemies":"Snake Plant","floor":20,"turns":6},{"damage":0,"enemies":"Chosen and Byrds","floor":22,"turns":4},{"damage":60,"enemies":"Gremlin Leader","floor":23,"turns":8},{"damage":9,"enemies":"Centurion and Healer","floor":24,"turns":4},{"damage":3,"enemies":"Snake Plant","floor":25,"turns":4},{"damage":0,"enemies":"Snecko","floor":28,"turns":4},{"damage":10,"enemies":"Centurion and Healer","floor":29,"turns":4},{"damage":0,"enemies":"Collector","floor":33,"turns":4},{"damage":4,"enemies":"Orb Walker","floor":35,"turns":2},{"damage":9,"enemies":"3 Shapes","floor":36,"turns":2},{"damage":0,"enemies":"Transient","floor":37,"turns":5},{"damage":0,"enemies":"Reptomancer","floor":39,"turns":2},{"damage":0,"enemies":"Nemesis","floor":40,"turns":3},{"damage":17,"enemies":"Sphere and 2 Shapes","floor":42,"turns":6},{"damage":0,"enemies":"Giant Head","floor":45,"turns":4},{"damage":0,"enemies":"3 Darklings","floor":47,"turns":1},{"damage":104,"enemies":"Awakened One","floor":50,"turns":12}],"seed_played":"7935690954711962157","potions_obtained":[{"floor":1,"key":"GamblersBrew"},{"floor":16,"key":"AttackPotion"},{"floor":17,"key":"FearPotion"},{"floor":20,"key":"Explosive Potion"},{"floor":23,"key":"Strength Potion"},{"floor":25,"key":"AttackPotion"},{"floor":29,"key":"Regen Potion"},{"floor":33,"key":"Energy Potion"},{"floor":39,"key":"Fruit Juice"},{"floor":45,"key":"GamblersBrew"}],"is_trial":false,"path_per_floor":["M","?","?","$","M","R","E","R","T","M","?","M","$","?","R","B",null,"M","M","M","?","M","E","M","M","T","R","M","M","$","?","R","B",null,"M","M","M","?","M","E","R","M","T","R","E","R","M","$","R"],"character_chosen":"THE_SILENT","items_purchased":["Blade Dance","Dark Shackles","Accuracy","Vajra","Toolbox"],"campfire_rested":3,"item_purchase_floors":[4,13,30,30,48],"current_hp_per_floor":[45,45,45,45,45,45,26,26,26,19,19,21,21,7,28,12,61,63,65,67,67,69,11,4,3,3,25,27,19,19,19,41,43,67,65,58,60,75,80,87,87,70,70,70,72,72,74,74,74,0],"gold":74,"neow_bonus":"ONE_RARE_RELIC","is_prod":false,"is_daily":false,"chose_seed":false,"campfire_upgraded":6,"win_rate":0,"timestamp":1537133370,"path_taken":["M","?","?","?","M","R","E","R","T","M","?","M","$","?","R","BOSS","M","M","M","?","M","E","M","M","T","R","?","?","$","?","R","BOSS","M","M","M","?","?","E","R","M","T","R","E","R","M","$","R","BOSS"],"build_version":"2018-09-12","purchased_purges":0,"victory":false,"max_hp_per_floor":[70,70,70,70,70,70,70,70,70,70,70,70,70,70,70,70,75,75,75,75,75,75,75,75,75,75,75,75,75,75,75,75,75,75,75,75,75,75,80,87,87,87,87,87,87,87,87,87,87,87],"card_choices":[{"not_picked":["Endless Agony","Blur"],"picked":"Cloak And Dagger","floor":1},{"not_picked":["Bane","Poisoned Stab"],"picked":"PiercingWail","floor":5},{"not_picked":["Bane","Acrobatics"],"picked":"Distraction","floor":7},{"not_picked":["Acrobatics","Prepared"],"picked":"Sucker Punch","floor":10},{"not_picked":["Flechettes","Deflect"],"picked":"Backstab","floor":12},{"not_picked":["Wraith Form v2","A Thousand Cuts"],"picked":"Doppelganger","floor":16},{"not_picked":["Riddle With Holes","Dagger Spray"],"picked":"Quick Slash","floor":17},{"not_picked":["Deflect+1","Prepared+1"],"picked":"Blade Dance+1","floor":18},{"not_picked":["Prepared","Caltrops"],"picked":"Endless Agony","floor":19},{"not_picked":["Reflex","Deflect"],"picked":"Masterful Stab","floor":20},{"not_picked":["Dodge and Roll+1","Prepared","Slice"],"picked":"SKIP","floor":22},{"not_picked":["Finisher","Flechettes"],"picked":"Terror","floor":23},{"not_picked":["Prepared","Deadly Poison"],"picked":"Quick Slash+1","floor":24},{"not_picked":["Dodge and Roll","Acrobatics"],"picked":"Blade Dance+1","floor":25},{"not_picked":["Underhanded Strike","Calculated Gamble"],"picked":"Flying Knee+1","floor":28},{"not_picked":["Calculated Gamble+1","Tactician+1"],"picked":"Masterful Stab","floor":29},{"not_picked":["Die Die Die","Wraith Form v2"],"picked":"Adrenaline","floor":33},{"not_picked":["Underhanded Strike","Deflect"],"picked":"All Out Attack+1","floor":35},{"not_picked":["Concentrate+1","Predator"],"picked":"Dagger Throw+1","floor":36},{"not_picked":["Prepared","Deadly Poison+1"],"picked":"Dagger Throw+1","floor":37},{"not_picked":["Flying Knee","Blade Dance"],"picked":"Envenom","floor":39},{"not_picked":["Riddle With Holes","Deadly Poison"],"picked":"Heel Hook+1","floor":40},{"not_picked":["Dodge and Roll","Sucker Punch"],"picked":"Choke","floor":42},{"not_picked":["Slice","Grand Finale"],"picked":"Poisoned Stab+1","floor":45},{"not_picked":["Slice","Sucker Punch"],"picked":"Dagger Spray+1","floor":47}],"player_experience":450906,"relics_obtained":[{"floor":7,"key":"Blood Vial"},{"floor":9,"key":"Incense Burner"},{"floor":23,"key":"Turnip"},{"floor":26,"key":"Ornamental Fan"},{"floor":40,"key":"Strawberry"},{"floor":43,"key":"FossilizedHelix"},{"floor":45,"key":"Regal Pillow"}],"event_choices":[{"event_name":"Living Wall","player_choice":"Grow","floor":2,"damage_taken":0},{"event_name":"Golden Wing","player_choice":"Ignored","floor":3,"damage_taken":0},{"event_name":"Wheel of Change","player_choice":"Card Removal","floor":11,"damage_taken":0},{"event_name":"Shining Light","player_choice":"Entered Light","floor":14,"damage_taken":0},{"event_name":"Addict","player_choice":"Obtained Relic","floor":21,"damage_taken":0},{"event_name":"Accursed Blacksmith","player_choice":"Forge","floor":31,"damage_taken":0},{"event_name":"Wheel of Change","player_choice":"Full Heal","floor":38,"damage_taken":0}],"is_beta":true,"boss_relics":[{"not_picked":["Empty Cage","Snecko Eye"],"picked":"Tiny House"},{"not_picked":["Orrery","Sozu"],"picked":"HoveringKite"}],"items_purged_floors":[],"is_endless":false,"potions_floor_spawned":[1,16,18,20,23,25,29,33,35,36,39,45],"killed_by":"Awakened One","ascension_level":10}