{"gold_per_floor":[114,88,88,32,47,47,47,73,128,156,156,172,172,188,188,264,264,275,114,114,129,41,76,76,76,76,76,108,142,159,173,173,244,244,261,261,84,99,148,178,178,203,203,32,32,60,72,85,85,85,85,85,85,44,77,77],"floor_reached":57,"playtime":2035,"items_purged":["Strike_R","Strike_R","Parasite"],"score":3168,"play_id":"7788a753-c67d-4816-b447-dc1a525701d9","local_time":"20190718162810","is_ascension_mode":true,"campfire_choices":[{"data":"Bash","floor":6,"key":"SMITH"},{"data":"1","floor":11,"key":"LIFT"},{"data":"2","floor":13,"key":"LIFT"},{"data":"3","floor":15,"key":"LIFT"},{"floor":25,"key":"REST"},{"data":"Corruption","floor":27,"key":"SMITH"},{"floor":32,"key":"REST"},{"floor":45,"key":"RECALL"},{"data":"Demon Form","floor":49,"key":"SMITH"},{"data":"Offering","floor":53,"key":"SMITH"}],"neow_cost":"NONE","seed_source_timestamp":12430180458620,"circlet_count":0,"master_deck":["AscendersBane","Strike_R","Defend_R","Defend_R","Defend_R","Defend_R","Bash+1","Cleave","Shrug It Off+1","Shrug It Off","Sword Boomerang","Corruption+1","Iron Wave","Offering+1","Spot Weakness+1","Disarm","Dark Embrace","Disarm","Flame Barrier","Clumsy","Sword Boomerang+1","Infernal Blade","Pummel","Double Tap","Spot Weakness","Heavy Blade+1","Seeing Red","Demon Form+1","Corruption","Entrench+1","True Grit+1","Sentinel+1","Shrug It Off","Twin Strike"],"relics":["Burning Blood","NeowsBlessing","Girya","Orichalcum","PreservedInsect","Cursed Key","Lantern","Unceasing Top","Red Mask","Centennial Puzzle","Snecko Eye","Gambling Chip","The Courier","Oddly Smooth Stone","War Paint","Pantograph"],"potions_floor_usage":[16,28,29,56],"damage_taken":[{"damage":0,"enemies":"Small Slimes","floor":1,"turns":2},{"damage":0,"enemies":"Cultist","floor":5,"turns":1},{"damage":0,"enemies":"Lagavulin","floor":8,"turns":1},{"damage":24,"enemies":"3 Sentries","floor":10,"turns":9},{"damage":2,"enemies":"Jaw Worm","floor":12,"turns":3},{"damage":0,"enemies":"2 Fungi Beasts","floor":14,"turns":2},{"damage":40,"enemies":"The Guardian","floor":16,"turns":14},{"damage":14,"enemies":"Shell Parasite","floor":18,"turns":3},{"damage":18,"enemies":"2 Thieves","floor":21,"turns":4},{"damage":12,"enemies":"Gremlin Leader","floor":23,"turns":5},{"damage":27,"enemies":"Masked Bandits","floor":28,"turns":3},{"damage":18,"enemies":"Slavers","floor":29,"turns":5},{"damage":6,"enemies":"Snecko","floor":30,"turns":3},{"damage":4,"enemies":"Cultist and Chosen","floor":31,"turns":5},{"damage":37,"enemies":"Champ","floor":33,"turns":10},{"damage":7,"enemies":"3 Shapes","floor":35,"turns":4},{"damage":9,"enemies":"Orb Walker","floor":38,"turns":3},{"damage":6,"enemies":"2 Orb Walkers","floor":39,"turns":2},{"damage":6,"enemies":"Nemesis","floor":40,"turns":3},{"damage":9,"enemies":"Reptomancer","floor":42,"turns":2},{"damage":6,"enemies":"Giant Head","floor":46,"turns":1},{"damage":6,"enemies":"Spire Growth","floor":47,"turns":2},{"damage":6,"enemies":"Jaw Worm Horde","floor":48,"turns":3},{"damage":15,"enemies":"Time Eater","floor":50,"turns":4},{"damage":6,"enemies":"Donu and Deca","floor":51,"turns":3},{"damage":6,"enemies":"Shield and Spear","floor":55,"turns":3},{"damage":15,"enemies":"The Heart","floor":56,"turns":5}],"seed_played":"-1246155358430585230","potions_obtained":[{"floor":8,"key":"Energy Potion"},{"floor":14,"key":"Strength Potion"},{"floor":16,"key":"Poison Potion"},{"floor":23,"key":"SkillPotion"},{"floor":29,"key":"Explosive Potion"},{"floor":30,"key":"BloodPotion"},{"floor":35,"key":"Dexterity Potion"},{"floor":38,"key":"PowerPotion"},{"floor":40,"key":"Ancient Potion"}],"is_trial":false,"path_per_floor":["M","$","?","$","M","R","?","E","T","E","R","M","R","M","R","B",null,"M","$","?","M","$","E","?","R","T","R","?","E","M","M","R","B",null,"M","?","$","M","?","E","?","E","T","$","R","E","M","M","R","B","B",null,"R","$","E","B",null],"character_chosen":"IRONCLAD","items_purchased":["Shrug It Off","Fire Potion","Disarm","Disarm","Spot Weakness","Corruption","Shrug It Off"],"campfire_rested":2,"item_purchase_floors":[2,4,19,22,37,44,54],"current_hp_per_floor":[74,74,74,74,75,75,80,80,80,62,62,66,66,72,72,38,70,62,62,39,27,27,21,21,46,46,46,25,13,13,15,40,9,66,65,65,65,62,62,62,52,49,49,49,49,49,49,49,49,40,40,72,72,72,72,73],"gold":77,"neow_bonus":"THREE_ENEMY_KILL","is_prod":false,"is_daily":false,"chose_seed":false,"campfire_upgraded":4,"win_rate":0,"timestamp":1563460090,"path_taken":["M","$","?","$","?","R","?","E","T","E","R","M","R","M","R","BOSS","M","$","?","M","$","E","?","R","T","R","?","E","?","M","R","BOSS","M","?","$","M","?","E","?","E","T","$","R","E","M","M","R","BOSS","BOSS","R","$","E","BOSS"],"build_version":"2019-07-17","purchased_purges":3,"victory":true,"max_hp_per_floor":[75,75,75,75,75,75,80,80,80,80,80,80,80,80,80,80,80,80,80,85,85,85,85,85,85,85,85,85,85,85,85,85,85,85,85,85,85,85,85,85,85,85,85,82,82,82,82,82,82,82,82,82,82,82,82,82],"card_choices":[{"not_picked":["Warcry","Bloodletting"],"picked":"Cleave","floor":1},{"not_picked":["Thunderclap","Entrench"],"picked":"Shrug It Off","floor":5},{"not_picked":["Ghostly Armor","Burning Pact"],"picked":"Sword Boomerang","floor":8},{"not_picked":["Ghostly Armor","Clash"],"picked":"Corruption","floor":10},{"not_picked":["Body Slam","Cleave","Evolve"],"picked":"SKIP","floor":12},{"not_picked":["True Grit","Dual Wield"],"picked":"Iron Wave","floor":14},{"not_picked":["Bludgeon","Dark Embrace"],"picked":"Offering","floor":16},{"not_picked":["Disarm","Shrug It Off"],"picked":"Spot Weakness","floor":18},{"not_picked":["Cleave+1","Perfected Strike"],"picked":"Dark Embrace","floor":21},{"not_picked":["Searing Blow","Wild Strike"],"picked":"Flame Barrier","floor":23},{"not_picked":["Iron Wave","Pommel Strike"],"picked":"Sword Boomerang+1","floor":28},{"not_picked":["Warcry","Flex+1"],"picked":"Infernal Blade","floor":29},{"not_picked":["Thunderclap","Dropkick","Headbutt+1"],"picked":"SKIP","floor":30},{"not_picked":["Cleave","Rampage+1"],"picked":"Pummel","floor":31},{"not_picked":["Offering","Berserk"],"picked":"Double Tap","floor":33},{"not_picked":["Pommel Strike+1","Reckless Charge","Clothesline"],"picked":"SKIP","floor":35},{"not_picked":["Wild Strike","Headbutt"],"picked":"Heavy Blade+1","floor":38},{"not_picked":["Heavy Blade","Flex"],"picked":"Seeing Red","floor":40},{"not_picked":["Heavy Blade","Sword Boomerang+1"],"picked":"Demon Form","floor":42},{"not_picked":["Dropkick+1","Sword Boomerang"],"picked":"Entrench+1","floor":46},{"not_picked":["Body Slam","Flex"],"picked":"True Grit+1","floor":47},{"not_picked":["Perfected Strike+1","Hemokinesis+1"],"picked":"Sentinel+1","floor":48},{"not_picked":["Armaments","Rupture"],"picked":"Twin Strike","floor":55}],"player_experience":1814202,"relics_obtained":[{"floor":8,"key":"Girya"},{"floor":9,"key":"Orichalcum"},{"floor":10,"key":"PreservedInsect"},{"floor":23,"key":"Lantern"},{"floor":26,"key":"Unceasing Top"},{"floor":28,"key":"Red Mask"},{"floor":29,"key":"Centennial Puzzle"},{"floor":39,"key":"Gambling Chip"},{"floor":40,"key":"The Courier"},{"floor":42,"key":"Oddly Smooth Stone"},{"floor":46,"key":"War Paint"},{"floor":55,"key":"Pantograph"}],"event_choices":[{"cards_removed":["Strike_R"],"damage_healed":0,"gold_gain":0,"player_choice":"Purged","damage_taken":0,"max_hp_gain":0,"max_hp_loss":0,"event_name":"Purifier","floor":3,"gold_loss":0},{"damage_healed":0,"gold_gain":0,"player_choice":"Donut","damage_taken":0,"max_hp_gain":5,"max_hp_loss":0,"event_name":"Big Fish","floor":7,"gold_loss":0},{"damage_healed":0,"gold_gain":0,"player_choice":"Shed Blood","damage_taken":28,"max_hp_gain":5,"max_hp_loss":0,"event_name":"Forgotten Altar","floor":20,"gold_loss":0},{"damage_healed":0,"gold_gain":0,"player_choice":"Ignored","damage_taken":0,"max_hp_gain":0,"max_hp_loss":0,"event_name":"Cursed Tome","floor":24,"gold_loss":0},{"damage_healed":0,"gold_gain":0,"player_choice":"Fought Bandits","damage_taken":0,"max_hp_gain":0,"max_hp_loss":0,"event_name":"Masked Bandits","floor":28,"gold_loss":0},{"cards_removed":["Strike_R"],"damage_healed":0,"gold_gain":0,"player_choice":"Removed Attack","damage_taken":0,"max_hp_gain":0,"max_hp_loss":0,"event_name":"Falling","floor":36,"gold_loss":0},{"damage_healed":0,"gold_gain":0,"player_choice":"Fight","damage_taken":0,"max_hp_gain":0,"max_hp_loss":0,"event_name":"Mysterious Sphere","floor":39,"gold_loss":0},{"damage_healed":0,"gold_gain":0,"player_choice":"Memory 3","damage_taken":10,"max_hp_gain":0,"max_hp_loss":0,"event_name":"SensoryStone","floor":41,"gold_loss":0}],"is_beta":false,"boss_relics":[{"not_picked":["Busted Crown","Astrolabe"],"picked":"Cursed Key"},{"not_picked":["Calling Bell","Fusion Hammer"],"picked":"Snecko Eye"}],"items_purged_floors":[19,37,44],"is_endless":false,"potions_floor_spawned":[8,14,16,23,29,30,31,35,38,40,47,55],"ascension_level":20}