{"gold_per_floor":[17,17,34,34,10,10,51,71,98,123,123,42,67,110,110,238,238,257,457,347,45,45,81,81,122,122,141,184,29,29,44,44,163,163,178,1,15,15,140,181,181,221,221,255,276,13,13,29,29,29],"floor_reached":51,"playtime":5006,"items_purged":["Strike_B"],"score":1197,"play_id":"13a4b96c-f510-42be-afd2-2e4b606f4c80","local_time":"20190423225158","is_ascension_mode":true,"campfire_choices":[{"data":"Zap","floor":6,"key":"SMITH"},{"data":"Sunder","floor":11,"key":"SMITH"},{"data":"Creative AI","floor":15,"key":"SMITH"},{"data":"Defragment","floor":24,"key":"SMITH"},{"data":"Coolheaded","floor":30,"key":"SMITH"},{"data":"Heatsinks","floor":32,"key":"SMITH"},{"data":"Storm","floor":41,"key":"SMITH"},{"data":"Master of Strategy","floor":49,"key":"SMITH"}],"neow_cost":"NO_GOLD","seed_source_timestamp":855470446677396,"circlet_count":0,"master_deck":["Strike_B","Strike_B","Strike_B","Defend_B","Defend_B","Defend_B","Defend_B","Zap+1","Dualcast","Glacier","Compile Driver","Leap","Cold Snap","Ball Lightning","Sunder+1","Creative AI+1","Lockon","Tempest","Core Surge","Melter","Defragment+1","Master of Strategy+1","Heatsinks+1","Coolheaded+1","Storm+1","Seek+1","Coolheaded+1","Coolheaded+1","Electrodynamics","Barrage+1","Apotheosis+1","Chill+1","Enlightenment+1","Beam Cell+1","Hologram+1","Reinforced Body+1"],"relics":["Cracked Core","Incense Burner","Golden Idol","Bag of Preparation","Meat on the Bone","Coffee Dripper","Nloth\u0027s Gift","Turnip","Toxic Egg 2","Singing Bowl","Omamori","DataDisk","Cursed Key","Ginger","Ancient Tea Set","Art of War","Blood Vial","Bottled Flame","Lee\u0027s Waffle"],"potions_floor_usage":[7,14,14,33,37,50],"damage_taken":[{"damage":0,"enemies":"2 Louse","floor":1,"turns":3},{"damage":2,"enemies":"Jaw Worm","floor":3,"turns":4},{"damage":11,"enemies":"Gremlin Nob","floor":7,"turns":6},{"damage":0,"enemies":"Cultist","floor":8,"turns":3},{"damage":0,"enemies":"2 Fungi Beasts","floor":10,"turns":2},{"damage":0,"enemies":"Red Slaver","floor":13,"turns":2},{"damage":1,"enemies":"Lagavulin","floor":14,"turns":6},{"damage":25,"enemies":"Hexaghost","floor":16,"turns":13},{"damage":7,"enemies":"Shell Parasite","floor":18,"turns":4},{"damage":30,"enemies":"Book of Stabbing","floor":23,"turns":7},{"damage":23,"enemies":"Gremlin Leader","floor":25,"turns":8},{"damage":0,"enemies":"Spheric Guardian","floor":27,"turns":1},{"damage":18,"enemies":"Slavers","floor":28,"turns":7},{"damage":1,"enemies":"Shelled Parasite and Fungi","floor":31,"turns":5},{"damage":23,"enemies":"Champ","floor":33,"turns":9},{"damage":0,"enemies":"3 Shapes","floor":35,"turns":2},{"damage":0,"enemies":"Orb Walker","floor":37,"turns":3},{"damage":2,"enemies":"Mind Bloom Boss Battle","floor":39,"turns":6},{"damage":17,"enemies":"Nemesis","floor":40,"turns":7},{"damage":0,"enemies":"Reptomancer","floor":42,"turns":5},{"damage":1,"enemies":"Giant Head","floor":44,"turns":8},{"damage":0,"enemies":"Sphere and 2 Shapes","floor":45,"turns":2},{"damage":1,"enemies":"Maw","floor":48,"turns":5},{"damage":2,"enemies":"Donu and Deca","floor":50,"turns":5}],"seed_played":"6103789756967602718","potions_obtained":[{"floor":1,"key":"Weak Potion"},{"floor":3,"key":"Weak Potion"},{"floor":13,"key":"Dexterity Potion"},{"floor":27,"key":"SpeedPotion"},{"floor":28,"key":"Poison Potion"},{"floor":33,"key":"AttackPotion"},{"floor":40,"key":"PowerPotion"},{"floor":42,"key":"SmokeBomb"}],"is_trial":false,"path_per_floor":["M","?","M","?","$","R","E","M","T","M","R","$","M","E","R","B",null,"M","?","$","$","?","E","R","E","T","M","E","$","R","M","R","B",null,"M","$","M","?","?","E","R","E","T","E","M","$","$","M","R","B",null],"character_chosen":"DEFECT","items_purchased":["Leap","Creative AI","Defragment","Master of Strategy","Heatsinks","Coolheaded","DataDisk","Apotheosis+1","Lee\u0027s Waffle","Hologram+1"],"campfire_rested":0,"item_purchase_floors":[5,12,20,21,21,21,29,36,46,46],"current_hp_per_floor":[68,68,66,48,48,48,37,37,37,37,37,37,37,36,36,23,62,55,55,55,55,55,37,37,26,26,38,34,34,34,45,45,34,66,66,66,66,66,66,51,51,51,51,54,58,92,92,91,91,90],"gold":29,"neow_bonus":"ONE_RARE_RELIC","is_prod":false,"is_daily":false,"chose_seed":false,"campfire_upgraded":8,"win_rate":0,"timestamp":1556085118,"path_taken":["M","?","M","?","?","R","E","M","T","M","R","?","M","E","R","BOSS","M","?","?","$","?","E","R","E","T","?","E","$","R","M","R","BOSS","M","$","M","?","?","E","R","E","T","E","M","?","$","M","R","BOSS"],"build_version":"2019-01-23","purchased_purges":1,"victory":true,"max_hp_per_floor":[75,75,75,75,75,75,75,75,75,75,75,75,75,75,75,75,75,75,75,75,75,75,75,75,75,75,75,77,77,77,77,77,77,77,77,77,77,77,79,81,81,81,81,83,85,92,92,92,92,92],"card_choices":[{"not_picked":["Loop","Capacitor"],"picked":"Glacier","floor":1},{"not_picked":["Rebound","Barrage"],"picked":"Compile Driver","floor":3},{"not_picked":["Leap","Compile Driver"],"picked":"Cold Snap","floor":7},{"not_picked":["Sweeping Beam","Leap"],"picked":"Ball Lightning","floor":8},{"not_picked":["Leap","Hello World"],"picked":"Sunder","floor":10},{"not_picked":["Turbo","BootSequence"],"picked":"Lockon","floor":13},{"not_picked":["Steam","Streamline"],"picked":"Tempest","floor":14},{"not_picked":["Hyperbeam","Amplify"],"picked":"Core Surge","floor":16},{"not_picked":["Recycle","Leap"],"picked":"Melter","floor":18},{"not_picked":["Redo","Sweeping Beam+1"],"picked":"Storm","floor":23},{"not_picked":["Rebound","Conserve Battery"],"picked":"Seek","floor":25},{"not_picked":["Cold Snap","Beam Cell"],"picked":"Coolheaded+1","floor":27},{"not_picked":["Gash+1","Ball Lightning","Creative AI"],"picked":"Singing Bowl","floor":28},{"not_picked":["Rebound+1","BootSequence+1"],"picked":"Coolheaded+1","floor":31},{"not_picked":["Creative AI","Core Surge"],"picked":"Electrodynamics","floor":33},{"not_picked":["Cold Snap","Streamline"],"picked":"Barrage+1","floor":35},{"not_picked":["Stack+1","Leap+1"],"picked":"Chill+1","floor":37},{"not_picked":["PanicButton+1","Discovery+1"],"picked":"Enlightenment+1","floor":38},{"not_picked":["Melter+1","Scrape+1","Tempest+1"],"picked":"Singing Bowl","floor":39},{"not_picked":["Streamline+1","Leap+1","Doom and Gloom"],"picked":"Singing Bowl","floor":40},{"not_picked":["Stack+1","Ball Lightning"],"picked":"Beam Cell+1","floor":42},{"not_picked":["Skim+1","Recycle+1","All For One"],"picked":"Singing Bowl","floor":44},{"not_picked":["Reprogram+1","Redo+1","Sweeping Beam+1"],"picked":"Singing Bowl","floor":45},{"not_picked":["Beam Cell+1","Gash"],"picked":"Reinforced Body+1","floor":48}],"player_experience":597257,"relics_obtained":[{"floor":7,"key":"Happy Flower"},{"floor":9,"key":"Bag of Preparation"},{"floor":14,"key":"Meat on the Bone"},{"floor":23,"key":"Turnip"},{"floor":25,"key":"Toxic Egg 2"},{"floor":26,"key":"Singing Bowl"},{"floor":28,"key":"Omamori"},{"floor":39,"key":"Ginger"},{"floor":40,"key":"Ancient Tea Set"},{"floor":42,"key":"Art of War"},{"floor":43,"key":"Blood Vial"},{"floor":44,"key":"Bottled Flame"}],"event_choices":[{"damage_healed":0,"gold_gain":0,"player_choice":"Leave","damage_taken":0,"max_hp_gain":0,"max_hp_loss":0,"event_name":"The Cleric","floor":2,"gold_loss":0},{"damage_healed":0,"gold_gain":0,"player_choice":"Take Damage","damage_taken":18,"relics_obtained":["Golden Idol"],"max_hp_gain":0,"max_hp_loss":0,"event_name":"Golden Idol","floor":4,"gold_loss":0},{"damage_healed":0,"gold_gain":250,"player_choice":"Bet on Owner","damage_taken":0,"max_hp_gain":0,"max_hp_loss":0,"event_name":"The Joust","floor":19,"gold_loss":50},{"damage_healed":0,"gold_gain":0,"player_choice":"Traded Relic","damage_taken":0,"relics_obtained":["Nloth\u0027s Gift"],"max_hp_gain":0,"max_hp_loss":0,"event_name":"N\u0027loth","floor":22,"relics_lost":["Happy Flower"],"gold_loss":0},{"damage_healed":0,"gold_gain":0,"player_choice":"Memory 1","damage_taken":0,"max_hp_gain":0,"max_hp_loss":0,"event_name":"SensoryStone","floor":38,"gold_loss":0},{"damage_healed":0,"gold_gain":0,"player_choice":"Fight","damage_taken":0,"max_hp_gain":0,"max_hp_loss":0,"event_name":"MindBloom","floor":39,"gold_loss":0}],"is_beta":false,"boss_relics":[{"not_picked":["Calling Bell","Astrolabe"],"picked":"Coffee Dripper"},{"not_picked":["Philosopher\u0027s Stone","Orrery"],"picked":"Cursed Key"}],"items_purged_floors":[20],"is_endless":false,"potions_floor_spawned":[1,3,13,27,28,33,40,42,44],"ascension_level":9}