{"gold_per_floor":[118,118,131,148,162,187,187,198,198,198,227,192,205,234,234,305,305,315,16,36,36,86,117,117,150,173,193,203,203,203,61,61,135,135,147,147,162,1161,730,730],"floor_reached":40,"playtime":1886,"items_purged":["Strike_G","Strike_G","Normality"],"score":913,"play_id":"79537506-34dd-45f7-81e8-d35458b3b711","local_time":"20190320115104","is_ascension_mode":true,"campfire_choices":[{"data":"Predator","floor":7,"key":"SMITH"},{"data":"Deadly Poison","floor":10,"key":"SMITH"},{"floor":15,"key":"REST"},{"floor":24,"key":"REST"},{"floor":29,"key":"REST"},{"data":"Footwork","floor":32,"key":"SMITH"}],"neow_cost":"NONE","seed_source_timestamp":3121548476534,"circlet_count":0,"master_deck":["AscendersBane","Defend_G+1","Defend_G","Defend_G","Defend_G","Defend_G","Survivor+1","Neutralize","Calculated Gamble","Predator+1","Masterful Stab","Poisoned Stab","Deadly Poison","Deadly Poison+1","Backflip","Well Laid Plans","Dash+1","Adrenaline","Backflip","Tactician","Footwork+1","Eviscerate+1","Cloak And Dagger","Flechettes+1","Noxious Fumes","Malaise","Choke+1","Backstab+1","PiercingWail","Normality","Eviscerate+1"],"relics":["Ring of the Snake","NeowsBlessing","FaceOfCleric","Regal Pillow","Molten Egg 2","Matryoshka","Bottled Tornado","Snecko Eye","TwistedFunnel","Mummified Hand","Sundial","Bronze Scales","War Paint","Fusion Hammer","OrangePellets"],"potions_floor_usage":[11,23,28,40],"damage_taken":[{"damage":0,"enemies":"Small Slimes","floor":1,"turns":1},{"damage":0,"enemies":"Cultist","floor":3,"turns":1},{"damage":0,"enemies":"2 Louse","floor":4,"turns":1},{"damage":1,"enemies":"2 Fungi Beasts","floor":5,"turns":3},{"damage":25,"enemies":"3 Sentries","floor":6,"turns":11},{"damage":0,"enemies":"3 Louse","floor":8,"turns":3},{"damage":36,"enemies":"Gremlin Nob","floor":11,"turns":4},{"damage":0,"enemies":"Large Slime","floor":13,"turns":3},{"damage":7,"enemies":"Lagavulin","floor":14,"turns":7},{"damage":36,"enemies":"Slime Boss","floor":16,"turns":11},{"damage":0,"enemies":"3 Byrds","floor":18,"turns":7},{"damage":24,"enemies":"Shell Parasite","floor":20,"turns":4},{"damage":24,"enemies":"Gremlin Leader","floor":23,"turns":8},{"damage":15,"enemies":"Book of Stabbing","floor":25,"turns":4},{"damage":21,"enemies":"Shelled Parasite and Fungi","floor":27,"turns":4},{"damage":1,"enemies":"Cultist and Chosen","floor":28,"turns":5},{"damage":23,"enemies":"Automaton","floor":33,"turns":9},{"damage":14,"enemies":"3 Darklings","floor":35,"turns":4},{"damage":9,"enemies":"3 Shapes","floor":37,"turns":3},{"damage":60,"enemies":"Giant Head","floor":40,"turns":7}],"seed_played":"8144628139873987800","potions_obtained":[{"floor":1,"key":"Poison Potion"},{"floor":3,"key":"Dexterity Potion"},{"floor":11,"key":"EssenceOfSteel"},{"floor":13,"key":"PowerPotion"},{"floor":18,"key":"GhostInAJar"},{"floor":23,"key":"SteroidPotion"},{"floor":28,"key":"LiquidBronze"}],"is_trial":false,"path_per_floor":["M","?","M","M","M","E","R","M","T","R","E","?","M","E","R","B",null,"M","$","M","?","?","E","R","E","T","M","M","R","?","$","R","B",null,"M","?","M","?","$","E"],"character_chosen":"THE_SILENT","items_purchased":["TwistedFunnel","Noxious Fumes","OrangePellets","Eviscerate+1"],"campfire_rested":3,"item_purchase_floors":[19,31,39,39],"current_hp_per_floor":[59,59,60,61,61,37,37,38,38,38,3,21,22,16,53,18,61,62,62,39,39,39,16,54,40,40,20,20,59,59,59,59,37,71,58,58,50,50,50,0],"gold":730,"neow_bonus":"THREE_ENEMY_KILL","is_prod":false,"is_daily":false,"chose_seed":false,"campfire_upgraded":3,"win_rate":0,"timestamp":1553079064,"path_taken":["M","?","?","M","?","E","R","M","T","R","E","?","M","E","R","BOSS","M","$","M","?","?","E","R","E","T","M","M","R","?","$","R","BOSS","M","?","?","?","$","E"],"build_version":"2019-01-23","purchased_purges":3,"victory":false,"max_hp_per_floor":[66,66,67,68,69,70,70,71,71,71,72,72,73,74,74,75,75,76,76,77,77,77,78,78,79,79,80,81,81,81,81,81,82,82,83,83,84,84,84,84],"card_choices":[{"not_picked":["Concentrate","Expertise"],"picked":"Calculated Gamble","floor":1},{"not_picked":["Dagger Throw","Sucker Punch"],"picked":"Predator","floor":3},{"not_picked":["Underhanded Strike","Blade Dance"],"picked":"Masterful Stab","floor":4},{"not_picked":["Dagger Spray","Dagger Throw"],"picked":"Poisoned Stab","floor":5},{"not_picked":["Dodge and Roll","Underhanded Strike"],"picked":"Deadly Poison","floor":6},{"not_picked":["Flying Knee","Expertise"],"picked":"Deadly Poison","floor":8},{"not_picked":["Deflect","Dodge and Roll"],"picked":"Backflip","floor":11},{"not_picked":["Skewer+1","Acrobatics"],"picked":"Well Laid Plans","floor":13},{"not_picked":["Cloak And Dagger","Blade Dance"],"picked":"Dash+1","floor":14},{"not_picked":["Venomology","Envenom"],"picked":"Adrenaline","floor":16},{"not_picked":["Deflect","Prepared","Flying Knee+1"],"picked":"SKIP","floor":18},{"not_picked":["Endless Agony+1","Deadly Poison"],"picked":"Backflip","floor":20},{"not_picked":["Prepared+1","Deflect+1","Quick Slash+1"],"picked":"SKIP","floor":23},{"not_picked":["Cloak And Dagger","Dagger Throw+1"],"picked":"Tactician","floor":25},{"not_picked":["Outmaneuver","Calculated Gamble"],"picked":"Footwork","floor":27},{"not_picked":["Riddle With Holes+1","Dodge and Roll"],"picked":"Eviscerate+1","floor":28},{"not_picked":["Unload+1","Bullet Time"],"picked":"Malaise","floor":33},{"not_picked":["Sucker Punch+1","Quick Slash+1"],"picked":"Choke+1","floor":35},{"not_picked":["Tactician","Riddle With Holes+1"],"picked":"PiercingWail","floor":37}],"player_experience":1450251,"relics_obtained":[{"floor":6,"key":"Regal Pillow"},{"floor":9,"key":"Molten Egg 2"},{"floor":11,"key":"Matryoshka"},{"floor":14,"key":"Bottled Tornado"},{"floor":23,"key":"Mummified Hand"},{"floor":25,"key":"Sundial"},{"floor":26,"key":"Bronze Scales"},{"floor":26,"key":"War Paint"}],"event_choices":[{"damage_healed":0,"gold_gain":0,"player_choice":"Trade","damage_taken":0,"relics_obtained":["FaceOfCleric"],"max_hp_gain":0,"max_hp_loss":0,"event_name":"FaceTrader","floor":2,"gold_loss":0},{"damage_healed":18,"gold_gain":0,"player_choice":"Healed","damage_taken":0,"max_hp_gain":0,"max_hp_loss":0,"event_name":"The Cleric","floor":12,"gold_loss":35},{"damage_healed":0,"gold_gain":0,"player_choice":"Ignored","damage_taken":0,"max_hp_gain":0,"max_hp_loss":0,"event_name":"Beggar","floor":21,"gold_loss":0},{"damage_healed":0,"gold_gain":50,"player_choice":"Stole From Cult","damage_taken":0,"max_hp_gain":0,"max_hp_loss":0,"event_name":"Nest","floor":22,"gold_loss":0},{"damage_healed":0,"gold_gain":0,"cards_transformed":["Strike_G","Strike_G"],"player_choice":"Became Test Subject","damage_taken":0,"max_hp_gain":0,"max_hp_loss":0,"event_name":"Drug Dealer","floor":30,"gold_loss":0,"cards_obtained":["Cloak And Dagger","Flechettes"]},{"damage_healed":0,"gold_gain":0,"cards_transformed":["Strike_G"],"player_choice":"Transformed","damage_taken":0,"max_hp_gain":0,"max_hp_loss":0,"event_name":"Transmorgrifier","floor":36,"gold_loss":0,"cards_obtained":["Backstab"]},{"damage_healed":0,"gold_gain":999,"player_choice":"Gold","damage_taken":0,"max_hp_gain":0,"max_hp_loss":0,"event_name":"MindBloom","floor":38,"gold_loss":0,"cards_obtained":["Normality","Normality"]}],"is_beta":false,"boss_relics":[{"not_picked":["Busted Crown","Lizard Tail"],"picked":"Snecko Eye"},{"not_picked":["Runic Pyramid","Velvet Choker"],"picked":"Fusion Hammer"}],"items_purged_floors":[19,31,39],"is_endless":false,"potions_floor_spawned":[1,3,11,13,16,18,20,23,28],"killed_by":"Giant Head","ascension_level":20}