{"path_per_floor":["M","?","?","M","M","E","R","?","T","$","M","?","M","E","R","B",null,"M","?","M","M","$","E","R","E","T","E","$","R","?","M","R","B",null,"M","?","$","?","M","R","E","R","T","E","M","T","M","?","R"],"character_chosen":"THE_SILENT","items_purchased":["Thinking Ahead","Underhanded Strike","Bottled Tornado","Block Potion","Ornamental Fan"],"gold_per_floor":[118,118,118,130,148,177,177,240,266,65,76,151,163,194,194,294,294,306,306,317,335,59,88,88,122,145,178,128,128,128,146,146,251,251,271,271,26,26,37,37,69,69,92,119,131,157,172,142,142,142],"floor_reached":50,"campfire_rested":5,"playtime":4670,"current_hp_per_floor":[65,65,65,65,61,38,38,30,30,30,30,19,19,18,39,20,70,70,57,44,24,24,20,42,30,30,5,5,27,27,13,35,2,75,41,31,31,31,31,31,31,31,31,4,4,4,4,4,26,0],"items_purged":[],"gold":142,"score":671,"play_id":"6cdc8dba-d504-4d9e-afc4-1adba29f617d","local_time":"20180514193942","is_prod":false,"is_daily":false,"chose_seed":false,"is_ascension_mode":true,"campfire_upgraded":3,"timestamp":1526319582,"path_taken":["M","?","?","M","M","E","R","?","T","?","?","?","M","E","R","BOSS","M","?","M","?","$","E","R","E","T","E","$","R","?","?","R","BOSS","M","?","$","?","?","R","E","R","T","E","?","?","M","?","R","BOSS"],"build_version":"2018-05-10","seed_source_timestamp":25258175575158,"purchased_purges":0,"victory":false,"master_deck":["Defend_G+1","Defend_G+1","Defend_G+1","Strike_G+1","Strike_G+1","Strike_G+1","Strike_G+1","Survivor","Neutralize","Flying Knee","Infinite Blades","Distraction","Distraction","Underhanded Strike","Storm of Steel+1","Accuracy","Thinking Ahead","Dagger Throw","Escape Plan","Bullet Time","Prepared+1","Glass Knife+1","Underhanded Strike+1","Cloak And Dagger+1","Backflip","Caltrops+1","Underhanded Strike+1","Deadly Poison","Endless Agony+1","Well Laid Plans","Quick Slash+1","Die Die Die+1","Poisoned Stab","Dagger Throw","Noxious Fumes","Reflex+1","Prepared+1","Madness","Mind Blast+1","Flash of Steel","Cloak And Dagger+1","Endless Agony+1","Choke+1","Adrenaline","Riddle With Holes+1","Outmaneuver+1","All Out Attack"],"max_hp_per_floor":[70,70,70,70,70,70,70,70,70,70,70,70,70,70,70,70,70,70,75,75,75,75,75,75,75,75,75,75,75,75,75,75,75,75,75,75,75,75,75,75,75,75,75,75,75,75,75,75,75,75],"relics":["Ring of the Snake","Bag of Marbles","Mercury Hourglass","Vajra","Gremlin Horn","Astrolabe","Bottled Tornado","Pantograph","Lantern","Anchor","Centennial Puzzle","Orrery","Ornamental Fan","Prayer Wheel","Ancient Tea Set","Tingsha","Whetstone"],"card_choices":[{"not_picked":["Slice","Dash"],"picked":"Flying Knee","floor":0},{"not_picked":["Flechettes","Dash"],"picked":"Infinite Blades","floor":1},{"not_picked":["Dash","Blur"],"picked":"Distraction","floor":4},{"not_picked":["Bane","Riddle With Holes"],"picked":"Underhanded Strike","floor":5},{"not_picked":["Bouncing Flask","Catalyst"],"picked":"Storm of Steel","floor":6},{"not_picked":["PiercingWail","Deadly Poison"],"picked":"Accuracy","floor":8},{"not_picked":["Slice","Quick Slash"],"picked":"Dagger Throw","floor":11},{"not_picked":["Skewer","Infinite Blades"],"picked":"Escape Plan","floor":13},{"not_picked":["Malaise","Quick Slash"],"picked":"Underhanded Strike","floor":14},{"not_picked":["Unload","Glass Knife"],"picked":"Bullet Time","floor":16},{"not_picked":["Outmaneuver","Prepared"],"picked":"Cloak And Dagger","floor":18},{"not_picked":["Underhanded Strike","Calculated Gamble"],"picked":"Backflip","floor":20},{"not_picked":["Acrobatics","Deflect"],"picked":"Caltrops","floor":21},{"not_picked":["Bane","Poisoned Stab"],"picked":"Deadly Poison","floor":23},{"not_picked":["Tools of the Trade","Underhanded Strike"],"picked":"Endless Agony","floor":25},{"not_picked":["Noxious Fumes","Dodge and Roll"],"picked":"Well Laid Plans","floor":27},{"not_picked":["Caltrops","Skewer"],"picked":"Quick Slash","floor":31},{"not_picked":["Unload","A Thousand Cuts"],"picked":"Die Die Die","floor":33},{"not_picked":["PiercingWail","Terror"],"picked":"Skewer","floor":34},{"not_picked":["Flechettes","Malaise"],"picked":"Poisoned Stab","floor":34},{"not_picked":["Heel Hook","Outmaneuver"],"picked":"Dagger Throw","floor":34},{"not_picked":["Outmaneuver","Riddle With Holes"],"picked":"Noxious Fumes","floor":34},{"not_picked":["Choke","Dagger Throw"],"picked":"Reflex","floor":34},{"not_picked":["Dagger Spray","Acrobatics"],"picked":"Prepared","floor":35},{"not_picked":["Purity","Trip"],"picked":"Madness","floor":36},{"not_picked":["Dramatic Entrance","Trip"],"picked":"Mind Blast","floor":36},{"not_picked":["Good Instincts","Finesse"],"picked":"Flash of Steel","floor":36},{"not_picked":["Catalyst","Backflip"],"picked":"Cloak And Dagger","floor":39},{"not_picked":["Venomology","Deflect"],"picked":"Endless Agony","floor":41},{"not_picked":["Terror","Dagger Spray"],"picked":"Choke","floor":43},{"not_picked":["Prepared","Accuracy"],"picked":"Adrenaline","floor":44},{"not_picked":["Predator","Sucker Punch"],"picked":"Riddle With Holes","floor":45},{"not_picked":["Deadly Poison","Deflect"],"picked":"Outmaneuver","floor":46},{"not_picked":["Sucker Punch","Dagger Spray"],"picked":"All Out Attack","floor":47}],"player_experience":66957,"potions_floor_usage":[6,8,14,16,21,21,25,27,31,39,50,50,50,50,50,50],"damage_taken":[{"damage":5,"enemies":"Jaw Worm","floor":1,"turns":4},{"damage":0,"enemies":"Small Slimes","floor":4,"turns":3},{"damage":4,"enemies":"2 Louse","floor":5,"turns":2},{"damage":23,"enemies":"3 Sentries","floor":6,"turns":7},{"damage":8,"enemies":"Gremlin Nob","floor":8,"turns":3},{"damage":0,"enemies":"Large Slime","floor":11,"turns":4},{"damage":0,"enemies":"Looter","floor":13,"turns":1},{"damage":1,"enemies":"Gremlin Nob","floor":14,"turns":4},{"damage":19,"enemies":"Hexaghost","floor":16,"turns":6},{"damage":0,"enemies":"Spheric Guardian","floor":18,"turns":3},{"damage":13,"enemies":"2 Thieves","floor":20,"turns":3},{"damage":20,"enemies":"Centurion and Healer","floor":21,"turns":4},{"damage":4,"enemies":"Gremlin Leader","floor":23,"turns":5},{"damage":12,"enemies":"Book of Stabbing","floor":25,"turns":3},{"damage":25,"enemies":"Gremlin Leader","floor":27,"turns":5},{"damage":14,"enemies":"Sentry and Sphere","floor":31,"turns":4},{"damage":90,"enemies":"Automaton","floor":33,"turns":10},{"damage":34,"enemies":"3 Shapes","floor":35,"turns":3},{"damage":0,"enemies":"3 Darklings","floor":39,"turns":3},{"damage":0,"enemies":"2 Orb Walkers","floor":41,"turns":3},{"damage":27,"enemies":"Nemesis","floor":44,"turns":5},{"damage":0,"enemies":"4 Shapes","floor":45,"turns":2},{"damage":0,"enemies":"Sphere and 2 Shapes","floor":47,"turns":2},{"damage":56,"enemies":"Awakened One","floor":50,"turns":6}],"event_choices":[{"event_name":"Golden Wing","player_choice":"Ignored","floor":2,"damage_taken":0},{"event_name":"Living Wall","player_choice":"Change","floor":3,"damage_taken":0},{"event_name":"Dead Adventurer","player_choice":"Searched \u00271\u0027 times","floor":8,"damage_taken":0},{"event_name":"World of Goop","player_choice":"Gather Gold","floor":12,"damage_taken":0},{"event_name":"Forgotten Altar","player_choice":"Shed Blood","floor":19,"damage_taken":0},{"event_name":"Back to Basics","player_choice":"Simplicity","floor":30,"damage_taken":0},{"event_name":"SensoryStone","player_choice":"Memory 3","floor":36,"damage_taken":0},{"event_name":"The Woman in Blue","player_choice":"Bought 2 Potions","floor":48,"damage_taken":0}],"boss_relics":[{"not_picked":["Cursed Key","Lizard Tail"],"picked":"Astrolabe"},{"not_picked":["Calling Bell","Velvet Choker"],"picked":"Orrery"}],"potions_floor_spawned":[1,5,6,14,16,20,23,25,35,39],"seed_played":"-6413926836143014790","killed_by":"Awakened One","ascension_level":1,"is_trial":false}