{"gold_per_floor":[109,129,129,129,54,79,79,91,116,130,130,161,178,197,197,274,274,287,6,26,41,41,41,69,69,119,119,138,153,153,169,169,248,248,267,417,517,532,582],"floor_reached":39,"playtime":1344,"items_purged":["Regret"],"score":723,"play_id":"bd075b33-a303-4486-9d0e-d7da282ad648","local_time":"20181003235938","is_ascension_mode":true,"campfire_choices":[{"data":"Malaise","floor":7,"key":"SMITH"},{"floor":11,"key":"REST"},{"data":"Infinite Blades","floor":15,"key":"SMITH"},{"data":"Accuracy","floor":23,"key":"SMITH"},{"data":"Blade Dance","floor":25,"key":"SMITH"},{"data":"Envenom","floor":27,"key":"SMITH"},{"floor":32,"key":"REST"}],"neow_cost":"NONE","seed_source_timestamp":7457429983595,"circlet_count":0,"master_deck":["Defend_G","Defend_G+1","Defend_G","Defend_G","Defend_G","Strike_G","Strike_G","Strike_G","Strike_G","Strike_G","Survivor","Neutralize","AscendersBane","Blade Dance+1","Blade Dance+1","Sucker Punch","Backflip","Caltrops","Finisher","Malaise+1","Heel Hook","Backstab","Infinite Blades+1","Finisher","Envenom+1","Cloak And Dagger","Accuracy+1","Infinite Blades+1","Infinite Blades+1","Calculated Gamble+1","Finisher+1","Prepared+1","After Image"],"relics":["Orrery","Ancient Tea Set","Shuriken","War Paint","Anchor","Orichalcum","White Beast Statue","DollysMirror","Letter Opener","Boot","SsserpentHead","Busted Crown","Ice Cream"],"potions_floor_usage":[21,24,28,28,31,33,33,39,39],"damage_taken":[{"damage":0,"enemies":"2 Louse","floor":1,"turns":3},{"damage":4,"enemies":"Jaw Worm","floor":2,"turns":5},{"damage":31,"enemies":"Gremlin Nob","floor":6,"turns":4},{"damage":0,"enemies":"Cultist","floor":8,"turns":2},{"damage":5,"enemies":"Exordium Wildlife","floor":10,"turns":3},{"damage":15,"enemies":"3 Sentries","floor":12,"turns":5},{"damage":0,"enemies":"Red Slaver","floor":13,"turns":2},{"damage":0,"enemies":"Blue Slaver","floor":14,"turns":3},{"damage":5,"enemies":"Hexaghost","floor":16,"turns":7},{"damage":3,"enemies":"Chosen","floor":18,"turns":6},{"damage":1,"enemies":"Shell Parasite","floor":20,"turns":5},{"damage":24,"enemies":"Sentry and Sphere","floor":21,"turns":4},{"damage":0,"enemies":"Gremlin Leader","floor":24,"turns":4},{"damage":0,"enemies":"Chosen and Byrds","floor":28,"turns":4},{"damage":0,"enemies":"Snecko","floor":29,"turns":5},{"damage":14,"enemies":"Snake Plant","floor":31,"turns":2},{"damage":18,"enemies":"Collector","floor":33,"turns":6},{"damage":10,"enemies":"3 Shapes","floor":35,"turns":6},{"damage":39,"enemies":"Mysterious Sphere","floor":37,"turns":4},{"damage":1,"enemies":"Orb Walker","floor":38,"turns":2},{"damage":12,"enemies":"Transient","floor":39,"turns":2}],"seed_played":"7951711720683143732","potions_obtained":[{"floor":6,"key":"Strength Potion"},{"floor":12,"key":"GhostInAJar"},{"floor":13,"key":"SkillPotion"},{"floor":21,"key":"EssenceOfSteel"},{"floor":24,"key":"PowerPotion"},{"floor":28,"key":"Dexterity Potion"},{"floor":29,"key":"Ancient Potion"},{"floor":31,"key":"Strength Potion"},{"floor":33,"key":"Energy Potion"},{"floor":35,"key":"SpeedPotion"},{"floor":38,"key":"SteroidPotion"}],"is_trial":false,"path_per_floor":["M","M","?","T","$","E","R","M","T","M","R","E","M","M","R","B",null,"M","$","M","M","$","R","E","R","T","R","M","M","?","M","R","B",null,"M","?","?","M"],"character_chosen":"THE_SILENT","items_purchased":["Accuracy","DollysMirror"],"campfire_rested":2,"item_purchase_floors":[19,19],"current_hp_per_floor":[63,59,59,59,59,28,28,28,28,23,44,29,29,29,29,24,59,56,56,55,31,31,31,31,31,31,31,31,31,31,17,38,20,58,48,48,9,8,0],"gold":582,"neow_bonus":"BOSS_RELIC","is_prod":false,"is_daily":false,"chose_seed":false,"campfire_upgraded":5,"win_rate":0,"timestamp":1538603978,"path_taken":["M","M","?","?","$","E","R","?","T","M","R","E","?","M","R","BOSS","M","$","M","M","$","R","E","R","T","R","M","M","?","M","R","BOSS","M","?","?","M","?"],"build_version":"2018-10-02","purchased_purges":1,"victory":false,"max_hp_per_floor":[70,70,70,70,70,70,70,70,70,70,70,70,70,70,70,70,70,70,70,70,70,70,70,70,70,70,70,70,70,70,70,70,70,70,70,70,70,70,70],"card_choices":[{"not_picked":["Sucker Punch","Poisoned Stab"],"picked":"Blade Dance","floor":0},{"not_picked":["PiercingWail","Skewer"],"picked":"Blade Dance","floor":0},{"not_picked":["Endless Agony","Deflect"],"picked":"Sucker Punch","floor":0},{"not_picked":["Flechettes","Phantasmal Killer"],"picked":"Backflip","floor":0},{"not_picked":["Predator","Setup"],"picked":"Caltrops","floor":1},{"not_picked":["Backstab","Dagger Throw"],"picked":"Finisher","floor":2},{"not_picked":["Underhanded Strike","Dash"],"picked":"Malaise","floor":6},{"not_picked":["Caltrops","Flying Knee"],"picked":"Heel Hook","floor":8},{"not_picked":["Deadly Poison","Cloak And Dagger"],"picked":"Backstab","floor":10},{"not_picked":["Skewer","Dodge and Roll"],"picked":"Infinite Blades","floor":12},{"not_picked":["Setup","Bane","Night Terror"],"picked":"SKIP","floor":13},{"not_picked":["Dagger Spray","Flying Knee"],"picked":"Finisher","floor":14},{"not_picked":["Glass Knife","Malaise"],"picked":"Envenom","floor":16},{"not_picked":["Eviscerate+1","Dagger Throw"],"picked":"Cloak And Dagger","floor":18},{"not_picked":["Prepared","Dodge and Roll"],"picked":"Infinite Blades+1","floor":20},{"not_picked":["Underhanded Strike","Slice+1","PiercingWail"],"picked":"SKIP","floor":21},{"not_picked":["Underhanded Strike","Endless Agony","Outmaneuver"],"picked":"SKIP","floor":24},{"not_picked":["Dagger Throw","Dagger Spray"],"picked":"Calculated Gamble+1","floor":28},{"not_picked":["Sucker Punch","Dodge and Roll"],"picked":"Finisher+1","floor":29},{"not_picked":["Flechettes","Bane"],"picked":"Prepared+1","floor":31},{"not_picked":["Phantasmal Killer","Unload"],"picked":"After Image","floor":33},{"not_picked":["Tactician"],"picked":"SKIP","floor":35},{"not_picked":["Outmaneuver"],"picked":"SKIP","floor":38}],"player_experience":589635,"relics_obtained":[{"floor":4,"key":"Shuriken"},{"floor":6,"key":"War Paint"},{"floor":9,"key":"Anchor"},{"floor":12,"key":"Orichalcum"},{"floor":24,"key":"Letter Opener"},{"floor":26,"key":"Boot"},{"floor":37,"key":"Ice Cream"}],"event_choices":[{"event_name":"Big Fish","player_choice":"Box","floor":3,"damage_taken":0},{"event_name":"FaceTrader","player_choice":"Trade","floor":30,"damage_taken":0},{"event_name":"Golden Shrine","player_choice":"Pray","floor":36,"damage_taken":0},{"event_name":"Mysterious Sphere","player_choice":"Fight","floor":37,"damage_taken":0}],"is_beta":true,"boss_relics":[{"not_picked":["Pandora\u0027s Box","Coffee Dripper"],"picked":"White Beast Statue"},{"not_picked":["Philosopher\u0027s Stone","Snecko Eye"],"picked":"Busted Crown"}],"items_purged_floors":[5],"is_endless":false,"potions_floor_spawned":[6,12,13,14,18,20,21,24,28,29,31,33,35,37,38],"killed_by":"Transient","ascension_level":13}