{"gold_per_floor":[214,226,52,67,27,359,359,372,447,447,464,464,484,51,51,122,122,135,60,60,60],"floor_reached":21,"playtime":625,"items_purged":["Strike_B"],"score":358,"play_id":"12a817cc-893c-48ef-b980-9a6c96427f05","local_time":"20190728092643","is_ascension_mode":true,"campfire_choices":[{"data":"Hyperbeam","floor":7.0,"key":"SMITH"},{"floor":10.0,"key":"REST"},{"data":"Zap","floor":15,"key":"SMITH"}],"neow_cost":"NONE","seed_source_timestamp":0,"circlet_count":0,"master_deck":["AscendersBane","Strike_B","Strike_B","Strike_B","Defend_B","Defend_B","Defend_B","Defend_B","Zap+1","Dualcast","Steam","FTL","Hyperbeam+1","Capacitor","Sweeping Beam","White Noise","Core Surge","Ball Lightning","Core Surge","Cold Snap"],"special_seed":0,"relics":["Cracked Core","Old Coin","Sundial","Pantograph","Frozen Egg 2","Lantern","Coffee Dripper"],"potions_floor_usage":[16,16,21],"damage_taken":[{"damage":1.0,"enemies":"Cultist","floor":1.0,"turns":3.0},{"damage":7.0,"enemies":"Small Slimes","floor":2.0,"turns":3.0},{"damage":0.0,"enemies":"Jaw Worm","floor":4.0,"turns":3.0},{"damage":39.0,"enemies":"Gremlin Nob","floor":6.0,"turns":4.0},{"damage":9.0,"enemies":"Red Slaver","floor":8.0,"turns":2.0},{"damage":7.0,"enemies":"2 Fungi Beasts","floor":11.0,"turns":2.0},{"damage":7.0,"enemies":"Exordium Wildlife","floor":13.0,"turns":3.0},{"damage":37,"enemies":"Slime Boss","floor":16,"turns":9},{"damage":38,"enemies":"3 Byrds","floor":18,"turns":4},{"damage":31,"enemies":"Shell Parasite","floor":21,"turns":3}],"seed_played":"-6545943953211598068","potions_obtained":[{"floor":4.0,"key":"Strength Potion"},{"floor":5.0,"key":"Explosive Potion"},{"floor":6.0,"key":"Explosive Potion"},{"floor":11.0,"key":"Weak Potion"},{"floor":13.0,"key":"SkillPotion"},{"floor":16,"key":"Regen Potion"}],"is_trial":false,"path_per_floor":["M","M","$","M","?","E","R","M","T","R","M","T","M","$","R","B",null,"M","$","?","M"],"character_chosen":"DEFECT","items_purchased":["Hyperbeam","Frozen Egg 2","Lantern"],"campfire_rested":1,"item_purchase_floors":[3,14,14],"current_hp_per_floor":[63,56,56,56,56,17,17,8,8,29,22,22,15,15,15,3,54,16,16,16,0],"gold":60,"neow_bonus":"HUNDRED_GOLD","is_prod":false,"is_daily":false,"chose_seed":false,"campfire_upgraded":2,"win_rate":0,"timestamp":1564298803,"path_taken":["M","M","$","?","?","E","R","?","T","R","M","?","?","$","R","BOSS","M","$","?","M"],"build_version":"2019-07-17","purchased_purges":1,"victory":false,"max_hp_per_floor":[71,71,71,71,71,71,71,71,71,71,71,71,71,71,71,71,71,71,71,71,71],"card_choices":[{"not_picked":["Streamline","Barrage"],"picked":"Steam","floor":1.0},{"not_picked":["Go for the Eyes","Static Discharge"],"picked":"FTL","floor":2.0},{"not_picked":["Recycle","Conserve Battery"],"picked":"Capacitor","floor":4.0},{"not_picked":["Heatsinks","Barrage"],"picked":"Sweeping Beam","floor":6.0},{"not_picked":["Gash","Hologram"],"picked":"White Noise","floor":8.0},{"not_picked":["Leap","Steam"],"picked":"Core Surge","floor":11.0},{"not_picked":["Double Energy","Coolheaded"],"picked":"Ball Lightning","floor":13.0},{"not_picked":["Rainbow","Multi-Cast"],"picked":"Core Surge","floor":16},{"not_picked":["Fusion","Conserve Battery"],"picked":"Cold Snap","floor":18}],"player_experience":1848150,"relics_obtained":[{"floor":6.0,"key":"Old Coin"},{"floor":9.0,"key":"Sundial"},{"floor":12.0,"key":"Pantograph"}],"event_choices":[{"damage_healed":0.0,"max_hp_gain":0.0,"max_hp_loss":0.0,"gold_gain":0.0,"event_name":"The Woman in Blue","player_choice":"Bought 3 Potions","floor":5.0,"gold_loss":0.0,"damage_taken":0.0}],"is_beta":false,"boss_relics":[{"not_picked":["FrozenCore","Busted Crown"],"picked":"Coffee Dripper"}],"items_purged_floors":[19],"is_endless":false,"potions_floor_spawned":[4,6,11,13,16],"killed_by":"Shell Parasite","ascension_level":20}