{"gold_per_floor":[20,36,311,322,322,356,356,281,328,328,403,444,444,459,459,459],"floor_reached":16,"playtime":400,"items_purged":["Regret"],"score":216,"play_id":"e87e69fe-88a4-4406-8615-42497376c734","local_time":"20190825193931","is_ascension_mode":true,"campfire_choices":[{"data":"Combust","floor":7,"key":"SMITH"},{"floor":10,"key":"REST"},{"floor":13,"key":"REST"},{"floor":15,"key":"REST"}],"neow_cost":"NO_GOLD","seed_source_timestamp":33595702945419,"circlet_count":0,"master_deck":["AscendersBane","Strike_R","Strike_R","Strike_R","Strike_R","Strike_R+1","Defend_R","Defend_R","Defend_R","Defend_R","Bash","Dropkick","Heavy Blade+1","Combust+1","Impervious","Twin Strike"],"relics":["Burning Blood","Ice Cream","Golden Idol","Omamori","Boot","Whetstone"],"potions_floor_usage":[12,12],"damage_taken":[{"damage":4,"enemies":"Small Slimes","floor":1,"turns":5},{"damage":1,"enemies":"Cultist","floor":2,"turns":3},{"damage":5,"enemies":"2 Louse","floor":4,"turns":4},{"damage":38,"enemies":"Gremlin Nob","floor":6,"turns":4},{"damage":26,"enemies":"3 Sentries","floor":12,"turns":7},{"damage":21,"enemies":"Large Slime","floor":14,"turns":6},{"damage":42,"enemies":"Slime Boss","floor":16,"turns":8}],"seed_played":"7346994006841980285","potions_obtained":[{"floor":1,"key":"PowerPotion"},{"floor":2,"key":"BloodPotion"},{"floor":4,"key":"Block Potion"}],"is_trial":false,"path_per_floor":["M","M","?","M","?","E","R","$","T","R","?","E","R","M","R","B"],"character_chosen":"IRONCLAD","items_purchased":[],"campfire_rested":3,"item_purchase_floors":[],"current_hp_per_floor":[70,75,75,75,49,17,17,17,17,39,28,8,30,15,37,0],"gold":459,"neow_bonus":"ONE_RARE_RELIC","is_prod":false,"is_daily":false,"chose_seed":false,"campfire_upgraded":1,"win_rate":0,"timestamp":1566754771,"path_taken":["M","M","?","?","?","E","R","$","T","R","?","E","R","M","R","BOSS"],"build_version":"2019-07-17","purchased_purges":1,"victory":false,"max_hp_per_floor":[75,75,75,75,75,75,75,75,75,75,75,75,75,75,75,75],"card_choices":[{"not_picked":["Corruption","Havoc"],"picked":"Dropkick","floor":1},{"not_picked":["Corruption","Flex"],"picked":"Heavy Blade","floor":2},{"not_picked":["True Grit","Flex"],"picked":"Combust","floor":4},{"not_picked":["Shrug It Off","Cleave"],"picked":"Impervious","floor":6},{"not_picked":["Iron Wave","Burning Pact"],"picked":"Twin Strike","floor":12},{"not_picked":["Burning Pact","Headbutt","Thunderclap"],"picked":"SKIP","floor":14}],"player_experience":1966250,"relics_obtained":[{"floor":6,"key":"Omamori"},{"floor":9,"key":"Boot"},{"floor":12,"key":"Whetstone"}],"event_choices":[{"damage_healed":0,"gold_gain":275,"player_choice":"Desecrate","damage_taken":0,"max_hp_gain":0,"max_hp_loss":0,"event_name":"Golden Shrine","floor":3,"gold_loss":0,"cards_obtained":["Regret"]},{"damage_healed":0,"gold_gain":0,"player_choice":"Take Damage","damage_taken":26,"relics_obtained":["Golden Idol"],"max_hp_gain":0,"max_hp_loss":0,"event_name":"Golden Idol","floor":5,"gold_loss":0},{"damage_healed":0,"gold_gain":75,"player_choice":"Gather Gold","damage_taken":11,"max_hp_gain":0,"max_hp_loss":0,"event_name":"World of Goop","floor":11,"gold_loss":0}],"is_beta":false,"boss_relics":[],"items_purged_floors":[8],"is_endless":false,"potions_floor_spawned":[1,2,4],"killed_by":"Slime Boss","ascension_level":20}