{"gold_per_floor":[113,1,1,19,19,19,47,47,72,72,72,31,31,64,64,136,136,136,136,136,136,136,136,136,136,136,136,136,136],"floor_reached":29,"playtime":1043,"items_purged":[],"score":594,"play_id":"94592a7d-ff4c-4eeb-998f-619f0dc99d6c","local_time":"20190323191544","is_ascension_mode":true,"campfire_choices":[{"floor":6.0,"key":"REST"},{"data":"Footwork","floor":8.0,"key":"SMITH"},{"data":"Neutralize","floor":11.0,"key":"SMITH"},{"data":"Dagger Spray","floor":15,"key":"SMITH"},{"floor":23,"key":"REST"},{"data":"A Thousand Cuts","floor":27,"key":"SMITH"}],"neow_cost":"NONE","seed_source_timestamp":7241455463632,"circlet_count":0,"master_deck":["AscendersBane","Survivor","Neutralize+1","Blur","Well Laid Plans","All Out Attack","Bane+1","Slice+1","Deflect","Dodge and Roll","Bullet Time+1","Footwork+1","Heel Hook","Backflip","Dagger Spray+1","Endless Agony","Quick Slash","Masterful Stab","Skewer+1","A Thousand Cuts+1","Caltrops","Escape Plan","RitualDagger","Deflect"],"special_seed":0,"relics":["Pandora\u0027s Box","Centennial Puzzle","Orichalcum","Boot","Ectoplasm","Ginger","Juzu Bracelet"],"potions_floor_usage":[16,24],"damage_taken":[{"damage":14.0,"enemies":"Small Slimes","floor":1.0,"turns":4.0},{"damage":3.0,"enemies":"Jaw Worm","floor":4.0,"turns":3.0},{"damage":5.0,"enemies":"Lagavulin","floor":7.0,"turns":8.0},{"damage":5,"enemies":"3 Sentries","floor":14,"turns":5},{"damage":0,"enemies":"Hexaghost","floor":16,"turns":9},{"damage":7,"enemies":"Chosen","floor":18,"turns":5},{"damage":12,"enemies":"3 Byrds","floor":20,"turns":3},{"damage":24,"enemies":"Shelled Parasite and Fungi","floor":21,"turns":4},{"damage":0,"enemies":"3 Cultists","floor":24,"turns":4},{"damage":10,"enemies":"Book of Stabbing","floor":28,"turns":4},{"damage":17,"enemies":"Snake Plant","floor":29,"turns":1}],"seed_played":"-3412103379938705281","potions_obtained":[{"floor":1.0,"key":"LiquidBronze"},{"floor":16,"key":"Swift Potion"},{"floor":20,"key":"Poison Potion"},{"floor":21,"key":"FearPotion"},{"floor":24,"key":"Energy Potion"}],"is_trial":false,"path_per_floor":["M","$","?","M","?","R","E","R","T","?","R","$","?","E","R","B",null,"M","$","M","M","?","R","M","?","T","R","E","M"],"character_chosen":"THE_SILENT","items_purchased":["Dagger Spray","Endless Agony","Skewer"],"campfire_rested":2,"item_purchase_floors":[2,2,12],"current_hp_per_floor":[45,45,25,22,22,41,36,36,36,36,36,36,36,31,31,31,57,50,50,38,14,14,33,33,27,27,27,17,0],"gold":136,"neow_bonus":"BOSS_RELIC","is_prod":false,"is_daily":false,"chose_seed":false,"campfire_upgraded":4,"win_rate":0,"timestamp":1553364944,"path_taken":["M","$","?","M","?","R","E","R","T","?","R","$","?","E","R","BOSS","M","$","M","?","?","R","M","?","T","R","E","M"],"build_version":"2019-01-23","purchased_purges":0,"victory":false,"max_hp_per_floor":[66,66,66,66,66,66,66,66,66,66,66,66,66,66,66,66,66,66,66,66,66,66,66,66,66,66,66,66,66],"card_choices":[{"not_picked":["PiercingWail","Accuracy"],"picked":"Backflip","floor":1.0},{"not_picked":["Acrobatics","Sucker Punch"],"picked":"Quick Slash","floor":4.0},{"not_picked":["Backflip","Prepared"],"picked":"Masterful Stab","floor":7.0},{"not_picked":["Dagger Throw","Dagger Spray","Skewer"],"picked":"SKIP","floor":14},{"not_picked":["Wraith Form v2","Burst"],"picked":"A Thousand Cuts","floor":16},{"not_picked":["Dagger Throw","Leg Sweep","Prepared"],"picked":"SKIP","floor":18},{"not_picked":["Deflect","Underhanded Strike"],"picked":"Caltrops","floor":20},{"not_picked":["Distraction","Endless Agony"],"picked":"Escape Plan","floor":21},{"not_picked":["Accuracy","Dagger Spray","Predator"],"picked":"SKIP","floor":24},{"not_picked":["Acrobatics","Sucker Punch"],"picked":"Deflect","floor":28}],"player_experience":1464828,"relics_obtained":[{"floor":7.0,"key":"Centennial Puzzle"},{"floor":9.0,"key":"Orichalcum"},{"floor":14,"key":"Boot"},{"floor":26,"key":"Ginger"},{"floor":28,"key":"Juzu Bracelet"}],"event_choices":[{"damage_healed":0.0,"max_hp_gain":0.0,"max_hp_loss":0.0,"gold_gain":0.0,"event_name":"Shining Light","player_choice":"Entered Light","floor":3.0,"gold_loss":0.0,"damage_taken":20.0,"cards_upgraded":["Bane","Slice"]},{"damage_healed":0.0,"max_hp_gain":0.0,"max_hp_loss":0.0,"gold_gain":0.0,"event_name":"Liars Game","player_choice":"Ignored","floor":5.0,"gold_loss":0.0,"damage_taken":0.0},{"damage_healed":0.0,"max_hp_gain":0.0,"max_hp_loss":0.0,"gold_gain":0.0,"event_name":"Living Wall","player_choice":"Grow","floor":10.0,"gold_loss":0.0,"damage_taken":0.0,"cards_upgraded":["Bullet Time"]},{"damage_healed":0.0,"max_hp_gain":0.0,"max_hp_loss":0.0,"gold_gain":0.0,"event_name":"Accursed Blacksmith","player_choice":"Forge","floor":13.0,"gold_loss":0.0,"damage_taken":0.0,"cards_upgraded":["Skewer"]},{"damage_healed":0,"gold_gain":0,"player_choice":"Ignored","damage_taken":0,"max_hp_gain":0,"max_hp_loss":0,"event_name":"Cursed Tome","floor":22,"gold_loss":0},{"damage_healed":0,"gold_gain":0,"player_choice":"Joined the Cult","damage_taken":6,"max_hp_gain":0,"max_hp_loss":0,"event_name":"Nest","floor":25,"gold_loss":0,"cards_obtained":["RitualDagger"]}],"is_beta":false,"boss_relics":[{"not_picked":["Velvet Choker","White Beast Statue"],"picked":"Ectoplasm"}],"items_purged_floors":[],"is_endless":false,"potions_floor_spawned":[1,16,20,21,24],"killed_by":"Snake Plant","ascension_level":20}