{"gold_per_floor":[119,134,150,164,177,177,507,507,533,548,548,575,575,604,604,679,679,696,445,445,465,465,465,492,492,517,550,550,550,550,550,550,628,628,647,657,369,369,384,384,410,410,433,465,478,489,219,237,237,237],"floor_reached":51,"playtime":4105,"items_purged":[],"score":1309,"play_id":"ff3c9487-bc4c-463d-9a0e-450f477aa890","local_time":"20180921020840","is_ascension_mode":true,"campfire_choices":[{"data":"Chill","floor":6,"key":"SMITH"},{"data":"Zap","floor":8,"key":"SMITH"},{"data":"Streamline","floor":11,"key":"SMITH"},{"floor":15,"key":"REST"},{"data":"Defragment","floor":23,"key":"SMITH"},{"data":"Seek","floor":25,"key":"SMITH"},{"data":"Darkness","floor":28,"key":"SMITH"},{"floor":30,"key":"REST"},{"data":"Dualcast","floor":32,"key":"SMITH"},{"data":"Fission","floor":40,"key":"SMITH"},{"data":"All For One","floor":49,"key":"SMITH"}],"neow_cost":"NONE","seed_source_timestamp":62675423389280,"circlet_count":0,"master_deck":["Strike_B","Strike_B","Strike_B","Strike_B","Defend_B","Defend_B","Defend_B","Zap+1","Dualcast+1","AscendersBane","Seek+1","Rip and Tear+1","BootSequence","Gash","Compile Driver","Chill+1","Darkness+1","Streamline+1","Defragment+1","Gash","All For One+1","Gash","Gash","Go for the Eyes+1","Scrape+1","All For One+1","Fission+1","Gash","Self Repair+1","Seek+1","Go for the Eyes+1","White Noise+1"],"relics":["Cracked Core","Old Coin","Strawberry","PreservedInsect","Centennial Puzzle","Inserter","Cables","Ornamental Fan","Dream Catcher","Bag of Preparation","Bottled Flame","Black Star","DollysMirror","Incense Burner","Oddly Smooth Stone","Whetstone","DataDisk","Gambling Chip","Mango","Runic Capacitor"],"potions_floor_usage":[12,12,21,27,33,50],"damage_taken":[{"damage":1,"enemies":"2 Louse","floor":1,"turns":3},{"damage":7,"enemies":"Jaw Worm","floor":2,"turns":3},{"damage":1,"enemies":"Cultist","floor":3,"turns":3},{"damage":5,"enemies":"2 Fungi Beasts","floor":4,"turns":3},{"damage":5,"enemies":"3 Louse","floor":5,"turns":3},{"damage":13,"enemies":"3 Sentries","floor":7,"turns":8},{"damage":0,"enemies":"Large Slime","floor":10,"turns":4},{"damage":21,"enemies":"Lagavulin","floor":12,"turns":5},{"damage":1,"enemies":"3 Sentries","floor":14,"turns":6},{"damage":33,"enemies":"Hexaghost","floor":16,"turns":7},{"damage":0,"enemies":"Chosen","floor":18,"turns":3},{"damage":1,"enemies":"Shell Parasite","floor":21,"turns":3},{"damage":21,"enemies":"Gremlin Leader","floor":24,"turns":4},{"damage":11,"enemies":"Book of Stabbing","floor":27,"turns":3},{"damage":5,"enemies":"Champ","floor":33,"turns":8},{"damage":0,"enemies":"3 Shapes","floor":35,"turns":3},{"damage":0,"enemies":"3 Darklings","floor":36,"turns":3},{"damage":5,"enemies":"4 Shapes","floor":39,"turns":6},{"damage":5,"enemies":"2 Orb Walkers","floor":41,"turns":2},{"damage":0,"enemies":"Nemesis","floor":44,"turns":5},{"damage":0,"enemies":"Spire Growth","floor":45,"turns":2},{"damage":0,"enemies":"Jaw Worm Horde","floor":46,"turns":1},{"damage":0,"enemies":"4 Shapes","floor":48,"turns":1},{"damage":36,"enemies":"Time Eater","floor":50,"turns":8}],"seed_played":"3373184416583286802","potions_obtained":[{"floor":1,"key":"SteroidPotion"},{"floor":3,"key":"SteroidPotion"},{"floor":12,"key":"Block Potion"},{"floor":21,"key":"LiquidBronze"},{"floor":27,"key":"Strength Potion"},{"floor":36,"key":"SpeedPotion"}],"is_trial":false,"path_per_floor":["M","M","M","M","M","R","E","R","T","M","R","E","?","E","R","B",null,"M","$","?","M","?","R","E","R","T","E","R","?","R","T","R","B",null,"M","M","$","?","M","R","E","?","T","E","M","M","$","M","R","B"],"character_chosen":"DEFECT","items_purchased":["Cables","DollysMirror","FairyPotion","Runic Capacitor","FocusPotion"],"campfire_rested":2,"item_purchase_floors":[19,37,37,47,47],"current_hp_per_floor":[67,60,59,54,49,49,36,36,43,43,43,22,22,21,45,12,65,65,65,65,64,64,64,43,43,43,32,32,32,56,56,56,51,74,74,74,74,74,79,79,82,82,82,96,96,96,96,96,96,70],"gold":237,"neow_bonus":"ONE_RANDOM_RARE_CARD","is_prod":false,"is_daily":false,"chose_seed":false,"campfire_upgraded":9,"win_rate":0,"timestamp":1537488520,"path_taken":["M","M","M","M","M","R","E","R","T","M","R","E","?","E","R","BOSS","M","$","?","M","?","R","E","R","T","E","R","?","R","?","R","BOSS","M","M","?","?","M","R","E","?","T","E","M","?","$","M","R","BOSS"],"build_version":"2018-09-20","purchased_purges":0,"victory":true,"max_hp_per_floor":[75,75,75,75,75,75,75,75,82,82,82,82,82,82,82,82,82,82,82,82,82,82,82,82,82,82,82,82,82,82,82,82,82,82,82,82,82,82,82,82,82,82,82,96,96,96,96,96,96,96],"card_choices":[{"not_picked":["Coolheaded","Turbo"],"picked":"Rip and Tear","floor":1},{"not_picked":["Beam Cell","Stack"],"picked":"BootSequence","floor":2},{"not_picked":["Hologram","All For One"],"picked":"Gash","floor":3},{"not_picked":["Auto Shields","Stack"],"picked":"Compile Driver","floor":4},{"not_picked":["Chaos","Aggregate"],"picked":"Chill","floor":5},{"not_picked":["Auto Shields","Force Field"],"picked":"Darkness","floor":7},{"not_picked":["Beam Cell","Sweeping Beam"],"picked":"Streamline","floor":10},{"not_picked":["Coolheaded","Machine Learning"],"picked":"Defragment","floor":12},{"not_picked":["Streamline","Ball Lightning"],"picked":"Gash","floor":14},{"not_picked":["Multi-Cast","Thunder Strike"],"picked":"All For One","floor":16},{"not_picked":["Recycle+1","Heatsinks"],"picked":"Gash","floor":18},{"not_picked":["Go for the Eyes","Rebound","Sweeping Beam"],"picked":"SKIP","floor":21},{"not_picked":["Auto Shields","Rebound+1"],"picked":"Go for the Eyes+1","floor":24},{"not_picked":["Conserve Battery","Electrodynamics"],"picked":"Scrape+1","floor":27},{"not_picked":["Thunder Strike","Seek"],"picked":"Fission","floor":33},{"not_picked":["Hologram","Streamline"],"picked":"Gash","floor":35},{"not_picked":["Coolheaded+1","Steam"],"picked":"Self Repair+1","floor":36},{"not_picked":["Go for the Eyes","Streamline","Sweeping Beam"],"picked":"SKIP","floor":39},{"not_picked":["Blizzard","Lockon","Coolheaded"],"picked":"SKIP","floor":41},{"not_picked":["Reinforced Body","Rebound+1","Force Field"],"picked":"SKIP","floor":44},{"not_picked":["Stack","Sunder"],"picked":"Go for the Eyes+1","floor":45},{"not_picked":["Steam","Coolheaded","Compile Driver"],"picked":"SKIP","floor":46},{"not_picked":["Glacier","Rebound"],"picked":"White Noise+1","floor":48}],"player_experience":465915,"relics_obtained":[{"floor":7,"key":"Old Coin"},{"floor":9,"key":"Strawberry"},{"floor":12,"key":"PreservedInsect"},{"floor":14,"key":"Centennial Puzzle"},{"floor":24,"key":"Ornamental Fan"},{"floor":26,"key":"Dream Catcher"},{"floor":27,"key":"Bag of Preparation"},{"floor":31,"key":"Bottled Flame"},{"floor":38,"key":"Incense Burner"},{"floor":41,"key":"Oddly Smooth Stone"},{"floor":41,"key":"Whetstone"},{"floor":43,"key":"DataDisk"},{"floor":44,"key":"Gambling Chip"},{"floor":44,"key":"Mango"}],"event_choices":[{"event_name":"Liars Game","player_choice":"disagreed","floor":13,"damage_taken":0},{"event_name":"Vampires","player_choice":"Ignored","floor":20,"damage_taken":0},{"event_name":"The Library","player_choice":"Read","floor":22,"damage_taken":0},{"event_name":"Duplicator","player_choice":"One dupe","floor":29,"damage_taken":0},{"event_name":"Wheel of Change","player_choice":"Relic","floor":38,"damage_taken":0},{"event_name":"Purifier","player_choice":"One Purge","floor":42,"damage_taken":0}],"is_beta":true,"boss_relics":[{"not_picked":["Snecko Eye","Lizard Tail"],"picked":"Inserter"},{"not_picked":["Calling Bell","Coffee Dripper"],"picked":"Black Star"}],"items_purged_floors":[],"is_endless":false,"potions_floor_spawned":[1,3,7,12,21,27,36,44,46],"ascension_level":13}