{"gold_per_floor":[112,37,37,51,64,64,91,91,115,148,148,64,64,78,78,78],"floor_reached":16,"playtime":442,"items_purged":["Pain"],"score":216,"play_id":"dde821d3-2b83-4d3b-8ffd-549c1c38e3f1","local_time":"20190329102051","is_ascension_mode":true,"campfire_choices":[{"data":"Bludgeon","floor":6,"key":"SMITH"},{"data":"Bash","floor":8,"key":"SMITH"},{"data":"Disarm","floor":15,"key":"SMITH"}],"neow_cost":"CURSE","seed_source_timestamp":8292481692576,"circlet_count":0,"master_deck":["AscendersBane","Strike_R+1","Strike_R","Strike_R","Strike_R","Defend_R","Defend_R","Defend_R","Defend_R","Bash+1","Bludgeon+1","True Grit+1","Spot Weakness","Flame Barrier","Reaper","Disarm+1","Flame Barrier"],"relics":["Burning Blood","Odd Mushroom","Strawberry","Sundial"],"potions_floor_usage":[7,13],"damage_taken":[{"damage":11,"enemies":"2 Louse","floor":1,"turns":5},{"damage":0,"enemies":"Cultist","floor":4,"turns":2},{"damage":4,"enemies":"Jaw Worm","floor":5,"turns":4},{"damage":17,"enemies":"The Mushroom Lair","floor":7,"turns":5},{"damage":31,"enemies":"3 Sentries","floor":10,"turns":9},{"damage":14,"enemies":"Lagavulin","floor":13,"turns":6},{"damage":11,"enemies":"Large Slime","floor":14,"turns":4},{"damage":22,"enemies":"Hexaghost","floor":16,"turns":11}],"seed_played":"6245408535348488852","potions_obtained":[{"floor":1,"key":"Weak Potion"},{"floor":4,"key":"Strength Potion"},{"floor":7,"key":"SmokeBomb"}],"is_trial":false,"path_per_floor":["M","$","?","M","M","R","?","R","T","E","?","$","E","M","R","B"],"character_chosen":"IRONCLAD","items_purchased":["Disarm"],"campfire_rested":0,"item_purchase_floors":[12],"current_hp_per_floor":[63,63,63,69,71,71,60,60,67,42,17,17,16,11,11,0],"gold":78,"neow_bonus":"THREE_RARE_CARDS","is_prod":false,"is_daily":false,"chose_seed":false,"campfire_upgraded":3,"win_rate":0,"timestamp":1553851251,"path_taken":["M","$","?","M","?","R","?","R","T","E","?","$","E","M","R","BOSS"],"build_version":"2019-01-23","purchased_purges":1,"victory":false,"max_hp_per_floor":[75,75,75,75,75,75,75,75,82,82,82,82,82,82,82,82],"card_choices":[{"not_picked":["Barricade","Dark Embrace"],"picked":"Bludgeon","floor":0},{"not_picked":["Searing Blow","Rupture"],"picked":"True Grit","floor":1},{"not_picked":["Wild Strike","Rage","True Grit"],"picked":"SKIP","floor":4},{"not_picked":["Clash","Second Wind"],"picked":"Spot Weakness","floor":5},{"not_picked":["Wild Strike","Heavy Blade"],"picked":"Flame Barrier","floor":7},{"not_picked":["Berserk","Body Slam"],"picked":"Reaper","floor":10},{"not_picked":["Ghostly Armor","Sever Soul"],"picked":"Flame Barrier","floor":14}],"player_experience":1496976,"relics_obtained":[{"floor":7,"key":"Odd Mushroom"},{"floor":9,"key":"Strawberry"},{"floor":10,"key":"Sundial"}],"event_choices":[{"cards_removed":["Strike_R"],"damage_healed":0,"gold_gain":0,"player_choice":"Purged","damage_taken":0,"max_hp_gain":0,"max_hp_loss":0,"event_name":"Purifier","floor":3,"gold_loss":0},{"damage_healed":0,"gold_gain":0,"player_choice":"Fought Mushrooms","damage_taken":0,"max_hp_gain":0,"max_hp_loss":0,"event_name":"Mushrooms","floor":7,"gold_loss":0},{"damage_healed":0,"gold_gain":0,"player_choice":"Entered Light","damage_taken":25,"max_hp_gain":0,"max_hp_loss":0,"event_name":"Shining Light","floor":11,"gold_loss":0,"cards_upgraded":["True Grit","Strike_R"]}],"is_beta":false,"boss_relics":[],"items_purged_floors":[2],"is_endless":false,"potions_floor_spawned":[1,4,7],"killed_by":"Hexaghost","ascension_level":20}