{"gold_per_floor":[366,37,37,49,69,69,69,104,131,131],"floor_reached":10,"playtime":288,"items_purged":[],"score":132,"play_id":"d5360a4d-e333-4cd0-b275-313d5db2f640","local_time":"20190726084010","is_ascension_mode":true,"campfire_choices":[{"data":"Bash","floor":6.0,"key":"SMITH"}],"neow_cost":"PERCENT_DAMAGE","seed_source_timestamp":0,"circlet_count":0,"master_deck":["AscendersBane","Strike_R","Strike_R","Strike_R","Strike_R","Strike_R","Defend_R","Defend_R","Defend_R","Defend_R","Bash+1","Uppercut","Pommel Strike","Armaments"],"special_seed":0,"relics":["Burning Blood","Incense Burner","Potion Belt","Gremlin Horn","Bag of Marbles"],"potions_floor_usage":[],"damage_taken":[{"damage":14.0,"enemies":"2 Louse","floor":1.0,"turns":3.0},{"damage":1.0,"enemies":"Cultist","floor":4.0,"turns":3.0},{"damage":7.0,"enemies":"Jaw Worm","floor":5.0,"turns":3.0},{"damage":41,"enemies":"3 Sentries","floor":8,"turns":11},{"damage":15,"enemies":"Lagavulin","floor":10,"turns":2}],"seed_played":"-1623983208305571382","potions_obtained":[{"floor":8,"key":"Ancient Potion"}],"is_trial":false,"path_per_floor":["M","$","?","M","M","R","?","E","T","E"],"character_chosen":"IRONCLAD","items_purchased":["Incense Burner"],"campfire_rested":0,"item_purchase_floors":[2],"current_hp_per_floor":[42,42,42,47,46,46,46,11,11,0],"gold":131,"neow_bonus":"TWO_FIFTY_GOLD","is_prod":false,"is_daily":false,"chose_seed":false,"campfire_upgraded":1,"win_rate":0,"timestamp":1564123210,"path_taken":["M","$","?","M","?","R","?","E","T","E"],"build_version":"2019-07-17","purchased_purges":0,"victory":false,"max_hp_per_floor":[75,75,75,75,75,75,75,75,75,75],"card_choices":[{"not_picked":["Shrug It Off","Burning Pact"],"picked":"Whirlwind","floor":1.0},{"not_picked":["Dual Wield","Heavy Blade"],"picked":"Uppercut","floor":4.0},{"not_picked":["Bloodletting","Perfected Strike"],"picked":"Pommel Strike","floor":5.0},{"not_picked":["Clash","Perfected Strike"],"picked":"Armaments","floor":8}],"player_experience":1847349,"relics_obtained":[{"floor":8,"key":"Gremlin Horn"},{"floor":9,"key":"Bag of Marbles"}],"event_choices":[{"cards_removed":["Whirlwind"],"damage_healed":0.0,"max_hp_gain":0.0,"max_hp_loss":0.0,"gold_gain":0.0,"event_name":"WeMeetAgain","player_choice":"Gave Card","floor":3.0,"gold_loss":0.0,"damage_taken":0.0,"relics_obtained":["Potion Belt"]},{"damage_healed":0.0,"max_hp_gain":0.0,"max_hp_loss":0.0,"gold_gain":0.0,"event_name":"Liars Game","player_choice":"Ignored","floor":7.0,"gold_loss":0.0,"damage_taken":0.0}],"is_beta":false,"boss_relics":[],"items_purged_floors":[],"is_endless":false,"potions_floor_spawned":[8],"killed_by":"Lagavulin","ascension_level":20}