{"gold_per_floor":[110,126,126,5,5,5,44,44,44,83,83,101,101,125,125,125],"floor_reached":16,"playtime":419,"items_purged":[],"score":216,"play_id":"5310de2a-3536-4801-aead-26cfa95d1a7a","local_time":"20190221142353","is_ascension_mode":true,"campfire_choices":[{"floor":8,"key":"REST"},{"floor":11,"key":"REST"},{"data":"Defragment","floor":13,"key":"SMITH"},{"floor":15,"key":"REST"}],"neow_cost":"NONE","seed_source_timestamp":17464106526596,"circlet_count":0,"master_deck":["AscendersBane","Strike_B","Strike_B","Strike_B","Strike_B","Defend_B","Defend_B","Defend_B","Defend_B","Zap","Dualcast","Thunder Strike","Compile Driver","Steam","Defragment+1","Doom and Gloom","Sunder","Cold Snap","Rip and Tear","Auto Shields"],"relics":["Cracked Core","Golden Idol","Calipers","Darkstone Periapt","Bag of Marbles"],"potions_floor_usage":[16],"damage_taken":[{"damage":7,"enemies":"Jaw Worm","floor":1,"turns":4},{"damage":4,"enemies":"2 Louse","floor":2,"turns":3},{"damage":43,"enemies":"Lagavulin","floor":7,"turns":8},{"damage":20,"enemies":"3 Sentries","floor":10,"turns":6},{"damage":0,"enemies":"Cultist","floor":12,"turns":2},{"damage":12,"enemies":"Large Slime","floor":14,"turns":4},{"damage":37,"enemies":"Slime Boss","floor":16,"turns":6}],"seed_played":"8993617080244100115","potions_obtained":[{"floor":7,"key":"LiquidBronze"},{"floor":12,"key":"Dexterity Potion"}],"is_trial":false,"path_per_floor":["M","M","?","$","?","$","E","R","T","E","R","M","R","M","R","B"],"character_chosen":"DEFECT","items_purchased":["Defragment","Doom and Gloom"],"campfire_rested":3,"item_purchase_floors":[4,4],"current_hp_per_floor":[57,53,53,53,53,53,10,29,29,9,28,28,28,16,35,0],"gold":125,"neow_bonus":"ONE_RANDOM_RARE_CARD","is_prod":false,"is_daily":false,"chose_seed":false,"campfire_upgraded":1,"win_rate":0,"timestamp":1550755433,"path_taken":["M","M","?","$","?","?","E","R","T","E","R","M","R","M","R","BOSS"],"build_version":"2019-01-23","purchased_purges":0,"victory":false,"max_hp_per_floor":[71,71,64,64,64,64,64,64,64,64,64,64,64,64,64,64],"card_choices":[{"not_picked":["Coolheaded","Blizzard"],"picked":"Compile Driver","floor":1},{"not_picked":["Beam Cell","Streamline"],"picked":"Steam","floor":2},{"not_picked":["Cold Snap","Hello World"],"picked":"Sunder","floor":7},{"not_picked":["Meteor Strike","Undo"],"picked":"Cold Snap","floor":10},{"not_picked":["Hologram","Recycle"],"picked":"Rip and Tear","floor":12},{"not_picked":["Double Energy","Fusion"],"picked":"Auto Shields","floor":14}],"player_experience":1323702,"relics_obtained":[{"floor":7,"key":"Calipers"},{"floor":9,"key":"Darkstone Periapt"},{"floor":10,"key":"Bag of Marbles"}],"event_choices":[{"damage_healed":0,"gold_gain":0,"player_choice":"Lose Max HP","damage_taken":0,"relics_obtained":["Golden Idol"],"max_hp_gain":0,"max_hp_loss":7,"event_name":"Golden Idol","floor":3,"gold_loss":0},{"damage_healed":0,"gold_gain":0,"player_choice":"Leave","damage_taken":0,"max_hp_gain":0,"max_hp_loss":0,"event_name":"The Cleric","floor":5,"gold_loss":0}],"is_beta":false,"boss_relics":[],"items_purged_floors":[],"is_endless":false,"potions_floor_spawned":[7,12,14],"killed_by":"Slime Boss","ascension_level":20}