{"path_per_floor":["M","?","?","M","$","R","M","M","T","E","$","M","R","M","R","B",null,"M","?","M","M","?","R","E","M","T","R","$","?","R","E","R","B",null,"M","$","M","?","M","R","M","E","T","R","M","E","?","M","R"],"character_chosen":"DEFECT","items_purchased":["Conserve Battery","Aggregate","Self Repair","Defragment","Electrodynamics","Reinforced Body","War Paint"],"gold_per_floor":[113,113,113,134,11,11,30,55,55,98,31,54,54,69,69,198,198,217,217,230,248,248,248,292,306,306,306,66,66,66,107,107,238,238,252,64,89,89,108,108,133,164,215,215,238,279,279,300,300,300],"floor_reached":50,"campfire_rested":2,"playtime":3047,"item_purchase_floors":[5,11,28,28,28,36,36],"current_hp_per_floor":[72,77,57,57,57,57,57,57,57,50,50,46,46,43,43,35,90,89,73,74,67,67,67,65,41,41,68,68,68,68,61,61,30,90,90,90,87,87,90,90,77,85,85,85,79,19,19,33,60,0],"items_purged":["Pain"],"gold":300,"score":592,"play_id":"3adf896f-9140-4a6c-958d-a2e712bf1f6b","local_time":"20180621093933","is_prod":false,"is_daily":false,"chose_seed":false,"is_ascension_mode":false,"campfire_upgraded":8,"win_rate":0,"timestamp":1529566773,"campfire_choices":[{"data":"Zap","floor":6,"key":"SMITH"},{"data":"Defragment","floor":13,"key":"SMITH"},{"data":"Beam Cell","floor":15,"key":"SMITH"},{"data":"Echo Form","floor":23,"key":"SMITH"},{"floor":27,"key":"REST"},{"data":"Electrodynamics","floor":30,"key":"SMITH"},{"data":"Defragment","floor":32,"key":"SMITH"},{"data":"Double Energy","floor":40,"key":"SMITH"},{"data":"Aggregate","floor":44,"key":"SMITH"},{"floor":49,"key":"REST"}],"path_taken":["M","?","?","?","$","R","M","M","T","E","?","M","R","M","R","BOSS","M","?","M","M","?","R","E","M","T","R","$","?","R","E","R","BOSS","M","$","M","?","M","R","M","E","T","R","M","E","?","M","R","BOSS"],"build_version":"2018-06-20","seed_source_timestamp":2146781699494,"purchased_purges":1,"circlet_count":0,"victory":false,"master_deck":["Strike_B+1","Strike_B+1","Strike_B+1","Strike_B+1","Defend_B+1","Defend_B+1","Defend_B+1","Defend_B+1","Zap+1","Dualcast","Echo Form+1","FTL","Steam","Conserve Battery+1","Defragment+1","Beam Cell+1","Glacier+1","Aggregate+1","Sweeping Beam","Self Repair","Go for the Eyes","Force Field+1","Steam Power","Melter","Heatsinks","Self Repair","Defragment+1","Electrodynamics+1","Capacitor","Multi-Cast+1","Barrage+1","Reinforced Body","Heatsinks","Double Energy+1","Turbo+1","Machine Learning","Reinforced Body+1","Amplify","Barrage"],"max_hp_per_floor":[75,80,80,80,80,80,80,80,80,90,90,90,90,90,90,90,90,90,90,90,90,90,90,90,90,90,90,90,90,90,90,90,90,90,90,90,90,90,90,90,90,90,90,90,90,90,90,90,90,90],"relics":["Cracked Core","Golden Idol","Anchor","Pear","Nuclear Battery","Nilry\u0027s Codex","Toolbox","The Courier","Symbiotic Virus","Juzu Bracelet","Inserter","War Paint","Blood Vial","Lantern","DataDisk"],"card_choices":[{"not_picked":["Meteor Strike","Creative AI"],"picked":"Echo Form","floor":0},{"not_picked":["Barrage","Cold Snap"],"picked":"FTL","floor":1},{"not_picked":["Stack","Coolheaded"],"picked":"Steam","floor":4},{"not_picked":["Gash","Cold Snap"],"picked":"Defragment","floor":7},{"not_picked":["Buffer","Stack"],"picked":"Beam Cell","floor":8},{"not_picked":["Fusion","Darkness"],"picked":"Glacier","floor":10},{"not_picked":["Coolheaded","Turbo"],"picked":"Sweeping Beam","floor":12},{"not_picked":["Stack","Go for the Eyes"],"picked":"Self Repair","floor":14},{"not_picked":["Rainbow","Hyperbeam"],"picked":"Meteor Strike","floor":16},{"not_picked":["Cold Snap","Hologram"],"picked":"Go for the Eyes","floor":18},{"not_picked":["Chaos","Leap"],"picked":"Force Field+1","floor":20},{"not_picked":["Force Field","Sweeping Beam"],"picked":"Steam Power","floor":21},{"not_picked":["Cold Snap","Coolheaded"],"picked":"Melter","floor":24},{"not_picked":["Leap","Compile Driver+1"],"picked":"Heatsinks","floor":25},{"not_picked":["Turbo","FTL+1"],"picked":"Capacitor","floor":31},{"not_picked":["All For One","Buffer"],"picked":"Multi-Cast","floor":33},{"not_picked":["Gash+1","Redo"],"picked":"Barrage+1","floor":35},{"not_picked":["Capacitor","Sweeping Beam"],"picked":"Heatsinks","floor":37},{"not_picked":["Sweeping Beam+1","Turbo+1"],"picked":"Double Energy","floor":39},{"not_picked":["Force Field+1","Conserve Battery"],"picked":"Turbo+1","floor":41},{"not_picked":["Hologram+1","Compile Driver+1"],"picked":"Machine Learning","floor":42},{"not_picked":["Streamline+1","Redo+1"],"picked":"Reinforced Body+1","floor":45},{"not_picked":["Steam","Sweeping Beam"],"picked":"Amplify","floor":46},{"not_picked":["Streamline","Fusion"],"picked":"Barrage","floor":48}],"player_experience":362372,"potions_floor_usage":[10,16,18,20,24,31,33,45,46,48,48,50],"damage_taken":[{"damage":3,"enemies":"Jaw Worm","floor":1,"turns":3},{"damage":0,"enemies":"2 Louse","floor":4,"turns":1},{"damage":0,"enemies":"Small Slimes","floor":7,"turns":3},{"damage":0,"enemies":"Exordium Thugs","floor":8,"turns":4},{"damage":17,"enemies":"3 Sentries","floor":10,"turns":6},{"damage":4,"enemies":"Blue Slaver","floor":12,"turns":4},{"damage":3,"enemies":"Looter","floor":14,"turns":3},{"damage":15,"enemies":"Hexaghost","floor":16,"turns":8},{"damage":15,"enemies":"Chosen","floor":18,"turns":5},{"damage":6,"enemies":"3 Byrds","floor":20,"turns":6},{"damage":21,"enemies":"Sentry and Sphere","floor":21,"turns":7},{"damage":31,"enemies":"Slavers","floor":24,"turns":6},{"damage":38,"enemies":"Chosen and Byrds","floor":25,"turns":6},{"damage":14,"enemies":"Gremlin Leader","floor":31,"turns":7},{"damage":45,"enemies":"Automaton","floor":33,"turns":7},{"damage":0,"enemies":"3 Shapes","floor":35,"turns":2},{"damage":3,"enemies":"Orb Walker","floor":37,"turns":5},{"damage":6,"enemies":"Maw","floor":39,"turns":6},{"damage":20,"enemies":"Spire Growth","floor":41,"turns":5},{"damage":6,"enemies":"Giant Head","floor":42,"turns":6},{"damage":22,"enemies":"Transient","floor":45,"turns":5},{"damage":76,"enemies":"2 Orb Walkers","floor":46,"turns":5},{"damage":7,"enemies":"Sphere and 2 Shapes","floor":48,"turns":5},{"damage":62,"enemies":"Awakened One","floor":50,"turns":8}],"relics_obtained":[{"floor":9,"key":"Anchor"},{"floor":10,"key":"Pear"},{"floor":19,"key":"Nilry\u0027s Codex"},{"floor":24,"key":"Toolbox"},{"floor":26,"key":"The Courier"},{"floor":31,"key":"Juzu Bracelet"},{"floor":42,"key":"Blood Vial"},{"floor":43,"key":"Lantern"},{"floor":46,"key":"DataDisk"}],"event_choices":[{"event_name":"Big Fish","player_choice":"Donut","floor":2,"damage_taken":0},{"event_name":"Golden Idol","player_choice":"Take Damage","floor":3,"damage_taken":0},{"event_name":"Cursed Tome","player_choice":"Obtained Book","floor":19,"damage_taken":0},{"event_name":"Back to Basics","player_choice":"Simplicity","floor":22,"damage_taken":0},{"event_name":"The Mausoleum","player_choice":"Yes","floor":29,"damage_taken":0},{"event_name":"Upgrade Shrine","player_choice":"Upgraded","floor":38,"damage_taken":0},{"event_name":"Falling","player_choice":"Removed Attack","floor":47,"damage_taken":0}],"boss_relics":[{"not_picked":["Runic Dome","Astrolabe"],"picked":"Nuclear Battery"},{"not_picked":["Coffee Dripper","Empty Cage"],"picked":"Inserter"}],"items_purged_floors":[5],"is_endless":false,"potions_floor_spawned":[7,10,14,16,21,25,31,33,35,42,45,46],"seed_played":"4305607738702650916","killed_by":"Awakened One","ascension_level":0,"potions_obtained":[{"floor":7,"key":"SkillPotion"},{"floor":10,"key":"GamblersBrew"},{"floor":14,"key":"Weak Potion"},{"floor":16,"key":"AttackPotion"},{"floor":21,"key":"Regen Potion"},{"floor":25,"key":"Weak Potion"},{"floor":31,"key":"Weak Potion"},{"floor":33,"key":"Regen Potion"},{"floor":35,"key":"Fire Potion"},{"floor":42,"key":"LiquidBronze"},{"floor":45,"key":"FocusPotion"},{"floor":46,"key":"FocusPotion"}],"is_trial":false}