{"gold_per_floor":[117,192,192,208,208,240,240,272,314,25,25,59,59,75,75,150,150,167,196,196,196,216,216,141,173,227,254,271,286,318,318,318,395,395,415,415,415,425,440,471,471,498,522,556,382,401,401,413,413,413,413],"floor_reached":51,"playtime":2669,"items_purged":["Writhe","Pain"],"score":1668,"play_id":"b251973f-84d7-4b6b-8083-b88b618d1382","local_time":"20190412171412","is_ascension_mode":true,"campfire_choices":[{"floor":7.0,"key":"REST"},{"floor":13.0,"key":"REST"},{"data":"Poisoned Stab","floor":15.0,"key":"SMITH"},{"data":"Calculated Gamble","floor":23.0,"key":"SMITH"},{"floor":32.0,"key":"REST"},{"floor":41,"key":"RECALL"},{"floor":49,"key":"REST"}],"neow_cost":"NONE","seed_source_timestamp":0,"circlet_count":0,"master_deck":["AscendersBane","Defend_G","Defend_G","Defend_G","Defend_G","Defend_G","Survivor","Neutralize+1","Poisoned Stab+1","PiercingWail","Dash","Dagger Spray","Well Laid Plans","Quick Slash","Poisoned Stab+1","Die Die Die","Leg Sweep","Bite","Bite","Bite","Calculated Gamble+1","Parasite","Deflect","Dodge and Roll+1","Leg Sweep+1","Catalyst","Envenom","Cloak And Dagger","Impatience","Deadly Poison","Blade Dance","Distraction+1","Blade Dance+1","Acrobatics","Deflect","PiercingWail+1"],"special_seed":0,"relics":["Ring of the Snake","Kunai","MawBank","Tiny Chest","Bronze Scales","Happy Flower","Cursed Key","Red Mask","Bag of Marbles","Centennial Puzzle","Strawberry","Matryoshka","Paper Crane","Fusion Hammer","Boot","Gremlin Horn","Orichalcum","Sundial"],"potions_floor_usage":[40,42,42,44,50],"damage_taken":[{"damage":0.0,"enemies":"Cultist","floor":1.0,"turns":5.0},{"damage":0.0,"enemies":"Jaw Worm","floor":4.0,"turns":5.0},{"damage":35.0,"enemies":"Lagavulin","floor":6.0,"turns":10.0},{"damage":27.0,"enemies":"Gremlin Nob","floor":8.0,"turns":5.0},{"damage":5.0,"enemies":"3 Sentries","floor":12.0,"turns":7.0},{"damage":0.0,"enemies":"2 Louse","floor":14.0,"turns":2.0},{"damage":0.0,"enemies":"The Guardian","floor":16.0,"turns":10.0},{"damage":0.0,"enemies":"Spheric Guardian","floor":18.0,"turns":4.0},{"damage":2.0,"enemies":"Masked Bandits","floor":19.0,"turns":2.0},{"damage":8.0,"enemies":"Shell Parasite","floor":22.0,"turns":5.0},{"damage":15.0,"enemies":"Book of Stabbing","floor":25.0,"turns":5.0},{"damage":6.0,"enemies":"Gremlin Leader","floor":27.0,"turns":6.0},{"damage":36.0,"enemies":"Snecko","floor":28.0,"turns":7.0},{"damage":17.0,"enemies":"Sentry and Sphere","floor":29.0,"turns":5.0},{"damage":2.0,"enemies":"Book of Stabbing","floor":30.0,"turns":5.0},{"damage":59.0,"enemies":"Champ","floor":33.0,"turns":28.0},{"damage":17,"enemies":"3 Darklings","floor":35,"turns":5},{"damage":7,"enemies":"Orb Walker","floor":38,"turns":3},{"damage":7,"enemies":"Spire Growth","floor":39,"turns":5},{"damage":12,"enemies":"Nemesis","floor":40,"turns":10},{"damage":35,"enemies":"Giant Head","floor":42,"turns":9},{"damage":5,"enemies":"Reptomancer","floor":44,"turns":7},{"damage":29,"enemies":"Maw","floor":46,"turns":7},{"damage":0,"enemies":"4 Shapes","floor":48,"turns":2},{"damage":31,"enemies":"Donu and Deca","floor":50,"turns":19},{"damage":45,"enemies":"Time Eater","floor":51,"turns":4}],"seed_played":"7262908009548205270","potions_obtained":[{"floor":8.0,"key":"SkillPotion"},{"floor":22.0,"key":"Weak Potion"},{"floor":29.0,"key":"EntropicBrew"},{"floor":44,"key":"GamblersBrew"}],"is_trial":false,"path_per_floor":["M","?","?","M","?","E","R","E","T","$","?","E","R","M","R","B",null,"M","?","?","?","M","R","$","E","T","E","M","M","E","?","R","B",null,"M","?","?","M","M","E","R","E","T","E","$","M","?","M","R","B","B"],"character_chosen":"THE_SILENT","items_purchased":["Regen Potion","Well Laid Plans","Bronze Scales","Acrobatics","Deflect"],"campfire_rested":4,"item_purchase_floors":[10,10,10,45,45],"current_hp_per_floor":[59,48,48,48,48,13,32,5,5,5,5,15,34,34,34,34,58,58,56,46,46,46,46,46,39,46,53,25,18,28,14,31,14,47,42,42,42,41,44,44,44,21,21,26,26,5,5,9,26,11,0],"gold":413,"neow_bonus":"UPGRADE_CARD","is_prod":false,"is_daily":false,"chose_seed":false,"campfire_upgraded":2,"win_rate":0,"timestamp":1555082052,"path_taken":["M","?","?","?","?","E","R","E","T","$","?","E","R","M","R","BOSS","M","?","?","?","M","R","$","E","T","E","?","M","E","?","R","BOSS","M","?","?","M","?","E","R","E","T","E","$","M","?","?","R","BOSS","BOSS"],"build_version":"2019-01-23","purchased_purges":2,"victory":false,"max_hp_per_floor":[66,66,66,66,66,66,66,66,66,66,66,66,66,66,66,66,66,66,66,46,46,46,46,46,46,53,53,53,53,53,58,58,58,58,58,58,58,58,58,58,58,58,58,58,58,58,58,58,58,58,58],"card_choices":[{"not_picked":["Prepared","Escape Plan"],"picked":"Poisoned Stab","floor":1.0},{"not_picked":["Outmaneuver","Dodge and Roll"],"picked":"PiercingWail","floor":4.0},{"not_picked":["Accuracy","Skewer"],"picked":"Dash","floor":6.0},{"not_picked":["PiercingWail","Masterful Stab"],"picked":"Dagger Spray","floor":8.0},{"not_picked":["Distraction","Tactician"],"picked":"Quick Slash","floor":12.0},{"not_picked":["Concentrate","Infinite Blades"],"picked":"Poisoned Stab","floor":14.0},{"not_picked":["Grand Finale","Burst"],"picked":"Die Die Die","floor":16.0},{"not_picked":["Sucker Punch","Dagger Throw","Underhanded Strike"],"picked":"SKIP","floor":18.0},{"not_picked":["Riddle With Holes","Well Laid Plans"],"picked":"Leg Sweep","floor":19.0},{"not_picked":["Poisoned Stab","Eviscerate"],"picked":"Calculated Gamble","floor":22.0},{"not_picked":["Sucker Punch","Predator+1","Eviscerate+1"],"picked":"SKIP","floor":25.0},{"not_picked":["Accuracy","Choke"],"picked":"Deflect","floor":27.0},{"not_picked":["Heel Hook","Leg Sweep"],"picked":"Dodge and Roll+1","floor":28.0},{"not_picked":["Slice","Outmaneuver"],"picked":"Leg Sweep+1","floor":29.0},{"not_picked":["Escape Plan","Finisher+1"],"picked":"Catalyst","floor":30.0},{"not_picked":["Corpse Explosion","Glass Knife"],"picked":"Envenom","floor":33.0},{"not_picked":["Leg Sweep+1","Reflex+1"],"picked":"Cloak And Dagger","floor":35},{"not_picked":["Underhanded Strike","Prepared"],"picked":"Deadly Poison","floor":38},{"not_picked":["Flying Knee+1","Deadly Poison","Underhanded Strike"],"picked":"SKIP","floor":39},{"not_picked":["Flying Knee+1","Underhanded Strike"],"picked":"Blade Dance","floor":40},{"not_picked":["Poisoned Stab","Sucker Punch+1"],"picked":"Distraction+1","floor":42},{"not_picked":["Dagger Spray","PiercingWail+1"],"picked":"Blade Dance+1","floor":44},{"not_picked":["Underhanded Strike+1","Grand Finale","Slice"],"picked":"SKIP","floor":46},{"not_picked":["Dash","Cloak And Dagger"],"picked":"PiercingWail+1","floor":48}],"player_experience":1585151,"relics_obtained":[{"floor":6.0,"key":"Kunai"},{"floor":8.0,"key":"MawBank"},{"floor":9.0,"key":"Tiny Chest"},{"floor":12.0,"key":"Happy Flower"},{"floor":19.0,"key":"Red Mask"},{"floor":25.0,"key":"Centennial Puzzle"},{"floor":26.0,"key":"Strawberry"},{"floor":27.0,"key":"Matryoshka"},{"floor":30.0,"key":"Paper Crane"},{"floor":40,"key":"Boot"},{"floor":42,"key":"Gremlin Horn"},{"floor":43,"key":"Orichalcum"},{"floor":44,"key":"Sundial"}],"event_choices":[{"damage_healed":0.0,"max_hp_gain":0.0,"max_hp_loss":0.0,"gold_gain":75.0,"event_name":"World of Goop","player_choice":"Gather Gold","floor":2.0,"gold_loss":0.0,"damage_taken":11.0},{"damage_healed":0.0,"max_hp_gain":0.0,"max_hp_loss":0.0,"gold_gain":0.0,"event_name":"Living Wall","player_choice":"Grow","floor":3.0,"gold_loss":0.0,"damage_taken":0.0,"cards_upgraded":["Poisoned Stab"]},{"damage_healed":0.0,"max_hp_gain":0.0,"max_hp_loss":0.0,"gold_gain":0.0,"event_name":"Shining Light","player_choice":"Ignored","floor":5.0,"gold_loss":0.0,"damage_taken":0.0},{"damage_healed":0.0,"max_hp_gain":0.0,"max_hp_loss":0.0,"gold_gain":0.0,"event_name":"Liars Game","player_choice":"Ignored","floor":11.0,"gold_loss":0.0,"damage_taken":0.0},{"damage_healed":0.0,"max_hp_gain":0.0,"max_hp_loss":0.0,"gold_gain":0.0,"event_name":"Masked Bandits","player_choice":"Fought Bandits","floor":19.0,"gold_loss":0.0,"damage_taken":0.0},{"damage_healed":0.0,"max_hp_gain":0.0,"max_hp_loss":20.0,"gold_gain":0.0,"event_name":"Vampires","player_choice":"Became a vampire","floor":20.0,"gold_loss":0.0,"damage_taken":0.0,"cards_obtained":["Bite","Bite","Bite","Bite","Bite"]},{"damage_healed":0.0,"max_hp_gain":0.0,"max_hp_loss":0.0,"gold_gain":0.0,"event_name":"The Mausoleum","player_choice":"Opened","floor":21.0,"gold_loss":0.0,"damage_taken":0.0,"relics_obtained":["Bag of Marbles"],"cards_obtained":["Writhe"]},{"damage_healed":0.0,"max_hp_gain":5.0,"max_hp_loss":0.0,"gold_gain":0.0,"event_name":"Forgotten Altar","player_choice":"Shed Blood","floor":31.0,"gold_loss":0.0,"damage_taken":19.0},{"cards_removed":["Bite"],"damage_healed":0,"gold_gain":0,"player_choice":"Removed Attack","damage_taken":0,"max_hp_gain":0,"max_hp_loss":0,"event_name":"Falling","floor":36,"gold_loss":0},{"damage_healed":0,"gold_gain":0,"cards_transformed":["Bite"],"player_choice":"Transformed","damage_taken":0,"max_hp_gain":0,"max_hp_loss":0,"event_name":"Transmorgrifier","floor":37,"gold_loss":0,"cards_obtained":["Impatience"]},{"damage_healed":0,"gold_gain":0,"player_choice":"Ignored","damage_taken":0,"max_hp_gain":0,"max_hp_loss":0,"event_name":"SecretPortal","floor":47,"gold_loss":0}],"is_beta":false,"boss_relics":[{"not_picked":["Lizard Tail","White Beast Statue"],"picked":"Cursed Key"},{"not_picked":["Pandora\u0027s Box","Tiny House"],"picked":"Fusion Hammer"}],"items_purged_floors":[24,45],"is_endless":false,"potions_floor_spawned":[8,22,29,33,35,38,44],"killed_by":"Time Eater","ascension_level":20}