{"gold_per_floor":[69931,54769,54700,54720,54735,54766],"floor_reached":6,"playtime":502,"items_purged":["Strike_R"],"score":267,"play_id":"b9a39179-9eb9-46b3-959a-3650bb35ea04","local_time":"20190922101052","is_ascension_mode":true,"campfire_choices":[],"neow_cost":"TEN_PERCENT_HP_LOSS","seed_source_timestamp":0,"circlet_count":45,"master_deck":["AscendersBane","Strike_R+1","Strike_R+1","Strike_R","Strike_R","Defend_R","Defend_R+1","Defend_R","Defend_R+1","Bash","Corruption+1","Burning Pact+1","Sever Soul+1","Flex+1","Corruption+1"],"special_seed":0,"relics":["Burning Blood","Bloody Idol","TungstenRod","The Courier","Membership Card","Sling","Akabeko","Boot","Omamori","Lantern","Regal Pillow","Ice Cream","Pen Nib","Singing Bowl","Strawberry","Ginger","Matryoshka","Ancient Tea Set","CaptainsWheel","Self Forming Clay","Red Skull","FossilizedHelix","Molten Egg 2","Toy Ornithopter","Orichalcum","Potion Belt","Art of War","Pocketwatch","Meat on the Bone","Happy Flower","Kunai","Shuriken","Blood Vial","Unceasing Top","Bronze Scales","MealTicket","Mango","Eternal Feather","Torii","Sundial","CeramicFish","Nunchaku","PreservedInsect","Shovel","Blue Candle","Du-Vu Doll","Mercury Hourglass","Question Card","Oddly Smooth Stone","Dead Branch","Bag of Marbles","Mummified Hand","Pear","Toxic Egg 2","Pantograph","Thread and Needle","Champion Belt","White Beast Statue","HornCleat","Ornamental Fan","Centennial Puzzle","Bag of Preparation","Vajra","StrikeDummy","Frozen Egg 2","Dodecahedron","InkBottle","Anchor","Letter Opener","Darkstone Periapt","Juzu Bracelet","Lizard Tail","Dream Catcher","Paper Frog","War Paint","Tiny Chest","Gremlin Horn","Bird Faced Urn","Magic Flower","TungstenRod","WingedGreaves","Peace Pipe","Charon\u0027s Ashes","Calipers","StoneCalendar","CloakClasp","Prayer Wheel","Turnip","Gambling Chip","Incense Burner","Circlet","Whetstone","Membership Card"],"potions_floor_usage":[],"damage_taken":[{"damage":13.0,"enemies":"Small Slimes","floor":1.0,"turns":4.0},{"damage":0.0,"enemies":"2 Louse","floor":4.0,"turns":1.0},{"damage":0.0,"enemies":"Jaw Worm","floor":5.0,"turns":1.0},{"damage":0.0,"enemies":"3 Sentries","floor":6.0,"turns":1.0}],"seed_played":"-7919668424771605477","potions_obtained":[{"floor":1.0,"key":"GamblersBrew"},{"floor":5.0,"key":"PowerPotion"}],"is_trial":false,"path_per_floor":["M","$","$","M","M","E"],"character_chosen":"IRONCLAD","items_purchased":["Sling","Akabeko","Boot","Omamori","Lantern","Regal Pillow","Ice Cream","Pen Nib","Singing Bowl","Strawberry","Ginger","Matryoshka","Ancient Tea Set","CaptainsWheel","Self Forming Clay","Red Skull","FossilizedHelix","Molten Egg 2","Toy Ornithopter","Orichalcum","Potion Belt","Art of War","Pocketwatch","Meat on the Bone","Happy Flower","Kunai","Shuriken","Blood Vial","Unceasing Top","Bronze Scales","MealTicket","Mango","Eternal Feather","Torii","Sundial","CeramicFish","Nunchaku","PreservedInsect","Shovel","Blue Candle","Du-Vu Doll","Mercury Hourglass","Question Card","Oddly Smooth Stone","Dead Branch","Bag of Marbles","Mummified Hand","Pear","Toxic Egg 2","Pantograph","Thread and Needle","Champion Belt","White Beast Statue","HornCleat","Ornamental Fan","Centennial Puzzle","Bag of Preparation","Vajra","StrikeDummy","Frozen Egg 2","Dodecahedron","InkBottle","Anchor","Letter Opener","Darkstone Periapt","Juzu Bracelet","Lizard Tail","Dream Catcher","Paper Frog","War Paint","Tiny Chest","Gremlin Horn","Bird Faced Urn","Magic Flower","TungstenRod","WingedGreaves","Peace Pipe","Charon\u0027s Ashes","Calipers","StoneCalendar","CloakClasp","Prayer Wheel","Turnip","Gambling Chip","Incense Burner","Circlet","Circlet","Corruption+1","Burning Pact+1","Whetstone","Circlet","Circlet","Circlet","Circlet","Circlet","Circlet","Circlet","Circlet","Circlet","Circlet","Circlet","Circlet","Circlet","Circlet","Circlet","Circlet","Circlet","Circlet","Circlet","Circlet","Circlet","Circlet","Circlet","Circlet","Circlet","Circlet","Circlet","Circlet","Circlet","Circlet","Circlet","Circlet","Circlet","Circlet","Circlet","Circlet","Circlet","Circlet","Circlet","Circlet","Circlet","Circlet","Sever Soul+1","SkillPotion","HeartOfIron","Swift Potion","Membership Card","Flex+1"],"campfire_rested":0,"item_purchase_floors":[2,2,2,2,2,2,2,2,2,2,2,2,2,2,2,2,2,2,2,2,2,2,2,2,2,2,2,2,2,2,2,2,2,2,2,2,2,2,2,2,2,2,2,2,2,2,2,2,2,2,2,2,2,2,2,2,2,2,2,2,2,2,2,2,2,2,2,2,2,2,2,2,2,2,2,2,2,2,2,2,2,2,2,2,2,2,2,2,2,2,2,2,2,2,2,2,2,2,2,2,2,2,2,2,2,2,2,2,2,2,2,2,2,2,2,2,2,2,2,2,2,2,2,2,2,2,2,2,2,2,2,2,2,2,2,2,3,3],"current_hp_per_floor":[43,81,81,83,87,87],"gold":54766,"neow_bonus":"TWO_FIFTY_GOLD","is_prod":false,"is_daily":false,"chose_seed":false,"campfire_upgraded":0,"win_rate":0,"timestamp":1569139852,"path_taken":["M","$","$","M","M","E"],"build_version":"2019-09-20","purchased_purges":1,"victory":false,"max_hp_per_floor":[50,81,81,83,87,87],"card_choices":[{"not_picked":["Intimidate","Havoc","Rupture"],"picked":"SKIP","floor":1.0},{"not_picked":["Hemokinesis+1","Bloodletting+1","Pommel Strike+1","Reckless Charge+1"],"picked":"Singing Bowl","floor":4.0},{"not_picked":["Flex+1","Armaments+1","Clash+1"],"picked":"Corruption+1","floor":4.0},{"not_picked":["Anger+1","Pommel Strike+1","Body Slam+1","True Grit+1"],"picked":"Singing Bowl","floor":5.0},{"not_picked":["Havoc+1","Flex+1","Clash+1","Iron Wave+1"],"picked":"Singing Bowl","floor":5.0}],"player_experience":2091103,"relics_obtained":[{"floor":6,"key":"Circlet"}],"event_choices":[{"damage_healed":0.0,"max_hp_gain":0.0,"max_hp_loss":0.0,"gold_gain":69570.0,"event_name":"Knowing Skull","player_choice":"GOLD GOLD GOLD GOLD GOLD GOLD GOLD GOLD GOLD GOLD GOLD GOLD GOLD GOLD GOLD GOLD GOLD GOLD GOLD GOLD GOLD GOLD GOLD GOLD GOLD GOLD GOLD GOLD GOLD GOLD GOLD GOLD GOLD GOLD GOLD GOLD GOLD GOLD GOLD GOLD GOLD GOLD GOLD GOLD GOLD GOLD GOLD GOLD GOLD GOLD GOLD GOLD GOLD GOLD GOLD GOLD GOLD GOLD GOLD GOLD GOLD GOLD GOLD GOLD GOLD GOLD GOLD GOLD GOLD GOLD GOLD GOLD GOLD GOLD GOLD GOLD GOLD GOLD GOLD GOLD GOLD GOLD GOLD GOLD GOLD GOLD GOLD GOLD GOLD GOLD GOLD GOLD GOLD GOLD GOLD GOLD GOLD GOLD GOLD GOLD GOLD GOLD GOLD GOLD GOLD GOLD GOLD GOLD GOLD GOLD GOLD GOLD GOLD GOLD GOLD GOLD GOLD GOLD GOLD GOLD GOLD GOLD GOLD GOLD GOLD GOLD GOLD GOLD GOLD GOLD GOLD GOLD GOLD GOLD GOLD GOLD GOLD GOLD GOLD GOLD GOLD GOLD GOLD GOLD GOLD GOLD GOLD GOLD GOLD GOLD GOLD GOLD GOLD GOLD GOLD GOLD GOLD GOLD GOLD GOLD GOLD GOLD GOLD GOLD GOLD GOLD GOLD GOLD GOLD GOLD GOLD GOLD GOLD GOLD GOLD GOLD GOLD GOLD GOLD GOLD GOLD GOLD GOLD GOLD GOLD GOLD GOLD GOLD GOLD GOLD GOLD GOLD GOLD GOLD GOLD GOLD GOLD GOLD GOLD GOLD GOLD GOLD GOLD GOLD GOLD GOLD GOLD GOLD GOLD GOLD GOLD GOLD GOLD GOLD GOLD GOLD GOLD GOLD GOLD GOLD GOLD GOLD GOLD GOLD GOLD GOLD GOLD GOLD GOLD GOLD GOLD GOLD GOLD GOLD GOLD GOLD GOLD GOLD GOLD GOLD GOLD GOLD GOLD GOLD GOLD GOLD GOLD GOLD GOLD GOLD GOLD GOLD GOLD GOLD GOLD GOLD GOLD GOLD GOLD GOLD GOLD GOLD GOLD GOLD GOLD GOLD GOLD GOLD GOLD GOLD GOLD GOLD GOLD GOLD GOLD GOLD GOLD GOLD GOLD GOLD GOLD GOLD GOLD GOLD GOLD GOLD GOLD GOLD GOLD GOLD GOLD GOLD GOLD GOLD GOLD GOLD GOLD GOLD GOLD GOLD GOLD GOLD GOLD GOLD GOLD GOLD GOLD GOLD GOLD GOLD GOLD GOLD GOLD GOLD GOLD GOLD GOLD GOLD GOLD GOLD GOLD GOLD GOLD GOLD GOLD GOLD GOLD GOLD GOLD GOLD GOLD GOLD GOLD GOLD GOLD GOLD GOLD GOLD GOLD GOLD GOLD GOLD GOLD GOLD GOLD GOLD GOLD GOLD GOLD GOLD GOLD GOLD GOLD GOLD GOLD GOLD GOLD GOLD GOLD GOLD GOLD GOLD GOLD GOLD GOLD GOLD GOLD GOLD GOLD GOLD GOLD GOLD GOLD GOLD GOLD GOLD GOLD GOLD GOLD GOLD GOLD GOLD GOLD GOLD GOLD GOLD GOLD GOLD GOLD GOLD GOLD GOLD GOLD GOLD GOLD GOLD GOLD GOLD GOLD GOLD GOLD GOLD GOLD GOLD GOLD GOLD GOLD GOLD GOLD GOLD GOLD GOLD GOLD GOLD GOLD GOLD GOLD GOLD GOLD GOLD GOLD GOLD GOLD GOLD GOLD GOLD GOLD GOLD GOLD GOLD GOLD GOLD GOLD GOLD GOLD GOLD GOLD GOLD GOLD GOLD GOLD GOLD GOLD GOLD GOLD GOLD GOLD GOLD GOLD GOLD GOLD GOLD GOLD GOLD GOLD GOLD GOLD GOLD GOLD GOLD GOLD GOLD GOLD GOLD GOLD GOLD GOLD GOLD GOLD GOLD GOLD GOLD GOLD GOLD GOLD GOLD GOLD GOLD GOLD GOLD GOLD GOLD GOLD GOLD GOLD GOLD GOLD GOLD GOLD GOLD GOLD GOLD GOLD GOLD GOLD GOLD GOLD GOLD GOLD GOLD GOLD GOLD GOLD GOLD GOLD GOLD GOLD GOLD GOLD GOLD GOLD GOLD GOLD GOLD GOLD GOLD GOLD GOLD GOLD GOLD GOLD GOLD GOLD GOLD GOLD GOLD GOLD GOLD GOLD GOLD GOLD GOLD GOLD GOLD GOLD GOLD GOLD GOLD GOLD GOLD GOLD GOLD GOLD GOLD GOLD GOLD GOLD GOLD GOLD GOLD GOLD GOLD GOLD GOLD GOLD GOLD GOLD GOLD GOLD GOLD GOLD GOLD GOLD GOLD GOLD GOLD GOLD GOLD GOLD GOLD GOLD GOLD GOLD GOLD GOLD GOLD GOLD GOLD GOLD GOLD GOLD GOLD GOLD GOLD GOLD GOLD GOLD GOLD GOLD GOLD GOLD GOLD GOLD GOLD GOLD GOLD GOLD GOLD GOLD GOLD GOLD GOLD GOLD GOLD GOLD GOLD GOLD GOLD GOLD GOLD GOLD GOLD GOLD GOLD GOLD GOLD GOLD GOLD GOLD GOLD GOLD GOLD GOLD GOLD GOLD GOLD GOLD GOLD GOLD GOLD GOLD GOLD GOLD GOLD GOLD GOLD GOLD GOLD GOLD GOLD GOLD GOLD GOLD GOLD GOLD GOLD GOLD GOLD GOLD GOLD GOLD GOLD GOLD GOLD GOLD GOLD GOLD GOLD GOLD GOLD GOLD GOLD GOLD GOLD GOLD GOLD GOLD GOLD GOLD GOLD GOLD GOLD GOLD GOLD GOLD GOLD GOLD GOLD GOLD GOLD GOLD GOLD GOLD GOLD GOLD GOLD GOLD GOLD GOLD GOLD GOLD GOLD GOLD GOLD GOLD GOLD GOLD GOLD GOLD GOLD GOLD GOLD GOLD GOLD GOLD GOLD GOLD GOLD GOLD GOLD GOLD GOLD GOLD GOLD GOLD GOLD GOLD GOLD GOLD GOLD GOLD GOLD GOLD GOLD GOLD GOLD GOLD GOLD GOLD GOLD GOLD GOLD GOLD GOLD GOLD GOLD GOLD GOLD GOLD GOLD GOLD GOLD GOLD GOLD GOLD GOLD GOLD GOLD GOLD GOLD GOLD GOLD GOLD GOLD GOLD GOLD GOLD GOLD GOLD GOLD GOLD GOLD GOLD GOLD GOLD GOLD GOLD GOLD GOLD GOLD GOLD GOLD GOLD ","floor":0.0,"potions_obtained":[],"gold_loss":0.0,"damage_taken":4644.0,"cards_obtained":[]}],"is_beta":true,"boss_relics":[],"items_purged_floors":[2],"is_endless":false,"potions_floor_spawned":[1,4,5,6],"killed_by":"3 Sentries","ascension_level":20}