{"gold_per_floor":[116,116,166,190,215,215,251,282,320,372,0,41,41,61,61,155,155,180,205,225,34,55,55],"floor_reached":23,"playtime":898,"items_purged":["Strike_R"],"score":451,"play_id":"f44dcc8c-46ab-48ab-8fc7-1c07b1b7bc93","local_time":"20190307171642","is_ascension_mode":true,"campfire_choices":[{"data":"Bash","floor":6,"key":"SMITH"},{"data":"Feed","floor":15,"key":"SMITH"}],"neow_cost":"NONE","seed_source_timestamp":23737946787457,"circlet_count":0,"master_deck":["AscendersBane","Strike_R","Strike_R","Strike_R","Strike_R","Defend_R","Defend_R","Defend_R","Defend_R","Bash+1","Feed+1","Pommel Strike","Pommel Strike","Shrug It Off","Shrug It Off","Warcry","Corruption+1","Warcry","Havoc","Demon Form","True Grit","Sentinel","Seeing Red","Feel No Pain","Disarm","Burning Pact+1"],"relics":["Burning Blood","Golden Idol","MawBank","Happy Flower","Dream Catcher","Charon\u0027s Ashes","Philosopher\u0027s Stone"],"potions_floor_usage":[7,12,16,19,19,22],"damage_taken":[{"damage":4,"enemies":"Small Slimes","floor":1,"turns":4},{"damage":6,"enemies":"Jaw Worm","floor":4,"turns":4},{"damage":1,"enemies":"Cultist","floor":5,"turns":3},{"damage":32,"enemies":"Gremlin Nob","floor":7,"turns":4},{"damage":4,"enemies":"3 Louse","floor":8,"turns":4},{"damage":36,"enemies":"Lagavulin","floor":10,"turns":8},{"damage":3,"enemies":"3 Sentries","floor":12,"turns":6},{"damage":0,"enemies":"2 Fungi Beasts","floor":14,"turns":2},{"damage":33,"enemies":"The Guardian","floor":16,"turns":16},{"damage":22,"enemies":"2 Thieves","floor":18,"turns":4},{"damage":14,"enemies":"3 Byrds","floor":19,"turns":3},{"damage":34,"enemies":"Snake Plant","floor":20,"turns":4},{"damage":15,"enemies":"Shelled Parasite and Fungi","floor":22,"turns":7},{"damage":21,"enemies":"Book of Stabbing","floor":23,"turns":2}],"seed_played":"4724330857441131681","potions_obtained":[{"floor":4,"key":"EssenceOfSteel"},{"floor":5,"key":"Poison Potion"},{"floor":8,"key":"EntropicBrew"},{"floor":14,"key":"SkillPotion"},{"floor":20,"key":"Explosive Potion"},{"floor":22,"key":"FearPotion"}],"is_trial":false,"path_per_floor":["M","?","?","M","M","R","E","M","T","E","$","E","?","M","R","B",null,"M","M","M","$","M","E"],"character_chosen":"IRONCLAD","items_purchased":["Charon\u0027s Ashes","Corruption","Feel No Pain","Disarm"],"campfire_rested":0,"item_purchase_floors":[11,11,21,21],"current_hp_per_floor":[73,71,71,74,77,77,54,59,59,32,32,38,38,47,47,24,78,62,58,30,30,21,0],"gold":55,"neow_bonus":"ONE_RANDOM_RARE_CARD","is_prod":false,"is_daily":false,"chose_seed":false,"campfire_upgraded":2,"win_rate":0,"timestamp":1551975402,"path_taken":["M","?","?","M","M","R","E","?","T","E","$","E","?","M","R","BOSS","M","M","M","$","M","E"],"build_version":"2019-01-23","purchased_purges":1,"victory":false,"max_hp_per_floor":[78,71,71,74,77,77,80,83,83,86,86,89,89,92,92,96,96,96,100,100,100,100,100],"card_choices":[{"not_picked":["Armaments","Fire Breathing"],"picked":"Pommel Strike","floor":1},{"not_picked":["Perfected Strike","Second Wind"],"picked":"Pommel Strike","floor":4},{"not_picked":["True Grit","Anger"],"picked":"Shrug It Off","floor":5},{"not_picked":["Dark Embrace","Seeing Red"],"picked":"Shrug It Off","floor":7},{"not_picked":["Pommel Strike","Pummel"],"picked":"Warcry","floor":8},{"not_picked":["Sever Soul","Sentinel","Bloodletting"],"picked":"SKIP","floor":10},{"not_picked":["Sword Boomerang","Clash"],"picked":"Warcry","floor":12},{"not_picked":["Uppercut","Thunderclap"],"picked":"Havoc","floor":14},{"not_picked":["Exhume","Bludgeon"],"picked":"Demon Form","floor":16},{"not_picked":["Rampage","Body Slam"],"picked":"True Grit","floor":18},{"not_picked":["Wild Strike","Clash"],"picked":"Sentinel","floor":19},{"not_picked":["Headbutt","Dual Wield"],"picked":"Seeing Red","floor":20},{"not_picked":["Perfected Strike","Wild Strike"],"picked":"Burning Pact+1","floor":22}],"player_experience":1382622,"relics_obtained":[{"floor":7,"key":"MawBank"},{"floor":9,"key":"Happy Flower"},{"floor":10,"key":"Dream Catcher"}],"event_choices":[{"damage_healed":0,"gold_gain":0,"player_choice":"Lose Max HP","damage_taken":0,"relics_obtained":["Golden Idol"],"max_hp_gain":0,"max_hp_loss":7,"event_name":"Golden Idol","floor":2,"gold_loss":0},{"damage_healed":0,"gold_gain":50,"player_choice":"Pray","damage_taken":0,"max_hp_gain":0,"max_hp_loss":0,"event_name":"Golden Shrine","floor":3,"gold_loss":0},{"damage_healed":0,"gold_gain":0,"player_choice":"Grow","damage_taken":0,"max_hp_gain":0,"max_hp_loss":0,"event_name":"Living Wall","floor":13,"gold_loss":0,"cards_upgraded":["Corruption"]}],"is_beta":false,"boss_relics":[{"not_picked":["Runic Dome","Calling Bell"],"picked":"Philosopher\u0027s Stone"}],"items_purged_floors":[21],"is_endless":false,"potions_floor_spawned":[4,5,8,14,20,22],"killed_by":"Book of Stabbing","ascension_level":20}