{"gold_per_floor":[10,10,22,33,33,33,67,67,67,98,98,98,116,129,129,200,200,217,191,371,0,12,12,12],"floor_reached":24,"playtime":1215,"items_purged":["Strike_R"],"score":371,"play_id":"9753942e-0514-4c6a-a258-b4dd4a1a9049","local_time":"20181029225914","is_ascension_mode":true,"campfire_choices":[{"data":"Searing Blow+1","floor":6.0,"key":"SMITH"},{"data":"Searing Blow+2","floor":11.0,"key":"SMITH"},{"data":"Armaments","floor":15.0,"key":"SMITH"},{"data":"Demon Form","floor":23,"key":"SMITH"}],"neow_cost":"NO_GOLD","seed_source_timestamp":0,"circlet_count":0,"master_deck":["Strike_R","Strike_R","Strike_R","Strike_R","Defend_R","Defend_R","Defend_R","Defend_R","Bash","AscendersBane","Headbutt","Searing Blow+3","Dual Wield","Armaments+1","Iron Wave","Shrug It Off","Demon Form+1","Offering","True Grit","Headbutt","Rage","Heavy Blade","Sword Boomerang"],"special_seed":0,"relics":["Black Blood","Thread and Needle","Prayer Wheel","NlothsMask","Vajra","Medical Kit"],"potions_floor_usage":[24,24],"damage_taken":[{"damage":4.0,"enemies":"Small Slimes","floor":1.0,"turns":5.0},{"damage":0.0,"enemies":"Jaw Worm","floor":3.0,"turns":4.0},{"damage":2.0,"enemies":"Cultist","floor":4.0,"turns":3.0},{"damage":27.0,"enemies":"Gremlin Nob","floor":7.0,"turns":5.0},{"damage":10.0,"enemies":"3 Sentries","floor":10.0,"turns":8.0},{"damage":9.0,"enemies":"3 Louse","floor":13.0,"turns":4.0},{"damage":0.0,"enemies":"Blue Slaver","floor":14.0,"turns":4.0},{"damage":48.0,"enemies":"The Guardian","floor":16.0,"turns":10.0},{"damage":6.0,"enemies":"Spheric Guardian","floor":18.0,"turns":4.0},{"damage":13,"enemies":"2 Thieves","floor":19,"turns":5},{"damage":22,"enemies":"Centurion and Healer","floor":22,"turns":8},{"damage":50,"enemies":"Book of Stabbing","floor":24,"turns":5}],"seed_played":"6867290042383105004","potions_obtained":[{"floor":1.0,"key":"SpeedPotion"},{"floor":3.0,"key":"Regen Potion"},{"floor":14.0,"key":"Block Potion"},{"floor":16.0,"key":"EssenceOfSteel"}],"is_trial":false,"path_per_floor":["M","?","M","M","?","R","E","?","T","E","R","?","M","M","R","B",null,"M","M","?","$","M","R"],"character_chosen":"IRONCLAD","items_purchased":["Rage","Medical Kit"],"campfire_rested":0,"item_purchase_floors":[21,21],"current_hp_per_floor":[70,70,75,75,75,75,54,54,54,50,50,50,47,53,53,11,59,63,60,39,39,27,27,0],"gold":12,"neow_bonus":"ONE_RARE_RELIC","is_prod":false,"is_daily":false,"chose_seed":false,"campfire_upgraded":4,"win_rate":0,"timestamp":1540850354,"path_taken":["M","?","M","M","?","R","E","?","T","E","R","?","M","M","R","BOSS","M","?","?","$","M","R","E"],"build_version":"2018-10-29","purchased_purges":1,"victory":false,"max_hp_per_floor":[75,75,75,75,75,75,75,75,75,75,75,75,75,75,75,75,75,75,75,75,75,75,75,75],"card_choices":[{"not_picked":["Sentinel","Shockwave"],"picked":"Headbutt","floor":1.0},{"not_picked":["Hemokinesis","Fire Breathing"],"picked":"Searing Blow","floor":3.0},{"not_picked":["Sever Soul","Second Wind"],"picked":"Dual Wield","floor":4.0},{"not_picked":["Entrench","Infernal Blade"],"picked":"Armaments","floor":7.0},{"not_picked":["Sword Boomerang","Twin Strike"],"picked":"Iron Wave","floor":10.0},{"not_picked":["Bloodletting","Pommel Strike"],"picked":"Shrug It Off","floor":13.0},{"not_picked":["Anger","Warcry","Havoc"],"picked":"SKIP","floor":13.0},{"not_picked":["Cleave","Sword Boomerang"],"picked":"Demon Form","floor":14.0},{"not_picked":["Rupture","Headbutt","Body Slam"],"picked":"SKIP","floor":14.0},{"not_picked":["Rupture","Headbutt","Body Slam"],"picked":"SKIP","floor":14.0},{"not_picked":["Impervious","Feed"],"picked":"Offering","floor":16.0},{"not_picked":["Iron Wave","Anger+1"],"picked":"True Grit","floor":18.0},{"not_picked":["Flex","Pummel","Clothesline"],"picked":"SKIP","floor":18.0},{"not_picked":["Uppercut","Entrench"],"picked":"Headbutt","floor":19},{"not_picked":["Headbutt","Uppercut","Seeing Red"],"picked":"SKIP","floor":19},{"not_picked":["Rage","Corruption"],"picked":"Heavy Blade","floor":22},{"not_picked":["Flex","Heavy Blade"],"picked":"Sword Boomerang","floor":22}],"player_experience":704691,"relics_obtained":[{"floor":7.0,"key":"Prayer Wheel"},{"floor":10.0,"key":"Vajra"}],"event_choices":[{"damage_healed":0.0,"max_hp_gain":0.0,"max_hp_loss":0.0,"gold_gain":0.0,"event_name":"The Cleric","player_choice":"Leave","floor":2.0,"gold_loss":0.0,"damage_taken":0.0},{"damage_healed":0.0,"max_hp_gain":0.0,"max_hp_loss":0.0,"gold_gain":0.0,"event_name":"Living Wall","player_choice":"Grow","floor":5.0,"gold_loss":0.0,"damage_taken":0.0,"cards_upgraded":["Searing Blow"]},{"damage_healed":0.0,"max_hp_gain":0.0,"max_hp_loss":0.0,"gold_gain":0.0,"event_name":"FaceTrader","player_choice":"Trade","floor":8.0,"gold_loss":0.0,"damage_taken":0.0,"relics_obtained":["NlothsMask"]},{"damage_healed":0.0,"max_hp_gain":0.0,"max_hp_loss":0.0,"gold_gain":0.0,"event_name":"Liars Game","player_choice":"Ignored","floor":12.0,"gold_loss":0.0,"damage_taken":0.0},{"damage_healed":0,"gold_gain":180,"player_choice":"GOLD GOLD ","damage_taken":21,"max_hp_gain":0,"max_hp_loss":0,"event_name":"Knowing Skull","floor":20,"potions_obtained":[],"gold_loss":0,"cards_obtained":[]}],"is_beta":true,"boss_relics":[{"not_picked":["Calling Bell","Ectoplasm"],"picked":"Black Blood"}],"items_purged_floors":[21],"is_endless":false,"potions_floor_spawned":[1,3,10,14,16,19],"killed_by":"Book of Stabbing","ascension_level":16}