{"gold_per_floor":[116,130,130,150,0,0,29,29,29,46,46,75,75,91,91,91],"floor_reached":16,"playtime":533,"items_purged":["Pain"],"score":220,"play_id":"75f42957-0d16-4aaf-9deb-0c96fd736622","local_time":"20190903120517","is_ascension_mode":true,"campfire_choices":[{"data":"Bash","floor":6,"key":"SMITH"},{"data":"Hemokinesis","floor":8,"key":"SMITH"},{"data":"Armaments","floor":11,"key":"SMITH"},{"data":"Shrug It Off","floor":13,"key":"SMITH"},{"data":"Infernal Blade","floor":15,"key":"SMITH"}],"neow_cost":"CURSE","seed_source_timestamp":185592409822611,"circlet_count":0,"master_deck":["AscendersBane","Strike_R","Strike_R","Strike_R","Strike_R","Strike_R","Defend_R","Defend_R","Defend_R","Defend_R","Bash+1","Writhe","Anger","Headbutt","Sword Boomerang","Hemokinesis+1","Infernal Blade+1","Armaments+1","Shrug It Off+1","Infernal Blade"],"relics":["Burning Blood","WarpedTongs","Calipers","Torii","Juzu Bracelet"],"potions_floor_usage":[16,16],"damage_taken":[{"damage":14,"enemies":"Jaw Worm","floor":1,"turns":4},{"damage":1,"enemies":"Cultist","floor":2,"turns":3},{"damage":9,"enemies":"2 Louse","floor":4,"turns":4},{"damage":39,"enemies":"3 Sentries","floor":7,"turns":9},{"damage":8,"enemies":"Exordium Wildlife","floor":10,"turns":2},{"damage":30,"enemies":"Lagavulin","floor":12,"turns":4},{"damage":2,"enemies":"2 Fungi Beasts","floor":14,"turns":3},{"damage":21,"enemies":"The Guardian","floor":16,"turns":9}],"seed_played":"-6926502338562784641","potions_obtained":[{"floor":2,"key":"SteroidPotion"},{"floor":10,"key":"Ancient Potion"}],"is_trial":false,"path_per_floor":["M","M","?","M","$","R","E","R","T","M","R","E","R","M","R","B"],"character_chosen":"IRONCLAD","items_purchased":["Hemokinesis"],"campfire_rested":0,"item_purchase_floors":[5],"current_hp_per_floor":[74,79,79,76,76,76,43,43,43,41,41,17,17,21,21,0],"gold":91,"neow_bonus":"TWENTY_PERCENT_HP_BONUS","is_prod":false,"is_daily":false,"chose_seed":false,"campfire_upgraded":5,"win_rate":0,"timestamp":1567505117,"path_taken":["M","M","?","?","$","R","E","R","T","M","R","E","R","M","R","BOSS"],"build_version":"2019-07-17","purchased_purges":1,"victory":false,"max_hp_per_floor":[89,89,89,89,89,89,89,89,89,89,89,89,89,89,89,89],"card_choices":[{"not_picked":["Pummel","Heavy Blade"],"picked":"Anger","floor":1},{"not_picked":["Clash","Iron Wave"],"picked":"Headbutt","floor":2},{"not_picked":["Armaments","Power Through"],"picked":"Sword Boomerang","floor":4},{"not_picked":["Combust","Pommel Strike"],"picked":"Infernal Blade","floor":7},{"not_picked":["Twin Strike","Combust"],"picked":"Armaments","floor":10},{"not_picked":["Second Wind","True Grit"],"picked":"Shrug It Off","floor":12},{"not_picked":["Heavy Blade","Sever Soul"],"picked":"Infernal Blade","floor":14}],"player_experience":2000547,"relics_obtained":[{"floor":7,"key":"Calipers"},{"floor":9,"key":"Torii"},{"floor":12,"key":"Juzu Bracelet"}],"event_choices":[{"damage_healed":0,"gold_gain":0,"player_choice":"Rummage","damage_taken":0,"relics_obtained":["WarpedTongs"],"max_hp_gain":0,"max_hp_loss":0,"event_name":"Accursed Blacksmith","floor":3,"gold_loss":0,"cards_obtained":["Pain"]}],"is_beta":false,"boss_relics":[],"items_purged_floors":[5],"is_endless":false,"potions_floor_spawned":[2,10,12,14],"killed_by":"The Guardian","ascension_level":20}