{"gold_per_floor":[119,119,1,1,1,26,26,57,57,57,67,67,11,39,39,113,113,129,129,149,160,77,77,108,108,108,122,122,154,173,208,208,286,286,299,313,238,290,290,290,324,56,56,88,88,121,137,137,137,137,137,137,48,79,79],"floor_reached":55,"playtime":2370,"items_purged":["Strike_R","Strike_R"],"score":1770,"play_id":"989d4d36-9590-40bc-92f0-54ac3b8f3b12","local_time":"20181209031837","is_ascension_mode":true,"campfire_choices":[{"data":"Blood for Blood","floor":7,"key":"SMITH"},{"data":"Bloodletting","floor":10,"key":"SMITH"},{"data":"Spot Weakness","floor":12,"key":"SMITH"},{"data":"Feed","floor":15,"key":"SMITH"},{"data":"Limit Break","floor":23,"key":"SMITH"},{"data":"Armaments","floor":25,"key":"SMITH"},{"data":"Second Wind","floor":28,"key":"SMITH"},{"floor":32,"key":"REST"},{"data":"Offering","floor":40,"key":"SMITH"},{"data":"True Grit","floor":45,"key":"SMITH"},{"floor":49,"key":"RECALL"},{"data":"Shrug It Off","floor":52,"key":"SMITH"}],"neow_cost":"NONE","seed_source_timestamp":58539234344520,"circlet_count":0,"master_deck":["AscendersBane","Strike_R","Strike_R","Defend_R","Defend_R","Defend_R+1","Defend_R","Bash","Blood for Blood+1","Spot Weakness+1","Whirlwind+1","Bloodletting+1","Spot Weakness","Feed+1","Limit Break+1","Armaments+1","Demon Form","Second Wind+1","Battle Trance","Burning Pact","Inflame","Shrug It Off","Shrug It Off+1","Heavy Blade","True Grit+1","Offering+1","Exhume","Shrug It Off+1","Blind","Sentinel+1"],"relics":["Burning Blood","NeowsBlessing","Boot","Regal Pillow","Mango","Bottled Lightning","PreservedInsect","Centennial Puzzle","Runic Pyramid","Happy Flower","Blood Vial","Thread and Needle","Shuriken","Cursed Key","Prayer Wheel","Ginger","Omamori","Bag of Marbles","Bottled Flame","Bag of Preparation"],"potions_floor_usage":[24,29,31,41,54,55],"damage_taken":[{"damage":0,"enemies":"Cultist","floor":1,"turns":1},{"damage":0,"enemies":"3 Sentries","floor":6,"turns":1},{"damage":0,"enemies":"Lagavulin","floor":8,"turns":1},{"damage":3,"enemies":"Jaw Worm","floor":11,"turns":1},{"damage":10,"enemies":"3 Sentries","floor":14,"turns":4},{"damage":61,"enemies":"The Guardian","floor":16,"turns":12},{"damage":13,"enemies":"Chosen","floor":18,"turns":5},{"damage":23,"enemies":"2 Thieves","floor":20,"turns":4},{"damage":23,"enemies":"Snake Plant","floor":21,"turns":4},{"damage":19,"enemies":"Gremlin Leader","floor":24,"turns":4},{"damage":14,"enemies":"Centurion and Healer","floor":27,"turns":4},{"damage":19,"enemies":"Book of Stabbing","floor":29,"turns":2},{"damage":7,"enemies":"Snecko","floor":30,"turns":4},{"damage":14,"enemies":"Gremlin Leader","floor":31,"turns":5},{"damage":14,"enemies":"Champ","floor":33,"turns":8},{"damage":12,"enemies":"3 Darklings","floor":35,"turns":4},{"damage":9,"enemies":"3 Shapes","floor":36,"turns":4},{"damage":36,"enemies":"2 Orb Walkers","floor":38,"turns":5},{"damage":25,"enemies":"Nemesis","floor":41,"turns":3},{"damage":13,"enemies":"Reptomancer","floor":44,"turns":3},{"damage":9,"enemies":"Nemesis","floor":46,"turns":5},{"damage":31,"enemies":"Spire Growth","floor":47,"turns":5},{"damage":43,"enemies":"Donu and Deca","floor":50,"turns":5},{"damage":54,"enemies":"Shield and Spear","floor":54,"turns":5},{"damage":95,"enemies":"The Heart","floor":55,"turns":6}],"seed_played":"565004398406487147","potions_obtained":[{"floor":6,"key":"EssenceOfSteel"},{"floor":8,"key":"Poison Potion"},{"floor":24,"key":"AttackPotion"},{"floor":30,"key":"Weak Potion"},{"floor":31,"key":"PowerPotion"},{"floor":35,"key":"Block Potion"},{"floor":47,"key":"GamblersBrew"}],"is_trial":false,"path_per_floor":["M","?","$","T","?","E","R","E","T","R","M","R","?","E","R","B",null,"M","?","M","M","$","R","E","R","T","M","R","E","M","E","R","B",null,"M","M","$","?","?","R","E","$","T","E","R","E","M","?","R","B",null,"R","$","E","B"],"character_chosen":"IRONCLAD","items_purchased":["Spot Weakness","Whirlwind","Burning Pact","Omamori","Blind"],"campfire_rested":1,"item_purchase_floors":[3,3,22,42,53],"current_hp_per_floor":[74,74,74,74,51,57,57,77,77,77,80,80,80,76,76,25,76,69,69,56,43,43,43,30,30,30,28,28,17,18,12,58,56,96,92,95,95,71,71,71,54,54,54,53,53,56,37,63,63,32,108,108,108,66,0],"gold":79,"neow_bonus":"THREE_ENEMY_KILL","is_prod":false,"is_daily":false,"chose_seed":false,"campfire_upgraded":10,"win_rate":0,"timestamp":1544321917,"path_taken":["M","?","?","?","?","E","R","E","T","R","M","R","?","E","R","BOSS","M","?","?","M","$","R","E","R","T","M","R","E","M","E","R","BOSS","M","M","$","?","?","R","E","$","T","E","R","E","M","?","R","BOSS","R","$","E","BOSS"],"build_version":"2018-12-06","purchased_purges":2,"victory":false,"max_hp_per_floor":[75,75,75,75,75,75,75,89,89,89,89,89,89,89,89,93,93,93,93,97,101,101,101,101,101,101,105,105,105,105,105,105,109,109,109,113,113,117,117,117,117,117,117,121,121,125,129,129,129,133,133,133,133,137,137],"card_choices":[{"not_picked":["Armaments","Twin Strike"],"picked":"Blood for Blood","floor":1},{"not_picked":["Iron Wave","Twin Strike"],"picked":"Bloodletting","floor":6},{"not_picked":["Rage","Sentinel"],"picked":"Spot Weakness","floor":8},{"not_picked":["Havoc","Body Slam","Wild Strike"],"picked":"SKIP","floor":11},{"not_picked":["Inflame","Dark Embrace"],"picked":"Feed","floor":14},{"not_picked":["Double Tap","Immolate"],"picked":"Limit Break","floor":16},{"not_picked":["Wild Strike","Havoc"],"picked":"Armaments","floor":18},{"not_picked":["Perfected Strike+1","Battle Trance"],"picked":"Second Wind","floor":20},{"not_picked":["Perfected Strike","Twin Strike"],"picked":"Battle Trance","floor":21},{"not_picked":["Perfected Strike","Hemokinesis"],"picked":"Inflame","floor":24},{"not_picked":["Flex","Whirlwind"],"picked":"Shrug It Off","floor":27},{"not_picked":["Blood for Blood","Evolve"],"picked":"Shrug It Off","floor":29},{"not_picked":["Perfected Strike","Metallicize"],"picked":"Heavy Blade","floor":30},{"not_picked":["Clothesline","Infernal Blade"],"picked":"True Grit","floor":31},{"not_picked":["Exhume","Fiend Fire"],"picked":"Offering","floor":33},{"not_picked":["Body Slam","Warcry+1","Armaments"],"picked":"SKIP","floor":35},{"not_picked":["Twin Strike","Clothesline","Headbutt+1"],"picked":"SKIP","floor":36},{"not_picked":["Armaments","Rage","Headbutt"],"picked":"SKIP","floor":41},{"not_picked":["Sentinel","Rupture+1"],"picked":"Exhume","floor":44},{"not_picked":["Fire Breathing","Ghostly Armor+1"],"picked":"Shrug It Off+1","floor":46},{"not_picked":["Thunderclap","Body Slam","Clash"],"picked":"SKIP","floor":47},{"not_picked":["Warcry+1","Body Slam","Havoc"],"picked":"SKIP","floor":47},{"not_picked":["Sever Soul+1","Second Wind+1"],"picked":"Sentinel+1","floor":54}],"player_experience":988460,"relics_obtained":[{"floor":4,"key":"Boot"},{"floor":6,"key":"Regal Pillow"},{"floor":8,"key":"Mango"},{"floor":9,"key":"Bottled Lightning"},{"floor":14,"key":"Centennial Puzzle"},{"floor":24,"key":"Happy Flower"},{"floor":26,"key":"Blood Vial"},{"floor":29,"key":"Thread and Needle"},{"floor":31,"key":"Shuriken"},{"floor":38,"key":"Prayer Wheel"},{"floor":41,"key":"Ginger"},{"floor":44,"key":"Bag of Marbles"},{"floor":46,"key":"Bottled Flame"},{"floor":54,"key":"Bag of Preparation"}],"event_choices":[{"cards_removed":["Strike_R"],"damage_healed":0,"gold_gain":0,"player_choice":"Offered Basic","damage_taken":0,"max_hp_gain":0,"max_hp_loss":0,"event_name":"Bonfire Elementals","floor":2,"gold_loss":0},{"damage_healed":0,"gold_gain":0,"player_choice":"Entered Light","damage_taken":23,"max_hp_gain":0,"max_hp_loss":0,"event_name":"Shining Light","floor":5,"gold_loss":0,"cards_upgraded":["Defend_R","Whirlwind"]},{"damage_healed":0,"gold_gain":0,"player_choice":"Paid Gold","damage_taken":0,"relics_obtained":["PreservedInsect"],"max_hp_gain":0,"max_hp_loss":0,"event_name":"WeMeetAgain","floor":13,"gold_loss":56},{"damage_healed":0,"gold_gain":0,"player_choice":"1 cards matched","damage_taken":0,"max_hp_gain":0,"max_hp_loss":0,"event_name":"Match and Keep!","floor":19,"gold_loss":0,"cards_obtained":["Demon Form"]},{"damage_healed":0,"gold_gain":0,"player_choice":"Fight","damage_taken":0,"max_hp_gain":0,"max_hp_loss":0,"event_name":"Mysterious Sphere","floor":38,"gold_loss":0},{"damage_healed":0,"gold_gain":0,"player_choice":"Ignored","damage_taken":0,"max_hp_gain":0,"max_hp_loss":0,"event_name":"Tomb of Lord Red Mask","floor":39,"gold_loss":0},{"damage_healed":26,"gold_gain":0,"player_choice":"Writhe","damage_taken":0,"max_hp_gain":0,"max_hp_loss":0,"event_name":"Winding Halls","floor":48,"gold_loss":0,"cards_obtained":["Writhe"]}],"is_beta":true,"boss_relics":[{"not_picked":["Calling Bell","Orrery"],"picked":"Runic Pyramid"},{"not_picked":["Runic Cube","White Beast Statue"],"picked":"Cursed Key"}],"items_purged_floors":[37,42],"is_endless":false,"potions_floor_spawned":[6,8,14,21,24,30,31,35,36,47],"killed_by":"The Heart","ascension_level":18}