{"gold_per_floor":[114,125,125,275,275,305,305,337,362,14,31,31,62,12,12,12],"floor_reached":16,"playtime":403,"items_purged":["Doubt","Strike_G"],"score":282,"play_id":"03db25c0-afef-4222-a50f-a9df4adad21a","local_time":"20190425000601","is_ascension_mode":true,"campfire_choices":[{"data":"Dagger Spray","floor":7,"key":"SMITH"},{"floor":12,"key":"REST"},{"floor":15,"key":"REST"}],"neow_cost":"NONE","seed_source_timestamp":51104723562221,"circlet_count":0,"master_deck":["AscendersBane","Defend_G","Defend_G","Defend_G","Defend_G","Defend_G","Strike_G","Strike_G","Strike_G","Survivor","Neutralize","Dagger Spray+1","Cloak And Dagger","Corpse Explosion","Envenom","Deflect+1","Noxious Fumes","Blade Dance+1"],"relics":["Ring of the Snake","NeowsBlessing","Strawberry","Orichalcum","Smiling Mask","PreservedInsect","Toxic Egg 2","Meat on the Bone"],"potions_floor_usage":[8,16],"damage_taken":[{"damage":0,"enemies":"Small Slimes","floor":1,"turns":1},{"damage":0,"enemies":"Jaw Worm","floor":2,"turns":1},{"damage":0,"enemies":"3 Sentries","floor":6,"turns":1},{"damage":44,"enemies":"Gremlin Nob","floor":8,"turns":5},{"damage":1,"enemies":"Cultist","floor":11,"turns":4},{"damage":20,"enemies":"Lagavulin","floor":13,"turns":8},{"damage":30,"enemies":"Slime Boss","floor":16,"turns":5}],"seed_played":"863990263796187735","potions_obtained":[{"floor":2,"key":"SteroidPotion"},{"floor":6,"key":"LiquidBronze"}],"is_trial":false,"path_per_floor":["M","M","?","?","?","E","R","E","T","$","M","R","E","$","R","B"],"character_chosen":"THE_SILENT","items_purchased":["Toxic Egg 2","Deflect+1"],"campfire_rested":2,"item_purchase_floors":[10,10],"current_hp_per_floor":[59,59,52,52,48,48,48,4,4,4,3,24,4,4,25,0],"gold":12,"neow_bonus":"THREE_ENEMY_KILL","is_prod":false,"is_daily":false,"chose_seed":false,"campfire_upgraded":1,"win_rate":0,"timestamp":1556143561,"path_taken":["M","M","?","?","?","E","R","E","T","$","M","R","E","$","R","BOSS"],"build_version":"2019-01-23","purchased_purges":2,"victory":false,"max_hp_per_floor":[66,66,66,66,73,73,73,73,73,73,73,73,73,73,73,73],"card_choices":[{"not_picked":["Footwork","Flechettes"],"picked":"Dagger Spray","floor":1},{"not_picked":["Sucker Punch","Escape Plan"],"picked":"Cloak And Dagger","floor":2},{"not_picked":["Blade Dance","Flying Knee"],"picked":"Corpse Explosion","floor":6},{"not_picked":["Dagger Throw","Unload"],"picked":"Envenom","floor":8},{"not_picked":["Dagger Spray","Slice"],"picked":"Noxious Fumes","floor":11},{"not_picked":["Bane","Quick Slash"],"picked":"Blade Dance+1","floor":13}],"player_experience":1621974,"relics_obtained":[{"floor":6,"key":"Orichalcum"},{"floor":8,"key":"Smiling Mask"},{"floor":9,"key":"PreservedInsect"},{"floor":13,"key":"Meat on the Bone"}],"event_choices":[{"cards_removed":["Strike_G"],"damage_healed":0,"gold_gain":0,"player_choice":"Card Removal","damage_taken":7,"max_hp_gain":0,"max_hp_loss":0,"event_name":"Golden Wing","floor":3,"gold_loss":0},{"damage_healed":0,"gold_gain":150,"player_choice":"AGREE","damage_taken":0,"max_hp_gain":0,"max_hp_loss":0,"event_name":"Liars Game","floor":4,"gold_loss":0,"cards_obtained":["Doubt"]},{"damage_healed":0,"gold_gain":0,"player_choice":"Success","damage_taken":11,"relics_obtained":["Strawberry"],"max_hp_gain":0,"max_hp_loss":0,"event_name":"Scrap Ooze","floor":5,"gold_loss":0}],"is_beta":false,"boss_relics":[],"items_purged_floors":[10,14],"is_endless":false,"potions_floor_spawned":[2,6],"killed_by":"Slime Boss","ascension_level":20}