{"gold_per_floor":[119,269,136,156,156,156,169,169,169,234,263,281,301,335,335,412,412,424,424,86,86,150,150,179,179,206,206,221,17,44,19,19,19],"floor_reached":33,"playtime":1437,"items_purged":["Doubt","Strike_B","Strike_B"],"score":632,"play_id":"f552413c-b838-4d63-9888-ec699c258484","local_time":"20190408191808","is_ascension_mode":true,"campfire_choices":[{"data":"Sunder","floor":6,"key":"SMITH"},{"data":"Zap","floor":8,"key":"SMITH"},{"floor":15,"key":"REST"},{"data":"Electrodynamics","floor":23,"key":"SMITH"},{"data":"Storm","floor":25,"key":"SMITH"},{"floor":27,"key":"REST"},{"floor":32,"key":"REST"}],"neow_cost":"NONE","seed_source_timestamp":35759354264928,"circlet_count":0,"master_deck":["AscendersBane","Defend_B","Defend_B","Defend_B","Defend_B","Zap+1","Dualcast","Gash","Compile Driver","Ball Lightning","Sunder+1","Steam","Cold Snap+1","Coolheaded","Gash+1","Loop","Electrodynamics+1","Gash","Static Discharge","Ball Lightning","Storm+1","Coolheaded","Doom and Gloom"],"relics":["Cracked Core","Bronze Scales","Pocketwatch","PreservedInsect","Philosopher\u0027s Stone","DataDisk","SsserpentHead","Pen Nib","Whetstone","Nunchaku"],"potions_floor_usage":[14,16,18,33,33],"damage_taken":[{"damage":9,"enemies":"Small Slimes","floor":1,"turns":4},{"damage":0,"enemies":"2 Louse","floor":4,"turns":2},{"damage":0,"enemies":"Cultist","floor":7,"turns":3},{"damage":15,"enemies":"3 Sentries","floor":10,"turns":5},{"damage":18,"enemies":"3 Sentries","floor":11,"turns":7},{"damage":1,"enemies":"Red Slaver","floor":12,"turns":3},{"damage":8,"enemies":"Blue Slaver","floor":13,"turns":3},{"damage":0,"enemies":"Gremlin Nob","floor":14,"turns":3},{"damage":6,"enemies":"Slime Boss","floor":16,"turns":8},{"damage":0,"enemies":"Spheric Guardian","floor":18,"turns":3},{"damage":0,"enemies":"Chosen","floor":22,"turns":3},{"damage":25,"enemies":"Gremlin Leader","floor":24,"turns":3},{"damage":4,"enemies":"Centurion and Healer","floor":28,"turns":3},{"damage":21,"enemies":"Book of Stabbing","floor":30,"turns":3},{"damage":33,"enemies":"Champ","floor":33,"turns":6}],"seed_played":"-4969348964351943344","potions_obtained":[{"floor":4,"key":"LiquidBronze"},{"floor":10,"key":"Explosive Potion"},{"floor":11,"key":"Ancient Potion"},{"floor":13,"key":"Block Potion"},{"floor":14,"key":"GamblersBrew"},{"floor":22,"key":"SpeedPotion"},{"floor":28,"key":"PowerPotion"}],"is_trial":false,"path_per_floor":["M","?","$","M","?","R","M","R","T","?","E","M","M","E","R","B",null,"M","?","$","?","M","R","E","R","T","R","M","$","E","$","R","B"],"character_chosen":"DEFECT","items_purchased":["Ball Lightning","DataDisk","Static Discharge","FocusPotion","Doom and Gloom"],"campfire_rested":3,"item_purchase_floors":[3,20,20,29,31],"current_hp_per_floor":[55,55,55,55,48,48,48,48,48,33,15,14,6,6,27,21,59,59,39,39,39,39,39,14,14,14,36,32,32,11,11,33,0],"gold":19,"neow_bonus":"TRANSFORM_CARD","is_prod":false,"is_daily":false,"chose_seed":false,"campfire_upgraded":4,"win_rate":0,"timestamp":1554743888,"path_taken":["M","?","$","M","?","R","M","R","T","?","E","M","M","E","R","BOSS","M","?","$","?","?","R","E","R","T","R","M","$","E","?","R","BOSS"],"build_version":"2019-01-23","purchased_purges":3,"victory":false,"max_hp_per_floor":[71,71,71,71,71,71,71,71,71,71,71,71,71,71,71,71,71,71,76,76,76,76,76,76,76,76,76,76,76,76,76,76,76],"card_choices":[{"not_picked":["Leap","Barrage"],"picked":"Compile Driver","floor":1},{"not_picked":["Turbo","Scrape"],"picked":"Sunder","floor":4},{"not_picked":["Steam Power","Barrage"],"picked":"Steam","floor":7},{"not_picked":["Steam","Streamline"],"picked":"Cold Snap","floor":10},{"not_picked":["Turbo","Sweeping Beam"],"picked":"Coolheaded","floor":11},{"not_picked":["Force Field","Leap"],"picked":"Gash","floor":12},{"not_picked":["Streamline","Hologram"],"picked":"Loop","floor":13},{"not_picked":["Meteor Strike","Self Repair","Heatsinks"],"picked":"SKIP","floor":14},{"not_picked":["Core Surge","Hyperbeam"],"picked":"Electrodynamics","floor":16},{"not_picked":["Sweeping Beam","Fusion"],"picked":"Gash","floor":18},{"not_picked":["Streamline","White Noise"],"picked":"Ball Lightning","floor":22},{"not_picked":["Static Discharge","Leap"],"picked":"Storm","floor":24},{"not_picked":["Rebound","Scrape","Blizzard"],"picked":"SKIP","floor":28},{"not_picked":["Sweeping Beam+1","Redo"],"picked":"Coolheaded","floor":30}],"player_experience":1564318,"relics_obtained":[{"floor":11,"key":"Pocketwatch"},{"floor":14,"key":"PreservedInsect"},{"floor":24,"key":"Pen Nib"},{"floor":26,"key":"Whetstone"},{"floor":30,"key":"Nunchaku"}],"event_choices":[{"damage_healed":0,"gold_gain":150,"player_choice":"AGREE","damage_taken":0,"max_hp_gain":0,"max_hp_loss":0,"event_name":"Liars Game","floor":2,"gold_loss":0,"cards_obtained":["Doubt"]},{"cards_removed":["Strike_B"],"damage_healed":0,"gold_gain":0,"player_choice":"Card Removal","damage_taken":7,"max_hp_gain":0,"max_hp_loss":0,"event_name":"Golden Wing","floor":5,"gold_loss":0},{"damage_healed":0,"gold_gain":0,"player_choice":"Searched \u00272\u0027 times","damage_taken":0,"relics_obtained":["Bronze Scales"],"max_hp_gain":0,"max_hp_loss":0,"event_name":"Dead Adventurer","floor":10,"gold_loss":0},{"damage_healed":0,"gold_gain":0,"player_choice":"Shed Blood","damage_taken":25,"max_hp_gain":5,"max_hp_loss":0,"event_name":"Forgotten Altar","floor":19,"gold_loss":0},{"damage_healed":0,"gold_gain":0,"player_choice":"Trade","damage_taken":0,"relics_obtained":["SsserpentHead"],"max_hp_gain":0,"max_hp_loss":0,"event_name":"FaceTrader","floor":21,"gold_loss":0}],"is_beta":false,"boss_relics":[{"not_picked":["Tiny House","Inserter"],"picked":"Philosopher\u0027s Stone"}],"items_purged_floors":[3,20,29],"is_endless":false,"potions_floor_spawned":[4,10,11,13,14,22,28],"killed_by":"Champ","ascension_level":20}