{"gold_per_floor":[112,112,34,51,62,97,97,127,127,141,141,35,64,80,80,156,156,175,95],"floor_reached":19,"playtime":601,"items_purged":[],"score":374,"play_id":"f764ceb3-9b53-42f5-b26c-c059c8499aa6","local_time":"20190214221045","is_ascension_mode":true,"campfire_choices":[{"floor":7,"key":"REST"},{"floor":11,"key":"REST"},{"floor":15,"key":"REST"}],"neow_cost":"PERCENT_DAMAGE","seed_source_timestamp":39059631131282,"circlet_count":0,"master_deck":["AscendersBane","Strike_B","Strike_B","Strike_B","Defend_B","Defend_B","Defend_B","Defend_B","Zap","Dualcast","Hyperbeam","Cold Snap","Doom and Gloom","Rebound","Cold Snap","Loop","Blizzard","Genetic Algorithm","Ball Lightning","Coolheaded","Buffer","Electrodynamics","Clumsy","Reinforced Body"],"relics":["Cracked Core","Oddly Smooth Stone","Ornamental Fan","Omamori","Bird Faced Urn","Calling Bell","Smiling Mask","Mercury Hourglass","StoneCalendar"],"potions_floor_usage":[13,16,16],"damage_taken":[{"damage":2,"enemies":"Jaw Worm","floor":1,"turns":2},{"damage":1,"enemies":"Cultist","floor":4,"turns":3},{"damage":8,"enemies":"Small Slimes","floor":5,"turns":3},{"damage":20,"enemies":"3 Sentries","floor":6,"turns":3},{"damage":28,"enemies":"Gremlin Nob","floor":8,"turns":4},{"damage":0,"enemies":"Gremlin Gang","floor":10,"turns":1},{"damage":16,"enemies":"Lagavulin","floor":13,"turns":7},{"damage":8,"enemies":"Red Slaver","floor":14,"turns":3},{"damage":18,"enemies":"The Guardian","floor":16,"turns":15},{"damage":28,"enemies":"3 Byrds","floor":18,"turns":5},{"damage":36,"enemies":"2 Thieves","floor":19,"turns":2}],"seed_played":"-6119403496164702571","potions_obtained":[{"floor":6,"key":"SpeedPotion"},{"floor":8,"key":"Energy Potion"},{"floor":10,"key":"SkillPotion"},{"floor":14,"key":"Swift Potion"}],"is_trial":false,"path_per_floor":["M","?","$","M","M","E","R","E","T","M","R","$","E","M","R","B",null,"M","M"],"character_chosen":"DEFECT","items_purchased":["Doom and Gloom","Ball Lightning","Coolheaded"],"campfire_rested":3,"item_purchase_floors":[3,12,12],"current_hp_per_floor":[44,44,44,43,35,15,36,8,8,8,29,29,13,7,28,14,57,33,0],"gold":95,"neow_bonus":"THREE_RARE_CARDS","is_prod":false,"is_daily":false,"chose_seed":false,"campfire_upgraded":0,"win_rate":0,"timestamp":1550178645,"path_taken":["M","?","?","M","?","E","R","E","T","M","R","$","E","M","R","BOSS","M","M"],"build_version":"2019-01-23","purchased_purges":0,"victory":false,"max_hp_per_floor":[71,71,71,71,71,71,71,71,71,71,71,71,71,71,71,71,71,71,71],"card_choices":[{"not_picked":["Buffer","Rainbow"],"picked":"Hyperbeam","floor":0},{"not_picked":["Coolheaded","Barrage"],"picked":"Cold Snap","floor":1},{"not_picked":["Redo","Steam"],"picked":"Rebound","floor":4},{"not_picked":["Steam","Sweeping Beam"],"picked":"Cold Snap","floor":5},{"not_picked":["Gash","Hello World"],"picked":"Loop","floor":6},{"not_picked":["Rebound","Redo"],"picked":"Blizzard","floor":8},{"not_picked":["Compile Driver","Gash"],"picked":"Genetic Algorithm","floor":10},{"not_picked":["Compile Driver","Scrape"],"picked":"Buffer","floor":13},{"not_picked":["Lockon","BootSequence","Aggregate"],"picked":"SKIP","floor":14},{"not_picked":["Creative AI","Meteor Strike"],"picked":"Electrodynamics","floor":16},{"not_picked":["Cold Snap","Undo"],"picked":"Reinforced Body","floor":18}],"player_experience":1273063,"relics_obtained":[{"floor":6,"key":"Oddly Smooth Stone"},{"floor":8,"key":"Ornamental Fan"},{"floor":9,"key":"Omamori"},{"floor":13,"key":"Bird Faced Urn"},{"floor":17,"key":"Smiling Mask"},{"floor":17,"key":"Mercury Hourglass"},{"floor":17,"key":"StoneCalendar"}],"event_choices":[{"cards_removed":["Strike_B"],"damage_healed":0,"gold_gain":0,"player_choice":"Offered Basic","damage_taken":0,"max_hp_gain":0,"max_hp_loss":0,"event_name":"Bonfire Elementals","floor":2,"gold_loss":0}],"is_beta":false,"boss_relics":[{"not_picked":["Nuclear Battery","Pandora\u0027s Box"],"picked":"Calling Bell"}],"items_purged_floors":[],"is_endless":false,"potions_floor_spawned":[6,8,10,14],"killed_by":"2 Thieves","ascension_level":20}