{"gold_per_floor":[117,130,130,54,69,96,96,66,66,92,56,76,76,91,91,170,170,186,146,71,81,101,135,135,167,167,167,185,185,185,215,215,215],"floor_reached":33,"playtime":2133,"items_purged":[],"score":516,"play_id":"83170a01-60cc-48e1-9816-f43e84c8fedc","local_time":"20180916143206","is_ascension_mode":true,"campfire_choices":[{"data":"Genetic Algorithm","floor":7,"key":"SMITH"},{"data":"Sunder","floor":13,"key":"SMITH"},{"data":"Darkness","floor":15,"key":"SMITH"},{"floor":24,"key":"REST"},{"data":"Zap","floor":27,"key":"SMITH"},{"data":"Dualcast","floor":29,"key":"SMITH"},{"data":"Electrodynamics","floor":32,"key":"SMITH"}],"neow_cost":"NONE","seed_source_timestamp":16481527976872,"circlet_count":0,"master_deck":["Strike_B","Strike_B","Strike_B","Defend_B","Defend_B","Defend_B","Defend_B","Zap+1","Dualcast+1","AscendersBane","Darkness+1","Auto Shields","Genetic Algorithm+1","Melter","Go for the Eyes","Beam Cell+1","Static Discharge","Sunder+1","Seek","Double Energy+1","Self Repair","Steam Power+1","Leap","BootSequence","Doom and Gloom","Electrodynamics+1"],"relics":["Cracked Core","NeowsBlessing","Meat on the Bone","PreservedInsect","Smiling Mask","Gremlin Horn","White Beast Statue","Calipers","Pantograph","Question Card","Dodecahedron"],"potions_floor_usage":[6,6,22,23,23,28,31,31,33],"damage_taken":[{"damage":0,"enemies":"Jaw Worm","floor":1,"turns":1},{"damage":0,"enemies":"Cultist","floor":2,"turns":1},{"damage":0,"enemies":"2 Louse","floor":5,"turns":1},{"damage":30,"enemies":"Gremlin Nob","floor":6,"turns":5},{"damage":20,"enemies":"Lagavulin","floor":10,"turns":6},{"damage":18,"enemies":"Gremlin Gang","floor":12,"turns":4},{"damage":3,"enemies":"Blue Slaver","floor":14,"turns":3},{"damage":20,"enemies":"The Guardian","floor":16,"turns":8},{"damage":11,"enemies":"Spheric Guardian","floor":18,"turns":3},{"damage":27,"enemies":"Shell Parasite","floor":21,"turns":5},{"damage":36,"enemies":"3 Cultists","floor":22,"turns":5},{"damage":15,"enemies":"Slavers","floor":23,"turns":5},{"damage":30,"enemies":"Book of Stabbing","floor":25,"turns":3},{"damage":15,"enemies":"Centurion and Healer","floor":28,"turns":6},{"damage":15,"enemies":"Slavers","floor":31,"turns":4},{"damage":79,"enemies":"Automaton","floor":33,"turns":10}],"seed_played":"6541834615790089777","potions_obtained":[{"floor":2,"key":"EssenceOfSteel"},{"floor":5,"key":"Regen Potion"},{"floor":8,"key":"Energy Potion"},{"floor":8,"key":"LiquidBronze"},{"floor":16,"key":"FocusPotion"},{"floor":22,"key":"Strength Potion"},{"floor":23,"key":"Explosive Potion"},{"floor":25,"key":"Swift Potion"},{"floor":28,"key":"GamblersBrew"},{"floor":31,"key":"Dexterity Potion"}],"is_trial":false,"path_per_floor":["M","M","?","$","M","E","R","?","T","E","$","M","R","M","R","B",null,"M","?","?","M","M","E","R","E","T","R","M","R","$","E","R"],"character_chosen":"DEFECT","items_purchased":["Genetic Algorithm","Static Discharge"],"campfire_rested":1,"item_purchase_floors":[4,11],"current_hp_per_floor":[68,68,65,65,65,40,40,40,40,32,32,26,26,35,35,27,63,52,52,52,37,20,24,46,28,28,28,32,32,32,36,36,0],"gold":215,"neow_bonus":"THREE_ENEMY_KILL","is_prod":false,"is_daily":false,"chose_seed":false,"campfire_upgraded":6,"win_rate":0,"timestamp":1537101126,"path_taken":["M","M","?","$","M","E","R","?","T","E","$","M","R","M","R","BOSS","M","?","?","M","M","E","R","E","T","R","M","R","$","E","R","BOSS"],"build_version":"2018-09-12","purchased_purges":0,"victory":false,"max_hp_per_floor":[75,75,75,75,75,75,75,75,75,75,75,75,75,75,75,75,75,75,75,75,75,75,75,75,75,75,75,75,75,75,75,75,75],"card_choices":[{"not_picked":["Barrage","Stack"],"picked":"Darkness","floor":1},{"not_picked":["Turbo","Compile Driver"],"picked":"Auto Shields","floor":2},{"not_picked":["Cold Snap","Scrape"],"picked":"Melter","floor":5},{"not_picked":["Compile Driver","Skim"],"picked":"Go for the Eyes","floor":6},{"not_picked":["Ball Lightning","Hologram"],"picked":"Beam Cell","floor":10},{"not_picked":["Stack","Sweeping Beam"],"picked":"Sunder","floor":12},{"not_picked":["Stack","Fusion","Rebound"],"picked":"SKIP","floor":14},{"not_picked":["Reboot","Biased Cognition"],"picked":"Seek","floor":16},{"not_picked":["Barrage","Gash"],"picked":"Double Energy","floor":18},{"not_picked":["Undo","Coolheaded"],"picked":"Self Repair","floor":21},{"not_picked":["Cold Snap","Steam"],"picked":"Steam Power+1","floor":22},{"not_picked":["Go for the Eyes","Turbo"],"picked":"Leap","floor":23},{"not_picked":["FTL","Redo"],"picked":"BootSequence","floor":25},{"not_picked":["Stack","Cold Snap","Skim"],"picked":"Doom and Gloom","floor":28},{"not_picked":["Stack","Tempest","Recycle"],"picked":"Electrodynamics","floor":31}],"player_experience":443634,"relics_obtained":[{"floor":6,"key":"PreservedInsect"},{"floor":9,"key":"Smiling Mask"},{"floor":10,"key":"Gremlin Horn"},{"floor":23,"key":"Calipers"},{"floor":25,"key":"Pantograph"},{"floor":26,"key":"Question Card"},{"floor":31,"key":"Dodecahedron"}],"event_choices":[{"event_name":"Scrap Ooze","player_choice":"success","floor":3,"damage_taken":3},{"event_name":"The Woman in Blue","player_choice":"Bought 2 Potions","floor":8,"damage_taken":0},{"event_name":"Designer","player_choice":"Upgrade 2 Random Cards","floor":19,"damage_taken":0},{"event_name":"Beggar","player_choice":"Gave Gold","floor":20,"damage_taken":0}],"is_beta":true,"boss_relics":[{"not_picked":["FrozenCore","Coffee Dripper"],"picked":"White Beast Statue"}],"items_purged_floors":[],"is_endless":false,"potions_floor_spawned":[2,5,14,16,18,21,22,23,25,28,31],"killed_by":"Automaton","ascension_level":13}