{"path_per_floor":["M","?","M","T","M","E","M","R","T","E","M","$","M","E","R","B",null,"M","M","$","M","M","R","E","M","T","M","R","M","R","M","R","B",null,"M","M","?","?","$","R","E","R","T","M","E","R","M","M","R","B"],"character_chosen":"IRONCLAD","items_purchased":["Limit Break","Limit Break","Panache"],"gold_per_floor":[111,111,129,129,139,174,185,185,212,240,258,117,127,152,152,255,255,275,288,135,146,157,157,190,203,226,238,238,253,253,273,273,377,377,391,403,403,403,222,222,254,254,254,267,302,302,318,332,332,332],"floor_reached":51,"campfire_rested":2,"playtime":2235,"item_purchase_floors":[12,20,39],"current_hp_per_floor":[72,60,63,63,73,46,54,54,54,50,59,59,60,50,50,45,71,60,37,37,10,24,48,34,25,25,8,32,21,21,33,33,67,77,59,80,80,80,80,80,74,74,74,65,50,50,50,75,75,24],"items_purged":[],"gold":332,"score":1119,"play_id":"c4131cd8-41aa-4f4f-bbd9-0d052a39463d","local_time":"20180611203550","is_prod":false,"is_daily":false,"chose_seed":false,"is_ascension_mode":true,"campfire_upgraded":8,"win_rate":0,"timestamp":1528742150,"campfire_choices":[{"data":"Flex","floor":8,"key":"SMITH"},{"data":"Flex","floor":15,"key":"SMITH"},{"floor":23,"key":"REST"},{"floor":28,"key":"REST"},{"data":"Limit Break","floor":30,"key":"SMITH"},{"data":"Limit Break","floor":32,"key":"SMITH"},{"data":"Demon Form","floor":40,"key":"SMITH"},{"data":"Double Tap","floor":42,"key":"SMITH"},{"data":"Armaments","floor":46,"key":"SMITH"},{"data":"Pummel","floor":49,"key":"SMITH"}],"path_taken":["M","?","?","?","M","E","M","R","T","E","M","$","?","E","R","BOSS","M","M","$","M","M","R","E","M","T","M","R","M","R","M","R","BOSS","M","M","?","?","$","R","E","R","T","M","E","R","M","M","R","BOSS"],"build_version":"2018-06-08","seed_source_timestamp":6947127394381,"purchased_purges":0,"victory":true,"master_deck":["Strike_R","Strike_R","Strike_R","Strike_R","Defend_R+1","Defend_R","Bash","Reaper","Flex+1","Spot Weakness+1","Shrug It Off","Perfected Strike","Sword Boomerang","Flex+1","Spot Weakness","Limit Break+1","Armaments+1","Sword Boomerang","Demon Form+1","Spot Weakness+1","Limit Break+1","Warcry+1","Whirlwind","Spot Weakness","Rage+1","Dropkick+1","Impervious","Double Tap+1","Reckless Charge+1","Evolve+1","Pummel+1","Panache","Reaper","Dual Wield+1","Whirlwind+1"],"max_hp_per_floor":[80,80,80,80,80,80,80,80,80,80,80,80,80,80,80,80,80,80,80,80,80,80,80,80,80,80,80,80,80,80,80,80,80,80,80,80,80,80,80,80,80,80,80,80,80,80,80,80,80,80],"relics":["Burning Blood","Self Forming Clay","Mercury Hourglass","Bottled Flame","War Paint","Oddly Smooth Stone","Blood Vial","Runic Pyramid","Potion Belt","Pen Nib","Astrolabe","Omamori","Calipers","Juzu Bracelet"],"card_choices":[{"not_picked":["Clash","Armaments"],"picked":"Flex","floor":1},{"not_picked":["Burning Pact","Flex"],"picked":"Spot Weakness","floor":3},{"not_picked":["Brutality","Ghostly Armor"],"picked":"Shrug It Off","floor":5},{"not_picked":["Sword Boomerang","Clash"],"picked":"Perfected Strike","floor":6},{"not_picked":["Clothesline","Second Wind"],"picked":"Sword Boomerang","floor":7},{"not_picked":["Searing Blow","Entrench"],"picked":"Flex","floor":10},{"not_picked":["Anger","Sword Boomerang"],"picked":"Spot Weakness","floor":11},{"not_picked":["Warcry","Sword Boomerang"],"picked":"Armaments","floor":13},{"not_picked":["Dual Wield","Blood for Blood"],"picked":"Sword Boomerang","floor":14},{"not_picked":["Brutality","Double Tap"],"picked":"Demon Form","floor":16},{"not_picked":["Iron Wave+1","Blood for Blood"],"picked":"Sever Soul+1","floor":18},{"not_picked":["Reckless Charge","Searing Blow"],"picked":"Spot Weakness+1","floor":19},{"not_picked":["Battle Trance","Pommel Strike"],"picked":"Warcry+1","floor":21},{"not_picked":["Thunderclap","Wild Strike"],"picked":"Whirlwind","floor":22},{"not_picked":["Heavy Blade","Wild Strike"],"picked":"Spot Weakness","floor":24},{"not_picked":["Pommel Strike","Corruption"],"picked":"Rage+1","floor":25},{"not_picked":["Carnage","Power Through"],"picked":"Dropkick+1","floor":27},{"not_picked":["True Grit+1","Body Slam+1"],"picked":"Impervious","floor":29},{"not_picked":["Disarm","Wild Strike","Havoc"],"picked":"SKIP","floor":31},{"not_picked":["Feed","Bludgeon"],"picked":"Double Tap","floor":33},{"not_picked":["Headbutt","Perfected Strike","Power Through+1"],"picked":"SKIP","floor":35},{"not_picked":["Iron Wave+1","Body Slam"],"picked":"Pummel","floor":36},{"not_picked":["Anger+1","Whirlwind","Ghostly Armor"],"picked":"SKIP","floor":41},{"not_picked":["Headbutt+1","Havoc","Perfected Strike+1"],"picked":"SKIP","floor":44},{"not_picked":["Hemokinesis","Intimidate"],"picked":"Reaper","floor":45},{"not_picked":["Clash+1","Thunderclap"],"picked":"Dual Wield+1","floor":47},{"not_picked":["Searing Blow","Body Slam"],"picked":"Whirlwind+1","floor":48}],"player_experience":311705,"potions_floor_usage":[10,11,25,25,25,31,33,36,44,50,50],"damage_taken":[{"damage":10,"enemies":"Small Slimes","floor":1,"turns":4},{"damage":3,"enemies":"Cultist","floor":3,"turns":4},{"damage":2,"enemies":"Jaw Worm","floor":5,"turns":3},{"damage":42,"enemies":"Lagavulin","floor":6,"turns":6},{"damage":8,"enemies":"Large Slime","floor":7,"turns":6},{"damage":18,"enemies":"Gremlin Nob","floor":10,"turns":3},{"damage":9,"enemies":"2 Fungi Beasts","floor":11,"turns":2},{"damage":14,"enemies":"Red Slaver","floor":13,"turns":2},{"damage":16,"enemies":"Lagavulin","floor":14,"turns":6},{"damage":35,"enemies":"The Guardian","floor":16,"turns":7},{"damage":26,"enemies":"3 Byrds","floor":18,"turns":3},{"damage":31,"enemies":"Chosen","floor":19,"turns":4},{"damage":48,"enemies":"Slaver and Parasite","floor":21,"turns":6},{"damage":18,"enemies":"3 Cultists","floor":22,"turns":3},{"damage":34,"enemies":"Slavers","floor":24,"turns":3},{"damage":49,"enemies":"Cultist and Chosen","floor":25,"turns":6},{"damage":49,"enemies":"Centurion and Healer","floor":27,"turns":4},{"damage":27,"enemies":"Snake Plant","floor":29,"turns":4},{"damage":30,"enemies":"Cultist and Chosen","floor":31,"turns":4},{"damage":33,"enemies":"Collector","floor":33,"turns":5},{"damage":54,"enemies":"3 Shapes","floor":35,"turns":5},{"damage":46,"enemies":"3 Darklings","floor":36,"turns":4},{"damage":39,"enemies":"Nemesis","floor":41,"turns":7},{"damage":53,"enemies":"Maw","floor":44,"turns":5},{"damage":23,"enemies":"Giant Head","floor":45,"turns":5},{"damage":36,"enemies":"4 Shapes","floor":47,"turns":4},{"damage":37,"enemies":"Transient","floor":48,"turns":5},{"damage":128,"enemies":"Donu and Deca","floor":50,"turns":7}],"relics_obtained":[{"floor":4,"key":"Mercury Hourglass"},{"floor":6,"key":"Bottled Flame"},{"floor":9,"key":"War Paint"},{"floor":10,"key":"Oddly Smooth Stone"},{"floor":14,"key":"Blood Vial"},{"floor":24,"key":"Potion Belt"},{"floor":26,"key":"Pen Nib"},{"floor":41,"key":"Omamori"},{"floor":43,"key":"Calipers"},{"floor":45,"key":"Juzu Bracelet"}],"event_choices":[{"event_name":"Scrap Ooze","player_choice":"success","floor":2,"damage_taken":12},{"event_name":"Falling","player_choice":"Removed Power","floor":37,"damage_taken":0},{"event_name":"Bonfire Elementals","player_choice":"BASIC","floor":38,"damage_taken":0}],"boss_relics":[{"not_picked":["Orrery","Pandora\u0027s Box"],"picked":"Runic Pyramid"},{"not_picked":["Eternal Feather","Snecko Eye"],"picked":"Astrolabe"}],"items_purged_floors":[],"potions_floor_spawned":[3,5,6,11,14,18,21,24,25,31,35,41,45,48],"seed_played":"1649732616178341488","ascension_level":8,"potions_obtained":[{"floor":3,"key":"Explosive Potion"},{"floor":5,"key":"Swift Potion"},{"floor":6,"key":"FearPotion"},{"floor":11,"key":"SpeedPotion"},{"floor":14,"key":"Ancient Potion"},{"floor":21,"key":"Dexterity Potion"},{"floor":24,"key":"SpeedPotion"},{"floor":25,"key":"SteroidPotion"},{"floor":31,"key":"PowerPotion"},{"floor":35,"key":"PowerPotion"},{"floor":41,"key":"SkillPotion"},{"floor":45,"key":"Regen Potion"},{"floor":48,"key":"Swift Potion"}],"is_trial":false}