{"gold_per_floor":[109,126,126,126,137,137,150,150,198,198,230,230],"floor_reached":12,"playtime":1185,"items_purged":[],"score":133,"play_id":"9a14e75a-926f-4583-bb9f-0365a2869faa","local_time":"20181101184456","is_ascension_mode":true,"campfire_choices":[{"data":"Prepared","floor":6,"key":"SMITH"},{"data":"Reflex","floor":8,"key":"SMITH"},{"data":"Dodge and Roll","floor":10,"key":"SMITH"}],"neow_cost":"NONE","seed_source_timestamp":7827323159628,"circlet_count":0,"master_deck":["AscendersBane","Defend_G","Defend_G","Defend_G","Defend_G","Defend_G","Strike_G","Strike_G","Strike_G","Strike_G","Strike_G","Survivor","Neutralize","Prepared+1","Prepared","Cloak And Dagger","Eviscerate","Reflex+1","Dodge and Roll+1","Caltrops","Quick Slash","Deadly Poison","Catalyst"],"relics":["Orrery","Omamori","Pen Nib"],"potions_floor_usage":[11],"damage_taken":[{"damage":4,"enemies":"Small Slimes","floor":1,"turns":5},{"damage":11,"enemies":"Jaw Worm","floor":2,"turns":7},{"damage":5,"enemies":"Cultist","floor":5,"turns":5},{"damage":15,"enemies":"2 Fungi Beasts","floor":7,"turns":4},{"damage":34,"enemies":"Lagavulin","floor":11,"turns":10},{"damage":5,"enemies":"Exordium Wildlife","floor":12,"turns":1}],"seed_played":"-287272540802110997","potions_obtained":[{"floor":2,"key":"LiquidBronze"},{"floor":5,"key":"Regen Potion"}],"is_trial":false,"path_per_floor":["M","M","?","?","M","R","M","R","T","R","E","M"],"character_chosen":"THE_SILENT","items_purchased":[],"campfire_rested":0,"item_purchase_floors":[],"current_hp_per_floor":[55,44,44,44,39,39,24,24,24,24,5,0],"gold":230,"neow_bonus":"BOSS_RELIC","is_prod":false,"is_daily":false,"chose_seed":false,"campfire_upgraded":3,"win_rate":0,"timestamp":1541094296,"path_taken":["M","M","?","?","?","R","M","R","T","R","E","M"],"build_version":"2018-10-31v2","purchased_purges":0,"victory":false,"max_hp_per_floor":[66,66,66,66,66,66,66,66,66,66,66,66],"card_choices":[{"not_picked":["Caltrops","Dagger Spray"],"picked":"Prepared","floor":0},{"not_picked":["Dagger Spray","Setup"],"picked":"Prepared","floor":0},{"not_picked":["Quick Slash","Deflect"],"picked":"Cloak And Dagger","floor":0},{"not_picked":["Slice","Quick Slash"],"picked":"Eviscerate","floor":0},{"not_picked":["Underhanded Strike","Riddle With Holes"],"picked":"Reflex","floor":0},{"not_picked":["Poisoned Stab","Endless Agony"],"picked":"Dodge and Roll","floor":1},{"not_picked":["Skewer","Leg Sweep"],"picked":"Caltrops","floor":2},{"not_picked":["Cloak And Dagger","Skewer"],"picked":"Quick Slash","floor":5},{"not_picked":["Prepared","Outmaneuver"],"picked":"Deadly Poison","floor":7},{"not_picked":["Envenom","Prepared"],"picked":"Catalyst","floor":11}],"player_experience":739376,"relics_obtained":[{"floor":9,"key":"Omamori"},{"floor":11,"key":"Pen Nib"}],"event_choices":[{"damage_healed":0,"gold_gain":0,"player_choice":"Ignored","damage_taken":0,"max_hp_gain":0,"max_hp_loss":0,"event_name":"Liars Game","floor":3,"gold_loss":0},{"damage_healed":0,"gold_gain":0,"player_choice":"Ignored","damage_taken":0,"max_hp_gain":0,"max_hp_loss":0,"event_name":"Golden Wing","floor":4,"gold_loss":0}],"is_beta":true,"boss_relics":[],"items_purged_floors":[],"is_endless":false,"potions_floor_spawned":[2,5],"killed_by":"Exordium Wildlife","ascension_level":14}