{"gold_per_floor":[213,223,242,257,269,298,316,316,340,353,353,381,6,35,35,35],"floor_reached":16,"playtime":1380,"items_purged":[],"score":155,"play_id":"d550653c-96f9-461e-ab51-f016505f7166","local_time":"20190325062318","is_ascension_mode":true,"campfire_choices":[{"data":"1","floor":8,"key":"LIFT"},{"data":"Armaments","floor":11,"key":"SMITH"},{"floor":15,"key":"REST"}],"neow_cost":"NONE","seed_source_timestamp":485890345151997,"circlet_count":0,"master_deck":["Strike_R","Strike_R","Strike_R","Strike_R","Strike_R","Defend_R","Defend_R","Defend_R","Defend_R","Bash","Clash","Shrug It Off","Sever Soul","Spot Weakness","Flex","Armaments+1","Limit Break","Pommel Strike","Entrench"],"relics":["Burning Blood","Girya","Ancient Tea Set","Vajra","Lantern","HandDrill","Boot"],"potions_floor_usage":[6,7,12,12,14,16],"damage_taken":[{"damage":2,"enemies":"Jaw Worm","floor":1,"turns":6},{"damage":3,"enemies":"2 Louse","floor":2,"turns":2},{"damage":0,"enemies":"Cultist","floor":3,"turns":3},{"damage":6,"enemies":"Blue Slaver","floor":4,"turns":5},{"damage":8,"enemies":"Red Slaver","floor":5,"turns":3},{"damage":32,"enemies":"Lagavulin","floor":6,"turns":6},{"damage":22,"enemies":"Large Slime","floor":7,"turns":9},{"damage":5,"enemies":"Blue Slaver","floor":10,"turns":3},{"damage":9,"enemies":"3 Sentries","floor":12,"turns":7},{"damage":8,"enemies":"Gremlin Nob","floor":14,"turns":3},{"damage":59,"enemies":"Hexaghost","floor":16,"turns":9}],"seed_played":"-1089648006883063966","potions_obtained":[{"floor":1,"key":"Swift Potion"},{"floor":5,"key":"AttackPotion"},{"floor":6,"key":"SkillPotion"},{"floor":7,"key":"SneckoOil"},{"floor":10,"key":"SteroidPotion"},{"floor":14,"key":"SkillPotion"}],"is_trial":false,"path_per_floor":["M","M","M","M","M","E","M","R","T","M","R","E","$","E","R","B"],"character_chosen":"IRONCLAD","items_purchased":["Pommel Strike","Lantern","HandDrill"],"campfire_rested":1,"item_purchase_floors":[13,13,13],"current_hp_per_floor":[80,80,80,80,78,52,36,36,36,37,37,34,34,32,56,0],"gold":35,"neow_bonus":"HUNDRED_GOLD","is_prod":false,"is_daily":false,"chose_seed":false,"campfire_upgraded":1,"win_rate":0,"timestamp":1553520198,"path_taken":["M","M","M","M","M","E","M","R","T","M","R","E","$","E","R","BOSS"],"build_version":"2019-01-23","purchased_purges":0,"victory":false,"max_hp_per_floor":[80,80,80,80,80,80,80,80,80,80,80,80,80,80,80,80],"card_choices":[{"not_picked":["Sentinel","Havoc"],"picked":"Clash","floor":1},{"not_picked":["Perfected Strike","Twin Strike","Sword Boomerang"],"picked":"SKIP","floor":2},{"not_picked":["Headbutt","Reaper"],"picked":"Shrug It Off","floor":3},{"not_picked":["True Grit","Wild Strike"],"picked":"Sever Soul","floor":4},{"not_picked":["Disarm","Anger"],"picked":"Spot Weakness","floor":5},{"not_picked":["Sentinel","Headbutt","Heavy Blade"],"picked":"SKIP","floor":6},{"not_picked":["Clothesline","Bloodletting"],"picked":"Flex","floor":7},{"not_picked":["Rampage","True Grit"],"picked":"Armaments","floor":10},{"not_picked":["Twin Strike","Feel No Pain"],"picked":"Limit Break","floor":12},{"not_picked":["Uppercut","Headbutt"],"picked":"Entrench","floor":14}],"player_experience":406236,"relics_obtained":[{"floor":6,"key":"Girya"},{"floor":9,"key":"Ancient Tea Set"},{"floor":12,"key":"Vajra"},{"floor":14,"key":"Boot"}],"event_choices":[],"is_beta":false,"boss_relics":[],"items_purged_floors":[],"is_endless":false,"potions_floor_spawned":[1,5,6,7,10,14],"killed_by":"Hexaghost","ascension_level":5}