{"gold_per_floor":[369,5,23,41,52,77,93,93,93,17,50,66,98,114,114,114],"floor_reached":16,"playtime":565,"items_purged":[],"score":248,"play_id":"073e2549-0bed-485f-8e6d-a9b10c3e3174","local_time":"20190416172740","is_ascension_mode":true,"campfire_choices":[{"data":"Bash","floor":8,"key":"SMITH"},{"data":"Carnage","floor":15,"key":"SMITH"}],"neow_cost":"PERCENT_DAMAGE","seed_source_timestamp":30075007074771,"circlet_count":0,"master_deck":["AscendersBane","Strike_R","Strike_R","Strike_R","Strike_R","Strike_R","Defend_R","Defend_R","Defend_R","Defend_R","Bash+1","Metallicize","Flame Barrier+1","Pommel Strike","Carnage+1","Shrug It Off+1","Corruption","Armaments+1","Battle Trance+1","Entrench+1","Dark Embrace","Sentinel+1","Inflame"],"relics":["Burning Blood","Toxic Egg 2","Red Skull","Mercury Hourglass","Juzu Bracelet","Calipers"],"potions_floor_usage":[16],"damage_taken":[{"damage":10,"enemies":"2 Louse","floor":1,"turns":4},{"damage":2,"enemies":"Jaw Worm","floor":3,"turns":4},{"damage":0,"enemies":"Small Slimes","floor":4,"turns":3},{"damage":5,"enemies":"Blue Slaver","floor":5,"turns":5},{"damage":26,"enemies":"Gremlin Nob","floor":6,"turns":4},{"damage":0,"enemies":"Looter","floor":7,"turns":2},{"damage":1,"enemies":"3 Sentries","floor":11,"turns":8},{"damage":9,"enemies":"Gremlin Gang","floor":12,"turns":5},{"damage":26,"enemies":"Gremlin Nob","floor":13,"turns":4},{"damage":0,"enemies":"Blue Slaver","floor":14,"turns":4},{"damage":34,"enemies":"Hexaghost","floor":16,"turns":9}],"seed_played":"7602501944528986882","potions_obtained":[{"floor":5,"key":"Energy Potion"},{"floor":7,"key":"AttackPotion"}],"is_trial":false,"path_per_floor":["M","$","M","M","M","E","M","R","T","$","E","M","E","M","R","B"],"character_chosen":"IRONCLAD","items_purchased":["Toxic Egg 2","Flame Barrier+1","Battle Trance+1"],"campfire_rested":0,"item_purchase_floors":[2,2,10],"current_hp_per_floor":[46,46,50,56,57,37,43,43,43,43,48,45,25,31,31,0],"gold":114,"neow_bonus":"TWO_FIFTY_GOLD","is_prod":false,"is_daily":false,"chose_seed":false,"campfire_upgraded":2,"win_rate":0,"timestamp":1555428460,"path_taken":["M","$","M","M","M","E","M","R","T","$","E","M","E","M","R","BOSS"],"build_version":"2019-01-23","purchased_purges":0,"victory":false,"max_hp_per_floor":[75,75,75,75,75,75,75,75,75,75,75,75,75,75,75,75],"card_choices":[{"not_picked":["True Grit","Dual Wield"],"picked":"Metallicize","floor":1},{"not_picked":["Headbutt","Ghostly Armor+1"],"picked":"Pommel Strike","floor":3},{"not_picked":["Armaments+1","Searing Blow"],"picked":"Carnage","floor":4},{"not_picked":["Rage+1","Clothesline"],"picked":"Shrug It Off+1","floor":5},{"not_picked":["Bloodletting+1","Fiend Fire"],"picked":"Corruption","floor":6},{"not_picked":["Flex+1","Thunderclap"],"picked":"Armaments+1","floor":7},{"not_picked":["Anger","Havoc+1"],"picked":"Entrench+1","floor":11},{"not_picked":["Rupture","Thunderclap"],"picked":"Dark Embrace","floor":12},{"not_picked":["Cleave","Searing Blow"],"picked":"Sentinel+1","floor":13},{"not_picked":["Warcry+1","Iron Wave"],"picked":"Inflame","floor":14}],"player_experience":1604697,"relics_obtained":[{"floor":6,"key":"Red Skull"},{"floor":9,"key":"Mercury Hourglass"},{"floor":11,"key":"Juzu Bracelet"},{"floor":13,"key":"Calipers"}],"event_choices":[],"is_beta":false,"boss_relics":[],"items_purged_floors":[],"is_endless":false,"potions_floor_spawned":[5,7,12,13,14],"killed_by":"Hexaghost","ascension_level":20}