{"path_per_floor":["M","?","$","?","M","E","R","M","T","E","$","M","?","M","R"],"character_chosen":"THE_SILENT","items_purchased":["Footwork","Adrenaline","Madness"],"gold_per_floor":[115,115,36,36,55,98,98,111,138,172,6,27,27,51,51,51],"floor_reached":16,"campfire_rested":2,"playtime":998,"item_purchase_floors":[3,11,11],"current_hp_per_floor":[35,35,35,35,33,18,39,37,37,11,11,6,6,6,27,0],"items_purged":[],"gold":51,"score":132,"play_id":"ae79e5b1-995b-4dde-be20-1aa4f3f4eff7","local_time":"20180524222328","is_prod":false,"is_daily":false,"chose_seed":false,"is_ascension_mode":true,"campfire_upgraded":0,"win_rate":0,"timestamp":1527193408,"campfire_choices":[{"floor":7,"key":"REST"},{"floor":15,"key":"REST"}],"path_taken":["M","?","$","?","M","E","R","M","T","E","$","M","?","?","R","BOSS"],"build_version":"2018-05-23v2","seed_source_timestamp":44822889193901,"purchased_purges":0,"victory":false,"master_deck":["Defend_G","Defend_G","Defend_G","Defend_G","Defend_G","Strike_G","Strike_G","Strike_G","Strike_G","Strike_G","Survivor","Neutralize","Storm of Steel+1","Footwork","Footwork","Injury","Skewer","Choke","Choke","Bane","Adrenaline","Madness","Backstab","Distraction"],"max_hp_per_floor":[70,70,70,70,70,70,70,70,70,70,70,70,70,70,70,70],"relics":["Ring of the Snake","Golden Idol","Lantern","Pen Nib","Letter Opener"],"card_choices":[{"not_picked":["Tactician","Venomology"],"picked":"Storm of Steel","floor":0},{"not_picked":["Dodge and Roll","Calculated Gamble"],"picked":"Footwork","floor":1},{"not_picked":["Reflex","PiercingWail"],"picked":"Skewer","floor":5},{"not_picked":["Crippling Poison","Bane"],"picked":"Choke","floor":6},{"not_picked":["Reflex","PiercingWail"],"picked":"Choke","floor":8},{"not_picked":["Sucker Punch","Calculated Gamble"],"picked":"Bane","floor":10},{"not_picked":["PiercingWail","Unload"],"picked":"Backstab","floor":12},{"not_picked":["Endless Agony","Poisoned Stab"],"picked":"Distraction","floor":14}],"player_experience":203002,"potions_floor_usage":[10,16,16],"damage_taken":[{"damage":0,"enemies":"Small Slimes","floor":1,"turns":3},{"damage":2,"enemies":"2 Louse","floor":5,"turns":3},{"damage":15,"enemies":"Lagavulin","floor":6,"turns":15},{"damage":2,"enemies":"Jaw Worm","floor":8,"turns":3},{"damage":26,"enemies":"3 Sentries","floor":10,"turns":8},{"damage":5,"enemies":"Large Slime","floor":12,"turns":6},{"damage":0,"enemies":"Blue Slaver","floor":14,"turns":1},{"damage":53,"enemies":"The Guardian","floor":16,"turns":10}],"relics_obtained":[{"floor":6,"key":"Lantern"},{"floor":9,"key":"Pen Nib"},{"floor":10,"key":"Letter Opener"}],"event_choices":[{"event_name":"Living Wall","player_choice":"Grow","floor":2,"damage_taken":0},{"event_name":"Golden Idol","player_choice":"Take Wound","floor":4,"damage_taken":0},{"event_name":"The Cleric","player_choice":"Leave","floor":13,"damage_taken":0}],"boss_relics":[],"items_purged_floors":[],"potions_floor_spawned":[6,12,14],"seed_played":"-4864371299379585958","killed_by":"The Guardian","ascension_level":4,"potions_obtained":[{"floor":6,"key":"SkillPotion"},{"floor":12,"key":"SneckoOil"},{"floor":14,"key":"LiquidBronze"}],"is_trial":false}