{"gold_per_floor":[115,135,135,135,159,193,193,218,273,273,284,299,299,316,316,414,414,428,528,513],"floor_reached":20,"playtime":1561,"items_purged":[],"score":291,"play_id":"1339a29e-f372-4328-9e03-eef55a4873cc","local_time":"20181002165041","is_ascension_mode":true,"campfire_choices":[{"data":"Neutralize","floor":7.0,"key":"SMITH"},{"data":"Noxious Fumes","floor":10.0,"key":"SMITH"},{"floor":13.0,"key":"REST"},{"floor":15.0,"key":"REST"}],"neow_cost":"NONE","seed_source_timestamp":0,"circlet_count":0,"master_deck":["Defend_G","Defend_G","Defend_G","Defend_G","Strike_G","Strike_G","Strike_G","Strike_G","Survivor+1","Neutralize+1","AscendersBane","Skewer+1","Noxious Fumes+1","Cloak And Dagger+1","Underhanded Strike","Heel Hook","Adrenaline","Bane","Cloak And Dagger","Crippling Poison","Wraith Form v2","Bane+1","Tactician"],"special_seed":0,"relics":["Empty Cage","Dream Catcher","Boot","War Paint","Smiling Mask","Velvet Choker","Turnip","Paper Crane"],"potions_floor_usage":[],"damage_taken":[{"damage":7.0,"enemies":"2 Louse","floor":1.0,"turns":5.0},{"damage":1.0,"enemies":"Small Slimes","floor":2.0,"turns":4.0},{"damage":19.0,"enemies":"3 Sentries","floor":6.0,"turns":7.0},{"damage":21.0,"enemies":"Gremlin Nob","floor":8.0,"turns":4.0},{"damage":0.0,"enemies":"Jaw Worm","floor":11.0,"turns":3.0},{"damage":9.0,"enemies":"2 Fungi Beasts","floor":12.0,"turns":3.0},{"damage":18.0,"enemies":"Gremlin Gang","floor":14.0,"turns":5.0},{"damage":24.0,"enemies":"Hexaghost","floor":16.0,"turns":10.0},{"damage":4.0,"enemies":"3 Byrds","floor":18.0,"turns":4.0},{"damage":10.0,"enemies":"Colosseum Slavers","floor":19.0,"turns":4.0},{"damage":36.0,"enemies":"Colosseum Nobs","floor":19.0,"turns":5.0},{"damage":11,"enemies":"2 Thieves","floor":20,"turns":1}],"seed_played":"955421584927865235","potions_obtained":[{"floor":2.0,"key":"Swift Potion"},{"floor":8.0,"key":"PowerPotion"}],"is_trial":false,"path_per_floor":["M","M","?","?","T","E","R","E","T","R","M","M","R","M","R","B",null,"M","?"],"character_chosen":"THE_SILENT","items_purchased":[],"campfire_rested":2,"item_purchase_floors":[],"current_hp_per_floor":[56,55,55,55,55,36,36,15,15,15,15,6,27,9,30,6,54,50,4,0],"gold":513,"neow_bonus":"BOSS_RELIC","is_prod":false,"is_daily":false,"chose_seed":false,"campfire_upgraded":2,"win_rate":0,"timestamp":1538491841,"path_taken":["M","M","?","?","?","E","R","E","T","R","?","M","R","M","R","BOSS","M","?","?"],"build_version":"2018-10-01","purchased_purges":0,"victory":false,"max_hp_per_floor":[70,70,70,70,70,70,70,70,70,70,70,70,70,70,70,70,70,70,70,70],"card_choices":[{"not_picked":["Deadly Poison","Sucker Punch"],"picked":"Skewer","floor":1.0},{"not_picked":["Leg Sweep","Well Laid Plans"],"picked":"Noxious Fumes","floor":2.0},{"not_picked":["Bane","PiercingWail"],"picked":"Cloak And Dagger","floor":6.0},{"not_picked":["Doppelganger","Dodge and Roll"],"picked":"Underhanded Strike","floor":8.0},{"not_picked":["Leg Sweep","Flying Knee"],"picked":"Heel Hook","floor":11.0},{"not_picked":["Slice","Outmaneuver"],"picked":"Adrenaline","floor":12.0},{"not_picked":["Outmaneuver","Flying Knee"],"picked":"Bane","floor":13.0},{"not_picked":["Dodge and Roll","Dagger Spray"],"picked":"Cloak And Dagger","floor":14.0},{"not_picked":["Deflect","Backflip"],"picked":"Crippling Poison","floor":15.0},{"not_picked":["Glass Knife","Die Die Die"],"picked":"Wraith Form v2","floor":16.0},{"not_picked":["Leg Sweep","Prepared"],"picked":"Bane+1","floor":18.0},{"not_picked":["Underhanded Strike","Cloak And Dagger"],"picked":"Tactician","floor":19.0}],"player_experience":572987,"relics_obtained":[{"floor":5.0,"key":"Dream Catcher"},{"floor":6.0,"key":"Boot"},{"floor":8.0,"key":"War Paint"},{"floor":9.0,"key":"Smiling Mask"},{"floor":19.0,"key":"Turnip"},{"floor":19.0,"key":"Paper Crane"}],"event_choices":[{"event_name":"Golden Wing","player_choice":"Ignored","floor":3.0,"damage_taken":0.0},{"event_name":"Living Wall","player_choice":"Grow","floor":4.0,"damage_taken":0.0},{"event_name":"Colosseum","player_choice":"Fight","floor":19.0,"damage_taken":0.0},{"event_name":"Colosseum","player_choice":"Fought Nobs","floor":19.0,"damage_taken":0.0}],"is_beta":true,"boss_relics":[{"not_picked":["Astrolabe","Orrery"],"picked":"Velvet Choker"}],"items_purged_floors":[],"is_endless":false,"potions_floor_spawned":[2,8,11,12,18],"killed_by":"2 Thieves","ascension_level":12}