{"gold_per_floor":[109,109,127,52,52,86,86,105,105,167,167,197,53,65,65,139,139,155,80,99,20,32,65,92,127,127,127,138,138,169,183,183,257,257,269,92,1091,621,641,666,666,693,718,730,757,784,58,71,71,71,71],"floor_reached":51,"playtime":1923,"items_purged":["Pain","Strike_R","Normality","Normality"],"score":1737,"play_id":"29478228-9c73-4784-9b1c-f1a6587aacfe","local_time":"20190723234944","is_ascension_mode":true,"campfire_choices":[{"data":"Bash","floor":11,"key":"SMITH"},{"data":"Armaments","floor":15,"key":"SMITH"},{"data":"Inflame","floor":29,"key":"SMITH"},{"data":"Inflame","floor":32,"key":"SMITH"},{"floor":49,"key":"RECALL"}],"neow_cost":"NONE","seed_source_timestamp":49329590947489,"circlet_count":0,"master_deck":["AscendersBane","Strike_R+1","Strike_R","Strike_R","Defend_R+1","Defend_R","Defend_R","Defend_R","Bash+1","Cleave","Corruption","Heavy Blade","Battle Trance","Carnage","Inflame+1","Shrug It Off","Armaments+1","Reaper","True Grit","Inflame+1","Uppercut","Heavy Blade+1","Sword Boomerang+1","Disarm","Sentinel","Offering+1","Pummel","Feed","Shockwave","Feed","True Grit+1","Juggernaut","Shrug It Off","Infernal Blade","Inflame+1"],"relics":["Burning Blood","NeowsBlessing","WarpedTongs","Mummified Hand","Bottled Tornado","Tiny Chest","Bronze Scales","Snecko Eye","WingedGreaves","Whetstone","Bag of Preparation","Sundial","Thread and Needle","Fusion Hammer","Bag of Marbles","Potion Belt","Anchor","War Paint","Oddly Smooth Stone","Orichalcum","Frozen Egg 2","ClockworkSouvenir"],"potions_floor_usage":[10,50,51,51],"damage_taken":[{"damage":0,"enemies":"Small Slimes","floor":1,"turns":1},{"damage":0,"enemies":"Cultist","floor":3,"turns":1},{"damage":0,"enemies":"Lagavulin","floor":6,"turns":1},{"damage":7,"enemies":"Jaw Worm","floor":8,"turns":3},{"damage":17,"enemies":"3 Sentries","floor":10,"turns":7},{"damage":8,"enemies":"Gremlin Nob","floor":12,"turns":3},{"damage":4,"enemies":"Exordium Wildlife","floor":14,"turns":3},{"damage":44,"enemies":"The Guardian","floor":16,"turns":13},{"damage":2,"enemies":"3 Byrds","floor":18,"turns":4},{"damage":4,"enemies":"2 Thieves","floor":20,"turns":3},{"damage":0,"enemies":"Snecko","floor":22,"turns":2},{"damage":9,"enemies":"Book of Stabbing","floor":23,"turns":3},{"damage":20,"enemies":"Gremlin Leader","floor":24,"turns":4},{"damage":16,"enemies":"Book of Stabbing","floor":25,"turns":4},{"damage":4,"enemies":"Snake Plant","floor":28,"turns":2},{"damage":6,"enemies":"Slavers","floor":30,"turns":3},{"damage":0,"enemies":"Centurion and Healer","floor":31,"turns":4},{"damage":24,"enemies":"Champ","floor":33,"turns":7},{"damage":6,"enemies":"3 Darklings","floor":35,"turns":5},{"damage":0,"enemies":"Orb Walker","floor":39,"turns":1},{"damage":11,"enemies":"Reptomancer","floor":40,"turns":3},{"damage":12,"enemies":"Nemesis","floor":42,"turns":3},{"damage":11,"enemies":"Writhing Mass","floor":44,"turns":4},{"damage":8,"enemies":"Reptomancer","floor":46,"turns":5},{"damage":26,"enemies":"4 Shapes","floor":48,"turns":3},{"damage":91,"enemies":"Awakened One","floor":50,"turns":7},{"damage":37,"enemies":"Time Eater","floor":51,"turns":6}],"seed_played":"-3339511418327544367","potions_obtained":[{"floor":3,"key":"Energy Potion"},{"floor":8,"key":"AttackPotion"},{"floor":16,"key":"Fire Potion"},{"floor":44,"key":"Swift Potion"},{"floor":46,"key":"Poison Potion"}],"is_trial":false,"path_per_floor":["M","?","M","$","$","E","?","M","T","E","R","E","$","M","R","B",null,"M","?","M","$","M","E","E","E","T","T","M","R","E","M","R","B",null,"M","$","?","$","M","E","?","E","T","M","T","E","$","M","R","B","B"],"character_chosen":"IRONCLAD","items_purchased":["Inflame","Shrug It Off","Uppercut","Shockwave","Feed","Bag of Marbles","Frozen Egg 2","Inflame+1","ClockworkSouvenir"],"campfire_rested":0,"item_purchase_floors":[13,13,21,36,38,38,47,47,47],"current_hp_per_floor":[74,74,75,75,75,75,75,74,74,63,63,61,61,63,63,25,63,73,73,75,75,75,73,61,60,60,60,62,62,75,75,75,57,71,74,74,74,74,82,77,82,79,79,78,78,92,92,86,86,26,0],"gold":71,"neow_bonus":"THREE_ENEMY_KILL","is_prod":false,"is_daily":false,"chose_seed":false,"campfire_upgraded":4,"win_rate":0,"timestamp":1563918584,"path_taken":["M","?","M","?","$","E","?","?","T","E","R","E","$","M","R","BOSS","M","?","M","$","M","E","E","E","T","?","M","R","E","M","R","BOSS","M","?","?","$","M","E","?","E","T","?","?","E","$","M","R","BOSS","BOSS"],"build_version":"2019-07-17","purchased_purges":4,"victory":false,"max_hp_per_floor":[75,75,75,75,75,75,75,75,75,75,75,75,75,75,75,75,75,75,75,75,75,75,75,75,75,75,75,75,75,75,75,75,75,75,78,78,78,78,82,82,82,85,85,89,89,92,92,95,95,99,99],"card_choices":[{"not_picked":["Iron Wave","Heavy Blade"],"picked":"Cleave","floor":1},{"not_picked":["Flame Barrier","Power Through"],"picked":"Anger","floor":3},{"not_picked":["Hemokinesis","Clash"],"picked":"Corruption","floor":6},{"not_picked":["Searing Blow","Blood for Blood"],"picked":"Heavy Blade","floor":8},{"not_picked":["Thunderclap","Sever Soul"],"picked":"Battle Trance","floor":10},{"not_picked":["True Grit","Twin Strike"],"picked":"Carnage","floor":12},{"not_picked":["Corruption","Fire Breathing"],"picked":"Armaments","floor":14},{"not_picked":["Brutality","Dark Embrace"],"picked":"Reaper","floor":16},{"not_picked":["Iron Wave","Twin Strike+1"],"picked":"True Grit","floor":18},{"not_picked":["Anger","Reckless Charge"],"picked":"Inflame","floor":20},{"not_picked":["True Grit","Rage"],"picked":"Heavy Blade+1","floor":22},{"not_picked":["Twin Strike","Havoc"],"picked":"Sword Boomerang","floor":23},{"not_picked":["Flex+1","Pommel Strike"],"picked":"Disarm","floor":24},{"not_picked":["Shrug It Off","Warcry+1"],"picked":"Sentinel","floor":25},{"not_picked":["Dual Wield+1","Second Wind"],"picked":"Offering","floor":28},{"not_picked":["Warcry","Thunderclap","Dropkick"],"picked":"SKIP","floor":30},{"not_picked":["Power Through","Flex"],"picked":"Pummel","floor":31},{"not_picked":["Juggernaut","Fiend Fire"],"picked":"Feed","floor":33},{"not_picked":["Headbutt+1","Cleave","Wild Strike"],"picked":"SKIP","floor":35},{"not_picked":["Havoc","Flex","Sever Soul"],"picked":"SKIP","floor":39},{"not_picked":["Sentinel","Armaments"],"picked":"True Grit+1","floor":40},{"not_picked":["Warcry","Iron Wave+1"],"picked":"Juggernaut","floor":42},{"not_picked":["True Grit","Sever Soul"],"picked":"Shrug It Off","floor":44},{"not_picked":["Iron Wave","Havoc"],"picked":"Infernal Blade","floor":46},{"not_picked":["Warcry","Pommel Strike","Reckless Charge"],"picked":"SKIP","floor":48}],"player_experience":1832097,"relics_obtained":[{"floor":6,"key":"Mummified Hand"},{"floor":9,"key":"Bottled Tornado"},{"floor":10,"key":"Tiny Chest"},{"floor":12,"key":"Bronze Scales"},{"floor":23,"key":"WingedGreaves"},{"floor":24,"key":"Whetstone"},{"floor":25,"key":"Bag of Preparation"},{"floor":27,"key":"Sundial"},{"floor":30,"key":"Thread and Needle"},{"floor":40,"key":"Potion Belt"},{"floor":42,"key":"Anchor"},{"floor":43,"key":"War Paint"},{"floor":45,"key":"Oddly Smooth Stone"},{"floor":46,"key":"Orichalcum"}],"event_choices":[{"damage_healed":0,"gold_gain":0,"player_choice":"Rummage","damage_taken":0,"relics_obtained":["WarpedTongs"],"max_hp_gain":0,"max_hp_loss":0,"event_name":"Accursed Blacksmith","floor":2,"gold_loss":0,"cards_obtained":["Pain"]},{"cards_removed":["Strike_R"],"damage_healed":0,"gold_gain":0,"player_choice":"Offered Basic","damage_taken":0,"max_hp_gain":0,"max_hp_loss":0,"event_name":"Bonfire Elementals","floor":7,"gold_loss":0},{"cards_removed":["Anger"],"damage_healed":0,"gold_gain":0,"player_choice":"Gave Gold","damage_taken":0,"max_hp_gain":0,"max_hp_loss":0,"event_name":"Beggar","floor":19,"gold_loss":75},{"damage_healed":0,"gold_gain":999,"player_choice":"Gold","damage_taken":0,"max_hp_gain":0,"max_hp_loss":0,"event_name":"MindBloom","floor":37,"gold_loss":0,"cards_obtained":["Normality","Normality"]},{"damage_healed":5,"gold_gain":0,"player_choice":"Full Heal","damage_taken":0,"max_hp_gain":0,"max_hp_loss":0,"event_name":"Wheel of Change","floor":41,"gold_loss":0}],"is_beta":false,"boss_relics":[{"not_picked":["Eternal Feather","Orrery"],"picked":"Snecko Eye"},{"not_picked":["Cursed Key","Busted Crown"],"picked":"Fusion Hammer"}],"items_purged_floors":[4,36,38,47],"is_endless":false,"potions_floor_spawned":[3,8,16,18,22,31,33,44,46,48],"killed_by":"Time Eater","ascension_level":20}