{"gold_per_floor":[114,126,136,47,58,83,83,114,114,114,114,143,143,154,154,154],"floor_reached":16,"playtime":858,"items_purged":[],"score":220,"play_id":"199649ae-2dd7-4c22-8544-7aad29f86f83","local_time":"20190119214658","is_ascension_mode":true,"campfire_choices":[{"floor":7,"key":"REST"},{"data":"Fission","floor":11,"key":"SMITH"},{"data":"Buffer","floor":13,"key":"SMITH"},{"data":"Zap","floor":15,"key":"SMITH"}],"neow_cost":"NONE","seed_source_timestamp":34137292981869,"circlet_count":0,"master_deck":["AscendersBane","Strike_B","Strike_B","Strike_B","Strike_B","Defend_B+1","Defend_B","Defend_B","Defend_B","Zap+1","Dualcast","Buffer+1","Doom and Gloom","Glacier","PanicButton","Streamline","Glacier+1","Fission+1","Turbo"],"relics":["Cracked Core","War Paint","hubris:OldNail","Meat on the Bone","Odd Mushroom"],"potions_floor_usage":[8,16],"damage_taken":[{"damage":1,"enemies":"Cultist","floor":1,"turns":4},{"damage":7,"enemies":"Jaw Worm","floor":2,"turns":4},{"damage":0,"enemies":"2 Louse","floor":3,"turns":2},{"damage":0,"enemies":"Blue Slaver","floor":5,"turns":4},{"damage":40,"enemies":"3 Sentries","floor":6,"turns":7},{"damage":19,"enemies":"Gremlin Nob","floor":8,"turns":5},{"damage":10,"enemies":"The Mushroom Lair","floor":12,"turns":3},{"damage":0,"enemies":"3 Louse","floor":14,"turns":4},{"damage":43,"enemies":"Hexaghost","floor":16,"turns":11}],"seed_played":"-7047963216820684421","potions_obtained":[{"floor":5,"key":"Dexterity Potion"},{"floor":6,"key":"PowerPotion"},{"floor":12,"key":"FocusPotion"}],"is_trial":false,"path_per_floor":["M","M","M","$","M","E","R","E","T","?","R","?","R","M","R","B"],"character_chosen":"DEFECT","items_purchased":["PanicButton"],"campfire_rested":1,"item_purchase_floors":[4],"current_hp_per_floor":[63,56,56,56,56,16,37,18,18,23,23,25,25,37,37,0],"gold":154,"neow_bonus":"ONE_RANDOM_RARE_CARD","is_prod":false,"is_daily":false,"chose_seed":false,"campfire_upgraded":3,"win_rate":0,"timestamp":1547930818,"path_taken":["M","M","M","$","M","E","R","E","T","?","R","?","R","M","R","BOSS"],"build_version":"2019-01-17v2","purchased_purges":0,"victory":false,"max_hp_per_floor":[71,71,71,71,71,71,71,71,71,76,76,76,76,76,76,76],"card_choices":[{"not_picked":["Redo","Leap","Go for the Eyes"],"picked":"SKIP","floor":1},{"not_picked":["Sunder","Static Discharge"],"picked":"Doom and Gloom","floor":2},{"not_picked":["Darkness","Turbo"],"picked":"Glacier","floor":3},{"not_picked":["Leap","Sweeping Beam"],"picked":"Streamline","floor":5},{"not_picked":["Gash","Go for the Eyes"],"picked":"Glacier","floor":6},{"not_picked":["Melter","Genetic Algorithm"],"picked":"Fission","floor":8},{"not_picked":["Rebound","Capacitor"],"picked":"Turbo","floor":12},{"not_picked":["Double Energy","Turbo","Rebound"],"picked":"SKIP","floor":14}],"player_experience":1133141,"relics_obtained":[{"floor":6,"key":"War Paint"},{"floor":8,"key":"hubris:OldNail"},{"floor":9,"key":"Meat on the Bone"},{"floor":12,"key":"Odd Mushroom"}],"event_choices":[{"damage_healed":0,"gold_gain":0,"player_choice":"Donut","damage_taken":0,"max_hp_gain":5,"max_hp_loss":0,"event_name":"Big Fish","floor":10,"gold_loss":0},{"damage_healed":0,"gold_gain":0,"player_choice":"Fought Mushrooms","damage_taken":0,"max_hp_gain":0,"max_hp_loss":0,"event_name":"Mushrooms","floor":12,"gold_loss":0}],"is_beta":false,"boss_relics":[],"items_purged_floors":[],"is_endless":false,"potions_floor_spawned":[5,6,12,14],"killed_by":"Hexaghost","ascension_level":20}