{"gold_per_floor":[16,91,91,16,26,26,51,51,51,62,62,62,83,116,116,214,214,229,88,3,27,52,52,96,96,396,411,411],"floor_reached":28,"playtime":1035,"items_purged":["Regret","Strike_G"],"score":492,"play_id":"9046926e-21b6-4b9c-8c3a-c06dac9bfe95","local_time":"20190414212041","is_ascension_mode":true,"campfire_choices":[{"data":"Infinite Blades","floor":6,"key":"SMITH"},{"data":"Deadly Poison","floor":8,"key":"SMITH"},{"data":"Neutralize","floor":12,"key":"SMITH"},{"floor":15,"key":"REST"},{"data":"Footwork","floor":23,"key":"SMITH"},{"floor":25,"key":"REST"}],"neow_cost":"NO_GOLD","seed_source_timestamp":13865148539248,"circlet_count":0,"master_deck":["AscendersBane","Defend_G","Defend_G","Defend_G","Defend_G","Defend_G","Strike_G","Strike_G","Strike_G","Strike_G","Survivor","Neutralize+1","Burst","Deadly Poison+1","Infinite Blades+1","Noxious Fumes","Poisoned Stab","Poisoned Stab","Calculated Gamble","Burst","Adrenaline","Cloak And Dagger","Noxious Fumes","Footwork+1","Malaise","Well Laid Plans"],"special_seed":0,"relics":["Ring of the Snake","Kunai","Prayer Wheel","Dead Branch","Golden Idol","Oddly Smooth Stone","Busted Crown","Ninja Scroll","Ornamental Fan","Old Coin"],"potions_floor_usage":[14,14,16,28],"damage_taken":[{"damage":4.0,"enemies":"Small Slimes","floor":1.0,"turns":7.0},{"damage":6,"enemies":"2 Louse","floor":5,"turns":3},{"damage":9,"enemies":"Lagavulin","floor":7,"turns":10},{"damage":1,"enemies":"Jaw Worm","floor":10,"turns":4},{"damage":2,"enemies":"Exordium Wildlife","floor":13,"turns":5},{"damage":11,"enemies":"Gremlin Nob","floor":14,"turns":3},{"damage":30,"enemies":"The Guardian","floor":16,"turns":8},{"damage":15,"enemies":"Chosen","floor":18,"turns":5},{"damage":2,"enemies":"Shell Parasite","floor":21,"turns":4},{"damage":2,"enemies":"3 Cultists","floor":22,"turns":4},{"damage":22,"enemies":"Book of Stabbing","floor":24,"turns":5},{"damage":3,"enemies":"Snake Plant","floor":27,"turns":5},{"damage":28,"enemies":"Gremlin Leader","floor":28,"turns":4}],"seed_played":"5172212640834237690","potions_obtained":[{"floor":7,"key":"EntropicBrew"},{"floor":10,"key":"Explosive Potion"},{"floor":27,"key":"Fire Potion"}],"is_trial":false,"path_per_floor":["M","?","?","$","M","R","E","R","T","M","?","R","M","E","R","B",null,"M","$","?","M","M","R","E","R","T","M","E"],"character_chosen":"THE_SILENT","items_purchased":["Noxious Fumes"],"campfire_rested":2,"item_purchase_floors":[19],"current_hp_per_floor":[55,44,44,44,38,38,29,29,29,28,28,28,26,15,33,3,46,31,31,31,29,27,27,5,23,23,20,0],"gold":411,"neow_bonus":"THREE_RARE_CARDS","is_prod":false,"is_daily":false,"chose_seed":false,"campfire_upgraded":4,"win_rate":0,"timestamp":1555269641,"path_taken":["M","?","?","$","M","R","E","R","T","M","?","R","M","E","R","BOSS","M","$","?","M","M","R","E","R","T","M","E"],"build_version":"2019-01-23","purchased_purges":2,"victory":false,"max_hp_per_floor":[66,66,66,66,66,66,66,66,66,66,60,60,60,60,60,60,60,60,60,60,60,60,60,60,60,60,60,60],"card_choices":[{"not_picked":["Phantasmal Killer","Storm of Steel"],"picked":"Burst","floor":0.0},{"not_picked":["PiercingWail","Cloak And Dagger"],"picked":"Deadly Poison","floor":1.0},{"not_picked":["Acrobatics","Poisoned Stab"],"picked":"Infinite Blades","floor":5},{"not_picked":["Accuracy","Underhanded Strike"],"picked":"Noxious Fumes","floor":7},{"not_picked":["Flechettes","Prepared"],"picked":"Poisoned Stab","floor":10},{"not_picked":["Acrobatics","Setup"],"picked":"Poisoned Stab","floor":10},{"not_picked":["Reflex","Deflect"],"picked":"Calculated Gamble","floor":13},{"not_picked":["Poisoned Stab","Blade Dance"],"picked":"Burst","floor":13},{"not_picked":["Slice","Skewer","Masterful Stab"],"picked":"SKIP","floor":14},{"not_picked":["Burst","Grand Finale"],"picked":"Adrenaline","floor":16},{"not_picked":[],"picked":"Cloak And Dagger","floor":18},{"not_picked":["Underhanded Strike"],"picked":"SKIP","floor":18},{"not_picked":["Underhanded Strike"],"picked":"SKIP","floor":21},{"not_picked":["Acrobatics"],"picked":"SKIP","floor":21},{"not_picked":[],"picked":"Footwork","floor":22},{"not_picked":["Sucker Punch"],"picked":"SKIP","floor":22},{"not_picked":[],"picked":"Malaise","floor":24},{"not_picked":[],"picked":"Well Laid Plans","floor":27},{"not_picked":["Bouncing Flask"],"picked":"SKIP","floor":27}],"player_experience":1599908,"relics_obtained":[{"floor":7,"key":"Prayer Wheel"},{"floor":9,"key":"Dead Branch"},{"floor":14,"key":"Oddly Smooth Stone"},{"floor":24,"key":"Ornamental Fan"},{"floor":26,"key":"Old Coin"}],"event_choices":[{"damage_healed":0.0,"max_hp_gain":0.0,"max_hp_loss":0.0,"gold_gain":75.0,"event_name":"World of Goop","player_choice":"Gather Gold","floor":2.0,"gold_loss":0.0,"damage_taken":11.0},{"damage_healed":0,"gold_gain":0,"player_choice":"Box","damage_taken":0,"relics_obtained":["Kunai"],"max_hp_gain":0,"max_hp_loss":0,"event_name":"Big Fish","floor":3,"gold_loss":0,"cards_obtained":["Regret"]},{"damage_healed":0,"gold_gain":0,"player_choice":"Lose Max HP","damage_taken":0,"relics_obtained":["Golden Idol"],"max_hp_gain":0,"max_hp_loss":6,"event_name":"Golden Idol","floor":11,"gold_loss":0},{"damage_healed":0,"gold_gain":0,"player_choice":"Obtained Relic","damage_taken":0,"relics_obtained":["Ninja Scroll"],"max_hp_gain":0,"max_hp_loss":0,"event_name":"Addict","floor":20,"gold_loss":85}],"is_beta":false,"boss_relics":[{"not_picked":["HoveringKite","Orrery"],"picked":"Busted Crown"}],"items_purged_floors":[4,19],"is_endless":false,"potions_floor_spawned":[7,10,13,27],"killed_by":"Gremlin Leader","ascension_level":20}