{"gold_per_floor":[118,129,129,149,22,56,56,94,94,94,94,94,117,142,142,142],"floor_reached":16,"playtime":385,"items_purged":["Strike_R"],"score":220,"play_id":"1a11e9fd-2442-4040-a669-861a8ccd3624","local_time":"20190820233848","is_ascension_mode":true,"campfire_choices":[{"floor":7,"key":"REST"},{"floor":10,"key":"REST"},{"data":"Uppercut","floor":12,"key":"SMITH"},{"data":"Spot Weakness","floor":15,"key":"SMITH"}],"neow_cost":"NONE","seed_source_timestamp":43400611427920,"circlet_count":0,"master_deck":["AscendersBane","Strike_R","Strike_R","Strike_R","Strike_R","Defend_R","Defend_R","Defend_R","Defend_R","Bash","Flame Barrier","Spot Weakness+1","Uppercut+1","Clothesline","Iron Wave","Evolve","True Grit"],"special_seed":0,"relics":["Burning Blood","NeowsBlessing","Golden Idol","Incense Burner","Dodecahedron","Ginger","Paper Frog"],"potions_floor_usage":[16,16],"damage_taken":[{"damage":0,"enemies":"Small Slimes","floor":1,"turns":1},{"damage":0,"enemies":"Jaw Worm","floor":2,"turns":1},{"damage":0,"enemies":"2 Louse","floor":4,"turns":1},{"damage":50,"enemies":"Gremlin Nob","floor":6,"turns":6},{"damage":32,"enemies":"Lagavulin","floor":8,"turns":7},{"damage":6,"enemies":"Looter","floor":13,"turns":3},{"damage":15,"enemies":"Exordium Wildlife","floor":14,"turns":6},{"damage":43,"enemies":"Hexaghost","floor":16,"turns":11}],"seed_played":"2039441619590556786","potions_obtained":[{"floor":1,"key":"SpeedPotion"},{"floor":2,"key":"LiquidBronze"},{"floor":13,"key":"Regen Potion"},{"floor":14,"key":"AttackPotion"}],"is_trial":false,"path_per_floor":["M","M","?","M","$","E","R","E","T","R","T","R","M","M","R","B"],"character_chosen":"IRONCLAD","items_purchased":["Clothesline"],"campfire_rested":2,"item_purchase_floors":[5],"current_hp_per_floor":[74,75,49,55,55,11,33,7,7,29,29,29,29,20,20,0],"gold":142,"neow_bonus":"THREE_ENEMY_KILL","is_prod":false,"is_daily":false,"chose_seed":false,"campfire_upgraded":2,"win_rate":0,"timestamp":1566337128,"path_taken":["M","M","?","M","$","E","R","E","T","R","?","R","M","M","R","BOSS"],"build_version":"2019-07-17","purchased_purges":1,"victory":false,"max_hp_per_floor":[75,75,75,75,75,75,75,75,75,75,75,75,75,75,75,75],"card_choices":[{"not_picked":["Headbutt","Wild Strike"],"picked":"Flame Barrier","floor":1},{"not_picked":["Headbutt","True Grit"],"picked":"Spot Weakness","floor":2},{"not_picked":["Cleave","Double Tap"],"picked":"Uppercut","floor":4},{"not_picked":["Second Wind","Entrench","Evolve"],"picked":"SKIP","floor":6},{"not_picked":["Evolve","Bloodletting"],"picked":"Iron Wave","floor":8},{"not_picked":["Clash","Searing Blow"],"picked":"Evolve","floor":13},{"not_picked":["Intimidate","Wild Strike"],"picked":"True Grit","floor":14}],"player_experience":1945166,"relics_obtained":[{"floor":6,"key":"Incense Burner"},{"floor":8,"key":"Dodecahedron"},{"floor":9,"key":"Ginger"},{"floor":11,"key":"Paper Frog"}],"event_choices":[{"damage_healed":0,"gold_gain":0,"player_choice":"Take Damage","damage_taken":26,"relics_obtained":["Golden Idol"],"max_hp_gain":0,"max_hp_loss":0,"event_name":"Golden Idol","floor":3,"gold_loss":0}],"is_beta":false,"boss_relics":[],"items_purged_floors":[5],"is_endless":false,"potions_floor_spawned":[1,2,13,14],"killed_by":"Hexaghost","ascension_level":20}