{"gold_per_floor":[119,119,137,137,137,172,118,150,201,201,276,295,324,324,324,401,401,380,380,430,446,459,459],"floor_reached":23,"playtime":1073,"items_purged":[],"score":464,"play_id":"24d6bbd3-e160-4a00-9479-3320370eb75c","local_time":"20190204181632","is_ascension_mode":true,"campfire_choices":[{"data":"infinitespire:OneForAll","floor":10,"key":"SMITH"},{"data":"Armaments","floor":15,"key":"SMITH"}],"neow_cost":"NONE","seed_source_timestamp":23935050326781,"circlet_count":0,"master_deck":["AscendersBane","Strike_R+1","Strike_R+1","Strike_R","Defend_R","Defend_R+1","Defend_R","Defend_R","Bash","Spot Weakness","Shrug It Off+1","Inflame","Armaments+1","infinitespire:OneForAll+1","infinitespire:OneForAll","Uppercut","Limit Break","Twin Strike+1","Second Wind","Thunderclap"],"relics":["Burning Blood","NeowsBlessing","Whetstone","hubris:Reverence","hubris:ToyBattleship","Matryoshka","Coffee Dripper"],"potions_floor_usage":[13,16,23,23],"damage_taken":[{"damage":0,"enemies":"2 Louse","floor":1,"turns":1},{"damage":0,"enemies":"Jaw Worm","floor":3,"turns":1},{"damage":0,"enemies":"Gremlin Nob","floor":6,"turns":1},{"damage":16,"enemies":"3 Sentries","floor":8,"turns":11},{"damage":4,"enemies":"Small Slimes","floor":12,"turns":3},{"damage":30,"enemies":"Lagavulin","floor":13,"turns":8},{"damage":31,"enemies":"The Guardian","floor":16,"turns":12},{"damage":9,"enemies":"2 Thieves","floor":18,"turns":4},{"damage":19,"enemies":"3 Byrds","floor":21,"turns":6},{"damage":13,"enemies":"3 Cultists","floor":22,"turns":4},{"damage":40,"enemies":"Gremlin Leader","floor":23,"turns":6}],"seed_played":"-8488211644912700842","potions_obtained":[{"floor":3,"key":"Dexterity Potion"},{"floor":6,"key":"AttackPotion"},{"floor":13,"key":"SteroidPotion"},{"floor":18,"key":"Block Potion"}],"is_trial":false,"path_per_floor":["M","?","M","?","$","E","$","E","T","R","?","M","E","?","R","B",null,"M","?","?","M","M","E"],"character_chosen":"IRONCLAD","items_purchased":["Armaments"],"campfire_rested":0,"item_purchase_floors":[7],"current_hp_per_floor":[74,74,75,52,52,58,58,48,48,48,37,39,15,37,37,12,59,56,56,56,43,36,0],"gold":459,"neow_bonus":"THREE_ENEMY_KILL","is_prod":false,"is_daily":false,"chose_seed":false,"campfire_upgraded":2,"win_rate":0,"timestamp":1549300592,"path_taken":["M","?","M","?","$","E","?","E","T","R","?","?","E","?","R","BOSS","M","?","?","M","?","E"],"build_version":"2019-01-23","purchased_purges":0,"victory":false,"max_hp_per_floor":[75,75,75,75,75,75,75,75,75,75,75,75,75,75,75,75,75,75,75,75,75,75,75],"card_choices":[{"not_picked":["Sword Boomerang","Shrug It Off"],"picked":"Spot Weakness","floor":1},{"not_picked":["Sever Soul","Entrench"],"picked":"Shrug It Off","floor":3},{"not_picked":["Shockwave","Headbutt"],"picked":"Inflame","floor":6},{"not_picked":["Uppercut","Rupture"],"picked":"infinitespire:OneForAll","floor":8},{"not_picked":["Rupture","Reckless Charge"],"picked":"infinitespire:OneForAll","floor":12},{"not_picked":["Headbutt","Clash"],"picked":"Uppercut","floor":13},{"not_picked":["Brutality","Berserk"],"picked":"Limit Break","floor":16},{"not_picked":["Wild Strike","Infernal Blade"],"picked":"Twin Strike+1","floor":18},{"not_picked":["Clash","Rupture","Thunderclap+1"],"picked":"SKIP","floor":21},{"not_picked":["hubris:SharpeningStone","Thunderclap","Second Wind+1"],"picked":"SKIP","floor":22}],"player_experience":1220463,"relics_obtained":[{"floor":6,"key":"Whetstone"},{"floor":8,"key":"hubris:Reverence"},{"floor":9,"key":"hubris:ToyBattleship"},{"floor":13,"key":"Matryoshka"}],"event_choices":[{"damage_healed":0,"gold_gain":0,"player_choice":"Entered Light","damage_taken":23,"max_hp_gain":0,"max_hp_loss":0,"event_name":"Shining Light","floor":4,"gold_loss":0,"cards_upgraded":["Shrug It Off","Defend_R"]},{"damage_healed":0,"gold_gain":75,"player_choice":"Gather Gold","damage_taken":11,"max_hp_gain":0,"max_hp_loss":0,"event_name":"World of Goop","floor":11,"gold_loss":0},{"damage_healed":0,"gold_gain":0,"cards_transformed":["Strike_R","Strike_R"],"player_choice":"Became Test Subject","damage_taken":0,"max_hp_gain":0,"max_hp_loss":0,"event_name":"Drug Dealer","floor":19,"gold_loss":0,"cards_obtained":["Second Wind","Thunderclap"]},{"damage_healed":0,"gold_gain":50,"player_choice":"Pray","damage_taken":0,"max_hp_gain":0,"max_hp_loss":0,"event_name":"Golden Shrine","floor":20,"gold_loss":0}],"is_beta":false,"boss_relics":[{"not_picked":["hubris:HollowSoul","Busted Crown"],"picked":"Coffee Dripper"}],"items_purged_floors":[],"is_endless":false,"potions_floor_spawned":[3,6,8,13,18],"killed_by":"Gremlin Leader","ascension_level":20}