{"gold_per_floor":[11,11,28,28,40,40,71,91,91,51,51,71,71,71,71,167,167,167,0,0,0,0,0,0,0],"floor_reached":25,"playtime":1306,"items_purged":[],"score":362,"play_id":"ea0574f6-0958-4d3a-a827-b09622bc2b5f","local_time":"20181017125800","is_ascension_mode":true,"campfire_choices":[{"data":"Fission","floor":6,"key":"SMITH"},{"data":"Chill","floor":11,"key":"SMITH"},{"data":"Zap","floor":13,"key":"SMITH"},{"data":"Barrage","floor":15,"key":"SMITH"},{"data":"Genetic Algorithm","floor":24,"key":"SMITH"}],"neow_cost":"NO_GOLD","seed_source_timestamp":0,"circlet_count":0,"master_deck":["Strike_B","Strike_B","Strike_B","Defend_B","Defend_B","Defend_B","Zap+1","Dualcast","AscendersBane","Hologram","Fission+1","Sweeping Beam","Barrage+1","Chill+1","Hologram","Compile Driver","Coolheaded","Core Surge","Genetic Algorithm+1","Streamline","Jack Of All Trades","Reinforced Body"],"special_seed":0,"relics":["Cracked Core","Letter Opener","DataDisk","Kunai","Golden Idol","Ectoplasm","Bag of Marbles"],"potions_floor_usage":[8,16,16,23,25],"damage_taken":[{"damage":6.0,"enemies":"Cultist","floor":1.0,"turns":3.0},{"damage":0.0,"enemies":"2 Louse","floor":3.0,"turns":3.0},{"damage":8,"enemies":"Jaw Worm","floor":5,"turns":4},{"damage":6,"enemies":"3 Sentries","floor":7,"turns":5},{"damage":18,"enemies":"Large Slime","floor":8,"turns":4},{"damage":0,"enemies":"Lots of Slimes","floor":12,"turns":2},{"damage":7,"enemies":"Hexaghost","floor":16,"turns":9},{"damage":3,"enemies":"Shell Parasite","floor":18,"turns":3},{"damage":0,"enemies":"Spheric Guardian","floor":20,"turns":3},{"damage":16,"enemies":"Shelled Parasite and Fungi","floor":23,"turns":4},{"damage":32,"enemies":"Book of Stabbing","floor":25,"turns":5}],"seed_played":"-6372648942263279334","potions_obtained":[{"floor":1.0,"key":"Swift Potion"},{"floor":8,"key":"Fruit Juice"},{"floor":10,"key":"FocusPotion"},{"floor":10,"key":"PowerPotion"},{"floor":16,"key":"Ancient Potion"},{"floor":20,"key":"SkillPotion"}],"is_trial":false,"path_per_floor":["M","$","M","?","M","R","E","M","T","?","R","M","R","?","R","B",null,"M","$","M","?","$","M","R"],"character_chosen":"DEFECT","items_purchased":["Bag of Marbles"],"campfire_rested":0,"item_purchase_floors":[19],"current_hp_per_floor":[58,58,58,58,50,50,44,31,31,31,31,31,31,31,31,24,58,55,55,55,43,43,27,27,0],"gold":0,"neow_bonus":"TRANSFORM_TWO_CARDS","is_prod":false,"is_daily":false,"chose_seed":false,"campfire_upgraded":5,"win_rate":0,"timestamp":1539773880,"path_taken":["M","?","?","?","M","R","E","M","T","?","R","M","R","?","R","BOSS","M","$","M","?","?","M","R","E"],"build_version":"2018-10-16","purchased_purges":0,"victory":false,"max_hp_per_floor":[71,71,71,71,71,71,71,76,76,76,76,76,76,69,69,69,69,69,69,69,69,69,69,69,69],"card_choices":[{"not_picked":["Rip and Tear","Cold Snap"],"picked":"Sweeping Beam","floor":1.0},{"not_picked":["Steam","Redo"],"picked":"Barrage","floor":3},{"not_picked":["Amplify","Beam Cell"],"picked":"Chill","floor":5},{"not_picked":["Turbo","Undo"],"picked":"Hologram","floor":7},{"not_picked":["Darkness","Sweeping Beam"],"picked":"Compile Driver","floor":8},{"not_picked":["Rebound","Compile Driver"],"picked":"Coolheaded","floor":12},{"not_picked":["Amplify","Hyperbeam"],"picked":"Core Surge","floor":16},{"not_picked":["Rebound","Go for the Eyes"],"picked":"Genetic Algorithm","floor":18},{"not_picked":["Barrage","Genetic Algorithm"],"picked":"Streamline","floor":20},{"not_picked":["Stack","Undo+1"],"picked":"Reinforced Body","floor":23}],"player_experience":625845,"relics_obtained":[{"floor":7,"key":"DataDisk"},{"floor":9,"key":"Kunai"}],"event_choices":[{"damage_healed":0,"gold_gain":0,"player_choice":"Gave Potion","damage_taken":0,"relics_obtained":["Letter Opener"],"max_hp_gain":0,"max_hp_loss":0,"event_name":"WeMeetAgain","floor":4,"gold_loss":0},{"damage_healed":0,"gold_gain":0,"player_choice":"Bought 3 Potions","damage_taken":0,"max_hp_gain":0,"max_hp_loss":0,"event_name":"The Woman in Blue","floor":10,"gold_loss":0},{"damage_healed":0,"gold_gain":0,"player_choice":"Lose Max HP","damage_taken":0,"relics_obtained":["Golden Idol"],"max_hp_gain":0,"max_hp_loss":7,"event_name":"Golden Idol","floor":14,"gold_loss":0},{"damage_healed":0,"gold_gain":0,"player_choice":"CARD ","damage_taken":12,"max_hp_gain":0,"max_hp_loss":0,"event_name":"Knowing Skull","floor":21,"potions_obtained":[],"gold_loss":0,"cards_obtained":["Jack Of All Trades"]}],"is_beta":true,"boss_relics":[{"not_picked":["Runic Pyramid","Eternal Feather"],"picked":"Ectoplasm"}],"items_purged_floors":[],"is_endless":false,"potions_floor_spawned":[1,8,16,20],"killed_by":"Book of Stabbing","ascension_level":16}