{"gold_per_floor":[117,134,145,159,175,175,203,203,203,229,229,229,258,113,113,186,186,202,185,185,202,127,127,145,161,187,187,187,187,216,2,2,79,79,97,97,113,129,149,183,183,183,183,198,198,216,243,243,243,243],"floor_reached":50,"playtime":2012,"items_purged":["Strike_G"],"score":911,"play_id":"636f88c0-0f42-42c9-809c-9cef315affce","local_time":"20181025085959","is_ascension_mode":true,"campfire_choices":[{"data":"Neutralize","floor":6,"key":"SMITH"},{"data":"Catalyst","floor":8,"key":"SMITH"},{"floor":11,"key":"REST"},{"data":"Noxious Fumes","floor":15,"key":"SMITH"},{"data":"Catalyst","floor":23,"key":"SMITH"},{"data":"Noxious Fumes","floor":27,"key":"SMITH"},{"floor":29,"key":"REST"},{"floor":32,"key":"REST"},{"floor":42,"key":"REST"},{"data":"Adrenaline","floor":45,"key":"SMITH"},{"floor":49,"key":"REST"}],"neow_cost":"NONE","seed_source_timestamp":2141181755155,"circlet_count":0,"master_deck":["Defend_G+1","Defend_G+1","Defend_G+1","Defend_G+1","Defend_G+1","Strike_G+1","Strike_G+1","Strike_G+1","Strike_G+1","Neutralize+1","AscendersBane","Noxious Fumes+1","Noxious Fumes+1","Catalyst+1","Quick Slash","Cloak And Dagger+1","Sucker Punch","Catalyst+1","Bullet Time","Dash","Crippling Poison+1","Prepared+1","RitualDagger","Burst","Noxious Fumes","Corpse Explosion","Backflip","Adrenaline+1","Writhe","Deadly Poison"],"relics":["Ring of the Serpent","Vajra","Singing Bowl","Letter Opener","Potion Belt","FossilizedHelix","Sozu","War Paint","Calipers","Bronze Scales","Torii","Strawberry"],"potions_floor_usage":[4,7,13,16,30,44],"damage_taken":[{"damage":0,"enemies":"Cultist","floor":1,"turns":3},{"damage":1,"enemies":"2 Louse","floor":2,"turns":3},{"damage":0,"enemies":"Jaw Worm","floor":3,"turns":3},{"damage":5,"enemies":"2 Fungi Beasts","floor":4,"turns":3},{"damage":13,"enemies":"Blue Slaver","floor":5,"turns":3},{"damage":11,"enemies":"Lagavulin","floor":7,"turns":7},{"damage":13,"enemies":"3 Sentries","floor":10,"turns":7},{"damage":16,"enemies":"Gremlin Nob","floor":13,"turns":5},{"damage":8,"enemies":"Slime Boss","floor":16,"turns":10},{"damage":11,"enemies":"Spheric Guardian","floor":18,"turns":5},{"damage":6,"enemies":"2 Thieves","floor":19,"turns":4},{"damage":12,"enemies":"Cultist and Chosen","floor":21,"turns":5},{"damage":0,"enemies":"Centurion and Healer","floor":24,"turns":7},{"damage":8,"enemies":"Snake Plant","floor":25,"turns":4},{"damage":15,"enemies":"Slavers","floor":30,"turns":4},{"damage":28,"enemies":"Champ","floor":33,"turns":8},{"damage":2,"enemies":"Orb Walker","floor":35,"turns":3},{"damage":0,"enemies":"3 Darklings","floor":37,"turns":2},{"damage":0,"enemies":"Spire Growth","floor":38,"turns":3},{"damage":5,"enemies":"Maw","floor":39,"turns":6},{"damage":60,"enemies":"Nemesis","floor":40,"turns":7},{"damage":18,"enemies":"Transient","floor":44,"turns":5},{"damage":34,"enemies":"Spire Growth","floor":46,"turns":5},{"damage":43,"enemies":"Time Eater","floor":50,"turns":5}],"seed_played":"-4660841404580464408","potions_obtained":[{"floor":1,"key":"Energy Potion"},{"floor":4,"key":"GhostInAJar"},{"floor":5,"key":"SpeedPotion"},{"floor":7,"key":"Ancient Potion"},{"floor":12,"key":"SteroidPotion"},{"floor":12,"key":"Explosive Potion"},{"floor":13,"key":"SteroidPotion"},{"floor":16,"key":"Fire Potion"}],"is_trial":false,"path_per_floor":["M","M","M","M","M","R","E","R","T","E","R","?","E","$","R","B",null,"M","M","?","M","?","R","M","M","T","R","?","R","E","$","R","B",null,"M","?","M","M","M","E","?","R","T","M","R","M","T","?","R"],"character_chosen":"THE_SILENT","items_purchased":["Catalyst","Burst","Noxious Fumes"],"campfire_rested":5,"item_purchase_floors":[14,31,31],"current_hp_per_floor":[63,62,62,57,44,44,35,35,35,22,43,43,27,27,27,19,59,48,42,42,32,32,32,32,26,26,26,20,42,29,29,52,24,65,63,65,67,69,64,6,28,53,53,35,35,3,10,10,38,0],"gold":243,"neow_bonus":"RANDOM_COMMON_RELIC","is_prod":false,"is_daily":false,"chose_seed":false,"campfire_upgraded":6,"win_rate":0,"timestamp":1540450799,"path_taken":["M","M","M","M","?","R","E","R","T","E","R","?","E","$","R","BOSS","M","M","?","M","?","R","M","M","T","R","?","R","E","$","R","BOSS","M","?","M","M","M","E","?","R","T","M","R","?","?","?","R","BOSS"],"build_version":"2018-10-24","purchased_purges":1,"victory":false,"max_hp_per_floor":[70,70,70,70,70,70,72,72,72,72,72,72,72,72,72,72,72,72,72,72,74,74,74,74,76,76,76,76,76,78,78,78,78,78,78,80,82,84,84,86,86,86,86,86,86,88,95,95,95,95],"card_choices":[{"not_picked":["Finisher","Slice"],"picked":"Masterful Stab","floor":1},{"not_picked":["Prepared","Cloak And Dagger"],"picked":"Noxious Fumes","floor":2},{"not_picked":["Flying Knee","Deflect"],"picked":"Noxious Fumes","floor":3},{"not_picked":["Backflip","Expertise"],"picked":"Catalyst","floor":4},{"not_picked":["Flying Knee","Underhanded Strike"],"picked":"Quick Slash","floor":5},{"not_picked":["Acrobatics","Quick Slash","Bane"],"picked":"Singing Bowl","floor":7},{"not_picked":["Poisoned Stab","Skewer"],"picked":"Cloak And Dagger","floor":10},{"not_picked":["Dagger Spray","PiercingWail"],"picked":"Sucker Punch","floor":13},{"not_picked":["Storm of Steel","Malaise"],"picked":"Bullet Time","floor":16},{"not_picked":["Underhanded Strike","Blade Dance"],"picked":"Dash","floor":18},{"not_picked":["Accuracy+1","All Out Attack"],"picked":"Crippling Poison","floor":19},{"not_picked":["Outmaneuver","Accuracy","Dash"],"picked":"Singing Bowl","floor":21},{"not_picked":["Dagger Throw","Dagger Spray"],"picked":"Prepared+1","floor":24},{"not_picked":["Outmaneuver","Sucker Punch","Poisoned Stab"],"picked":"Singing Bowl","floor":25},{"not_picked":["Dagger Spray","Flechettes","Setup"],"picked":"Singing Bowl","floor":30},{"not_picked":["Bullet Time","Burst"],"picked":"Corpse Explosion","floor":33},{"not_picked":["Riddle With Holes+1","Bane"],"picked":"Backflip","floor":35},{"not_picked":["Madness","Deep Breath","Dark Shackles"],"picked":"Singing Bowl","floor":36},{"not_picked":["Calculated Gamble+1","Blade Dance","Slice"],"picked":"Singing Bowl","floor":37},{"not_picked":["Dash","Cloak And Dagger+1","Blade Dance+1"],"picked":"Singing Bowl","floor":38},{"not_picked":["Underhanded Strike","Prepared"],"picked":"Adrenaline","floor":39},{"not_picked":["Prepared+1","Blade Dance","Dagger Spray"],"picked":"Singing Bowl","floor":40},{"not_picked":["Bane","Outmaneuver"],"picked":"Deadly Poison","floor":44},{"not_picked":["Reflex","Acrobatics+1","Calculated Gamble"],"picked":"Singing Bowl","floor":46}],"player_experience":675639,"relics_obtained":[{"floor":7,"key":"Singing Bowl"},{"floor":9,"key":"Letter Opener"},{"floor":10,"key":"Potion Belt"},{"floor":13,"key":"FossilizedHelix"},{"floor":26,"key":"War Paint"},{"floor":30,"key":"Calipers"},{"floor":40,"key":"Bronze Scales"},{"floor":43,"key":"Torii"},{"floor":47,"key":"Strawberry"}],"event_choices":[{"damage_healed":0,"gold_gain":0,"player_choice":"Got Potions","damage_taken":0,"max_hp_gain":0,"max_hp_loss":0,"event_name":"The Lab","floor":12,"gold_loss":0},{"damage_healed":0,"gold_gain":0,"player_choice":"Simplicity","damage_taken":0,"max_hp_gain":0,"max_hp_loss":0,"event_name":"Back to Basics","floor":20,"gold_loss":0,"cards_upgraded":["Defend_G","Defend_G","Defend_G","Defend_G","Defend_G","Strike_G","Strike_G","Strike_G","Strike_G"]},{"cards_removed":["Survivor"],"damage_healed":0,"gold_gain":0,"player_choice":"Gave Gold","damage_taken":0,"max_hp_gain":0,"max_hp_loss":0,"event_name":"Beggar","floor":22,"gold_loss":75},{"damage_healed":0,"gold_gain":0,"player_choice":"Joined the Cult","damage_taken":6,"max_hp_gain":0,"max_hp_loss":0,"event_name":"Nest","floor":28,"gold_loss":0,"cards_obtained":["RitualDagger"]},{"damage_healed":0,"gold_gain":0,"player_choice":"Memory 1","damage_taken":0,"max_hp_gain":0,"max_hp_loss":0,"event_name":"SensoryStone","floor":36,"gold_loss":0},{"damage_healed":22,"gold_gain":0,"player_choice":"Writhe","damage_taken":0,"max_hp_gain":0,"max_hp_loss":0,"event_name":"Winding Halls","floor":41,"gold_loss":0,"cards_obtained":["Writhe"]},{"cards_removed":["Masterful Stab"],"damage_healed":0,"gold_gain":0,"player_choice":"Removed Attack","damage_taken":0,"max_hp_gain":0,"max_hp_loss":0,"event_name":"Falling","floor":48,"gold_loss":0}],"is_beta":true,"boss_relics":[{"not_picked":["Orrery","Busted Crown"],"picked":"Sozu"},{"not_picked":["Runic Dome","Lizard Tail"],"picked":"Ring of the Serpent"}],"items_purged_floors":[14],"is_endless":false,"potions_floor_spawned":[1,4,5,7,13,16,18,21,25,33,37,39,40],"killed_by":"Time Eater","ascension_level":13}