{"gold_per_floor":[119,135,34,109,119,119,154,154,204,220,238,273,285,318,318,414,414,429,222,240,255,170,201,201,76,76,76,86,86],"floor_reached":29,"playtime":1887,"items_purged":["Strike_P","Strike_P","Strike_P"],"score":292,"play_id":"f7e845a5-0ff2-44fb-83ed-128c6c49da28","local_time":"20190917222036","is_ascension_mode":true,"campfire_choices":[{"data":"ClearTheMind","floor":6,"key":"SMITH"},{"data":"CrushJoints","floor":8,"key":"SMITH"},{"data":"Alpha","floor":15,"key":"SMITH"},{"data":"Ragnarok","floor":24,"key":"SMITH"}],"neow_cost":"NONE","seed_source_timestamp":13484938024273,"circlet_count":0,"master_deck":["Strike_P","Defend_P","Defend_P","Defend_P","Defend_P","Eruption+1","Vigilance","EmptyBody","EmptyFist","CutThroughFate","ClearTheMind+1","CrushJoints+1","Swivel","TalkToTheHand","Alpha+1","Ragnarok+1","Ragnarok","Adaptation+1","Establishment","FearNoEvil","WreathOfFlame"],"relics":["PureWater","Akabeko","Bronze Scales","Orichalcum","StoneCalendar","SlaversCollar","Pear","Eternal Feather","Matryoshka"],"potions_floor_usage":[],"damage_taken":[{"damage":2,"enemies":"Cultist","floor":1,"turns":3},{"damage":0,"enemies":"2 Louse","floor":2,"turns":2},{"damage":0,"enemies":"Jaw Worm","floor":5,"turns":2},{"damage":7,"enemies":"Lagavulin","floor":7,"turns":7},{"damage":3,"enemies":"Lots of Slimes","floor":10,"turns":4},{"damage":0,"enemies":"3 Louse","floor":11,"turns":2},{"damage":1,"enemies":"3 Sentries","floor":12,"turns":7},{"damage":1,"enemies":"Looter","floor":13,"turns":3},{"damage":4,"enemies":"Lagavulin","floor":14,"turns":6},{"damage":10,"enemies":"Hexaghost","floor":16,"turns":6},{"damage":2,"enemies":"3 Byrds","floor":18,"turns":3},{"damage":0,"enemies":"Spheric Guardian","floor":20,"turns":1},{"damage":21,"enemies":"3 Cultists","floor":21,"turns":5},{"damage":32,"enemies":"Slavers","floor":23,"turns":5},{"damage":6,"enemies":"Cultist and Chosen","floor":28,"turns":3},{"damage":25,"enemies":"Chosen and Byrds","floor":29,"turns":4}],"seed_played":"-2137514048234463483","potions_obtained":[{"floor":2,"key":"Regen Potion"},{"floor":10,"key":"Block Potion"},{"floor":12,"key":"Swift Potion"},{"floor":16,"key":"DuplicationPotion"}],"is_trial":false,"path_per_floor":["M","M","$","?","M","R","E","R","T","M","M","E","M","E","R","B",null,"M","$","M","M","?","E","R","$","T","?","M","M"],"character_chosen":"WATCHER","items_purchased":["CutThroughFate","Establishment","FearNoEvil"],"campfire_rested":0,"item_purchase_floors":[3,19,19],"current_hp_per_floor":[63,63,63,52,52,52,45,45,45,42,42,41,40,36,36,26,65,63,63,63,42,52,20,32,32,32,25,19,0],"gold":86,"neow_bonus":"UPGRADE_CARD","is_prod":false,"is_daily":false,"chose_seed":false,"campfire_upgraded":4,"win_rate":0,"timestamp":1568751636,"path_taken":["M","M","?","?","M","R","E","R","T","M","M","E","M","E","R","BOSS","M","$","M","M","?","E","R","$","T","?","?","M"],"build_version":"2019-09-17","purchased_purges":3,"victory":false,"max_hp_per_floor":[65,65,65,65,65,65,65,65,65,65,65,65,65,65,65,65,65,65,65,65,65,75,75,75,75,75,75,75,75],"card_choices":[{"not_picked":["JustLucky","Sanctity"],"picked":"EmptyBody","floor":1},{"not_picked":["ClearTheMind","ThirdEye"],"picked":"EmptyFist","floor":2},{"not_picked":["BowlingBash","Sanctity"],"picked":"ClearTheMind","floor":5},{"not_picked":["Prostrate","EmptyFist"],"picked":"CrushJoints","floor":7},{"not_picked":["SpiritShield","CutThroughFate"],"picked":"Swivel","floor":10},{"not_picked":["Wish","EmptyFist"],"picked":"TalkToTheHand","floor":11},{"not_picked":["EmptyFist","Wireheading"],"picked":"Alpha","floor":12},{"not_picked":["Vengeance","Prostrate","EmptyFist"],"picked":"SKIP","floor":13},{"not_picked":["Vengeance","Prostrate","EmptyFist"],"picked":"SKIP","floor":13},{"not_picked":["Conclude","Metaphysics"],"picked":"Ragnarok","floor":14},{"not_picked":["BattleHymn","Blasphemy"],"picked":"Ragnarok","floor":16},{"not_picked":["ThirdEye","CarveReality"],"picked":"Adaptation+1","floor":18},{"not_picked":["Vengeance+1","Prostrate","CrushJoints+1"],"picked":"SKIP","floor":20},{"not_picked":["Consecrate","FlyingSleeves","TalkToTheHand"],"picked":"SKIP","floor":21},{"not_picked":["BowlingBash","FlyingSleeves","SashWhip"],"picked":"SKIP","floor":23},{"not_picked":["BowlingBash","ClearTheMind"],"picked":"WreathOfFlame","floor":28}],"player_experience":2067826,"relics_obtained":[{"floor":7,"key":"Akabeko"},{"floor":9,"key":"Bronze Scales"},{"floor":12,"key":"Orichalcum"},{"floor":14,"key":"StoneCalendar"},{"floor":23,"key":"Eternal Feather"},{"floor":26,"key":"Matryoshka"}],"event_choices":[{"damage_healed":0,"gold_gain":75,"player_choice":"Gather Gold","damage_taken":11,"max_hp_gain":0,"max_hp_loss":0,"event_name":"World of Goop","floor":4,"gold_loss":0},{"damage_healed":0,"gold_gain":0,"player_choice":"Obtained Relic","damage_taken":0,"relics_obtained":["Pear"],"max_hp_gain":0,"max_hp_loss":0,"event_name":"Addict","floor":22,"gold_loss":85},{"damage_healed":0,"gold_gain":0,"player_choice":"Damaged","damage_taken":7,"max_hp_gain":0,"max_hp_loss":0,"event_name":"Wheel of Change","floor":27,"gold_loss":0}],"is_beta":true,"boss_relics":[{"not_picked":["HolyWater","Runic Pyramid"],"picked":"SlaversCollar"}],"items_purged_floors":[3,19,25],"is_endless":false,"potions_floor_spawned":[2,10,12,13,16,20,21,23],"killed_by":"Chosen and Byrds","ascension_level":2}