{"gold_per_floor":[114,114,132,147,147,172,190,217,217,217,229,229,245,260,260,333,333,308,288,308,20,20],"floor_reached":22,"playtime":2109,"items_purged":["Strike_B"],"score":396,"play_id":"3bf5d4a0-20ac-4b78-904b-2f3000d2a22e","local_time":"20190505000912","is_ascension_mode":true,"campfire_choices":[{"data":"Zap","floor":10,"key":"SMITH"},{"data":"Fission","floor":12,"key":"SMITH"},{"floor":15,"key":"REST"}],"neow_cost":"NONE","seed_source_timestamp":52627836741467,"circlet_count":0,"master_deck":["AscendersBane","Strike_B","Strike_B","Strike_B","Defend_B","Defend_B","Defend_B","Defend_B","Zap+1","Dualcast","Gash","Coolheaded","Cold Snap","Fission+1","Conserve Battery","Doom and Gloom","Electrodynamics","Echo Form","Consume","Stack","Loop"],"relics":["Cracked Core","NeowsBlessing","Oddly Smooth Stone","Kunai","Pantograph","Letter Opener","Omamori","Orrery","Runic Capacitor"],"potions_floor_usage":[22],"damage_taken":[{"damage":0,"enemies":"2 Louse","floor":1,"turns":1},{"damage":0,"enemies":"Cultist","floor":3,"turns":1},{"damage":0,"enemies":"Jaw Worm","floor":4,"turns":1},{"damage":14,"enemies":"Lagavulin","floor":6,"turns":8},{"damage":6,"enemies":"Blue Slaver","floor":7,"turns":4},{"damage":23,"enemies":"3 Sentries","floor":8,"turns":12},{"damage":0,"enemies":"2 Fungi Beasts","floor":11,"turns":4},{"damage":0,"enemies":"Large Slime","floor":13,"turns":4},{"damage":10,"enemies":"Lots of Slimes","floor":14,"turns":2},{"damage":8,"enemies":"The Guardian","floor":16,"turns":13},{"damage":38,"enemies":"2 Thieves","floor":18,"turns":4},{"damage":4,"enemies":"3 Byrds","floor":20,"turns":2},{"damage":32,"enemies":"3 Cultists","floor":22,"turns":3}],"seed_played":"101753072767526406","potions_obtained":[{"floor":1,"key":"SteroidPotion"},{"floor":6,"key":"FocusPotion"}],"is_trial":false,"path_per_floor":["M","?","M","M","T","E","M","E","T","R","M","R","M","M","R","B",null,"M","?","M","$","M"],"character_chosen":"DEFECT","items_purchased":["Runic Capacitor"],"campfire_rested":1,"item_purchase_floors":[21],"current_hp_per_floor":[64,64,64,64,64,50,44,21,21,21,21,21,21,11,32,49,66,28,28,24,24,0],"gold":20,"neow_bonus":"THREE_ENEMY_KILL","is_prod":false,"is_daily":false,"chose_seed":false,"campfire_upgraded":2,"win_rate":0,"timestamp":1557007752,"path_taken":["M","?","?","M","?","E","M","E","T","R","M","R","M","M","R","BOSS","M","?","?","$","M"],"build_version":"2019-01-23","purchased_purges":1,"victory":false,"max_hp_per_floor":[71,71,71,71,71,71,71,71,71,71,71,71,71,71,71,71,71,71,71,71,71,71],"card_choices":[{"not_picked":["Coolheaded","Streamline"],"picked":"Rip and Tear","floor":1},{"not_picked":["Stack","Coolheaded"],"picked":"Gash","floor":3},{"not_picked":["Recycle","Chaos","Hello World"],"picked":"SKIP","floor":4},{"not_picked":["Auto Shields","Beam Cell"],"picked":"Coolheaded","floor":6},{"not_picked":["Compile Driver","Chaos"],"picked":"Cold Snap","floor":7},{"not_picked":["Force Field","Coolheaded"],"picked":"Fission","floor":8},{"not_picked":["Hello World","Streamline"],"picked":"Conserve Battery","floor":11},{"not_picked":["Darkness","Rebound"],"picked":"Doom and Gloom","floor":13},{"not_picked":["Steam Power","Rebound","Streamline"],"picked":"SKIP","floor":14},{"not_picked":["Seek","Buffer"],"picked":"Electrodynamics","floor":16},{"not_picked":["Go for the Eyes","Ball Lightning"],"picked":"Echo Form","floor":17},{"not_picked":["Skim","Hologram"],"picked":"Consume","floor":17},{"not_picked":["Force Field","Leap"],"picked":"Stack","floor":17},{"not_picked":["Leap+1","Hologram+1","Redo"],"picked":"SKIP","floor":18},{"not_picked":["Turbo","Ball Lightning"],"picked":"Loop","floor":20}],"player_experience":1651865,"relics_obtained":[{"floor":5,"key":"Kunai"},{"floor":6,"key":"Pantograph"},{"floor":8,"key":"Letter Opener"},{"floor":9,"key":"Omamori"}],"event_choices":[{"cards_removed":["Rip and Tear"],"damage_healed":0,"gold_gain":0,"player_choice":"Gave Card","damage_taken":0,"relics_obtained":["Oddly Smooth Stone"],"max_hp_gain":0,"max_hp_loss":0,"event_name":"WeMeetAgain","floor":2,"gold_loss":0},{"damage_healed":0,"gold_gain":0,"player_choice":"Bought 1 Potion","damage_taken":0,"max_hp_gain":0,"max_hp_loss":0,"event_name":"The Woman in Blue","floor":19,"gold_loss":0}],"is_beta":false,"boss_relics":[{"not_picked":["White Beast Statue","Busted Crown"],"picked":"Orrery"}],"items_purged_floors":[21],"is_endless":false,"potions_floor_spawned":[1,6,7,14],"killed_by":"3 Cultists","ascension_level":20}