{"gold_per_floor":[109,109,128,138,153,186,186,198,251,251,266,266,71,85,85,184,184,200,218,168,268,284,284,284],"floor_reached":24,"playtime":866,"items_purged":[],"score":290,"play_id":"37a987da-ae34-490d-a714-294853ca52d9","local_time":"20180908125927","is_ascension_mode":true,"campfire_choices":[{"data":"Whirlwind","floor":7,"key":"SMITH"},{"data":"Whirlwind","floor":10,"key":"SMITH"},{"data":"Shrug It Off","floor":12,"key":"SMITH"},{"data":"Bash","floor":15,"key":"SMITH"},{"floor":23,"key":"REST"}],"neow_cost":"","seed_source_timestamp":10138545894960,"circlet_count":0,"master_deck":["Strike_R","Strike_R+1","Strike_R","Strike_R+1","Defend_R","Defend_R","Defend_R","Defend_R","Bash+1","Cleave","Clash","Whirlwind+1","Shrug It Off+1","Whirlwind+1","Dropkick","Limit Break","Power Through","Warcry+1","Shrug It Off"],"relics":["Burning Blood","Potion Belt","Whetstone","Medical Kit","Black Star"],"potions_floor_usage":[6,6,16,16,16,18,18,22,22,22,22,22],"damage_taken":[{"damage":14,"enemies":"2 Louse","floor":1,"turns":6},{"damage":1,"enemies":"Cultist","floor":3,"turns":3},{"damage":7,"enemies":"Jaw Worm","floor":4,"turns":3},{"damage":6,"enemies":"3 Louse","floor":5,"turns":2},{"damage":33,"enemies":"Lagavulin","floor":6,"turns":6},{"damage":3,"enemies":"Blue Slaver","floor":8,"turns":3},{"damage":8,"enemies":"Gremlin Gang","floor":11,"turns":2},{"damage":0,"enemies":"3 Louse","floor":14,"turns":1},{"damage":60,"enemies":"Hexaghost","floor":16,"turns":11},{"damage":32,"enemies":"2 Thieves","floor":18,"turns":3},{"damage":14,"enemies":"Chosen","floor":19,"turns":5},{"damage":31,"enemies":"Centurion and Healer","floor":22,"turns":8},{"damage":36,"enemies":"Shelled Parasite and Fungi","floor":24,"turns":7}],"seed_played":"8329655571903177865","potions_obtained":[{"floor":4,"key":"Fire Potion"},{"floor":5,"key":"EssenceOfSteel"},{"floor":8,"key":"Dexterity Potion"},{"floor":11,"key":"Explosive Potion"},{"floor":14,"key":"Regen Potion"},{"floor":16,"key":"EntropicBrew"},{"floor":18,"key":"Energy Potion"}],"is_trial":false,"path_per_floor":["M","?","M","M","M","E","R","M","T","R","M","R","$","M","R","B",null,"M","M","?","?","M","R"],"character_chosen":"IRONCLAD","items_purchased":["Medical Kit"],"campfire_rested":1,"item_purchase_floors":[13],"current_hp_per_floor":[64,64,69,68,68,41,41,44,44,44,42,42,42,48,48,8,62,36,28,28,28,11,35,0],"gold":284,"neow_bonus":"","is_prod":false,"is_daily":false,"chose_seed":false,"campfire_upgraded":4,"win_rate":0,"timestamp":1536404367,"path_taken":["M","?","M","?","M","E","R","M","T","R","M","R","$","?","R","BOSS","M","M","?","?","M","R","M"],"build_version":"2018-09-06","purchased_purges":0,"victory":false,"max_hp_per_floor":[80,80,80,80,80,80,80,80,80,80,80,80,80,80,80,80,80,80,80,80,80,80,80,80],"card_choices":[{"not_picked":["Pommel Strike","Clothesline"],"picked":"Cleave","floor":1},{"not_picked":["Heavy Blade","Intimidate"],"picked":"Clash","floor":3},{"not_picked":["Flex","Wild Strike"],"picked":"Whirlwind","floor":4},{"not_picked":["Pummel","Clash"],"picked":"Shrug It Off","floor":5},{"not_picked":["Havoc","Brutality"],"picked":"Whirlwind","floor":6},{"not_picked":["Thunderclap","Iron Wave"],"picked":"Dropkick","floor":8},{"not_picked":["Sword Boomerang","Entrench","Headbutt"],"picked":"SKIP","floor":11},{"not_picked":["Sword Boomerang","Evolve","Ghostly Armor"],"picked":"SKIP","floor":14},{"not_picked":["Brutality","Fiend Fire"],"picked":"Limit Break","floor":16},{"not_picked":["Warcry","Havoc"],"picked":"Power Through","floor":18},{"not_picked":["Rupture+1","Feel No Pain"],"picked":"Warcry+1","floor":19},{"not_picked":["Sever Soul","Cleave+1"],"picked":"Shrug It Off","floor":22}],"player_experience":390669,"relics_obtained":[{"floor":6,"key":"Potion Belt"},{"floor":9,"key":"Whetstone"}],"event_choices":[{"event_name":"Bonfire Elementals","player_choice":"BASIC","floor":2,"damage_taken":0},{"event_name":"The Joust","player_choice":"Bet on Murderer","floor":20,"damage_taken":0},{"event_name":"Golden Shrine","player_choice":"Pray","floor":21,"damage_taken":0}],"is_beta":true,"boss_relics":[{"not_picked":["Runic Pyramid","Empty Cage"],"picked":"Black Star"}],"items_purged_floors":[],"is_endless":false,"potions_floor_spawned":[4,5,8,11,14,16,18],"killed_by":"Shelled Parasite and Fungi","ascension_level":9}