{"gold_per_floor":[119,133,153,153,164,164,196,214,214,214,231,231,242,270,270,270],"floor_reached":16,"playtime":544,"items_purged":[],"score":200,"play_id":"0e612b23-dd0d-4c94-97d3-ea304114684f","local_time":"20190509195450","is_ascension_mode":true,"campfire_choices":[{"data":"Crippling Poison","floor":6,"key":"SMITH"},{"floor":10,"key":"REST"},{"data":"Cloak And Dagger","floor":12,"key":"SMITH"},{"floor":15,"key":"REST"}],"neow_cost":"NONE","seed_source_timestamp":37385534025771,"circlet_count":0,"master_deck":["AscendersBane","Defend_G","Defend_G","Defend_G","Defend_G","Defend_G","Strike_G","Strike_G","Strike_G","Strike_G","Survivor","Neutralize+1","Blade Dance","Cloak And Dagger+1","Crippling Poison+1","Dagger Spray","Skewer","Finisher","Blade Dance","After Image","Dodge and Roll"],"relics":["Ring of the Snake","Darkstone Periapt","Kunai","Dream Catcher"],"potions_floor_usage":[7,16],"damage_taken":[{"damage":5,"enemies":"Jaw Worm","floor":1,"turns":7},{"damage":5,"enemies":"Cultist","floor":2,"turns":5},{"damage":3,"enemies":"2 Louse","floor":3,"turns":3},{"damage":13,"enemies":"Gremlin Gang","floor":5,"turns":6},{"damage":22,"enemies":"Gremlin Nob","floor":7,"turns":4},{"damage":4,"enemies":"3 Louse","floor":8,"turns":2},{"damage":0,"enemies":"Blue Slaver","floor":11,"turns":2},{"damage":0,"enemies":"Exordium Wildlife","floor":13,"turns":3},{"damage":12,"enemies":"Lagavulin","floor":14,"turns":7},{"damage":38,"enemies":"Slime Boss","floor":16,"turns":8}],"seed_played":"7803998760531923366","potions_obtained":[{"floor":1,"key":"Weak Potion"},{"floor":2,"key":"PowerPotion"},{"floor":8,"key":"Fire Potion"},{"floor":11,"key":"FearPotion"}],"is_trial":false,"path_per_floor":["M","M","M","?","M","R","E","M","T","R","M","R","M","E","R","B"],"character_chosen":"THE_SILENT","items_purchased":[],"campfire_rested":2,"item_purchase_floors":[],"current_hp_per_floor":[54,49,46,46,33,33,11,7,7,26,26,26,26,14,33,0],"gold":270,"neow_bonus":"UPGRADE_CARD","is_prod":false,"is_daily":false,"chose_seed":false,"campfire_upgraded":2,"win_rate":0,"timestamp":1557424490,"path_taken":["M","M","M","?","M","R","E","M","T","R","M","R","?","E","R","BOSS"],"build_version":"2019-01-23","purchased_purges":0,"victory":false,"max_hp_per_floor":[66,66,66,66,66,66,66,66,66,66,66,66,66,66,66,66],"card_choices":[{"not_picked":["Expertise","Deflect"],"picked":"Blade Dance","floor":1},{"not_picked":["Blur","Heel Hook"],"picked":"Cloak And Dagger","floor":2},{"not_picked":["Slice","Leg Sweep"],"picked":"Crippling Poison","floor":3},{"not_picked":["Dodge and Roll","Backflip"],"picked":"Dagger Spray","floor":5},{"not_picked":["Accuracy","Calculated Gamble"],"picked":"Skewer","floor":7},{"not_picked":["Deflect","Flying Knee"],"picked":"Finisher","floor":8},{"not_picked":["Backflip","Dagger Spray"],"picked":"Blade Dance","floor":11},{"not_picked":["Masterful Stab","Dagger Spray","Outmaneuver"],"picked":"SKIP","floor":13},{"not_picked":["Predator","Prepared"],"picked":"After Image","floor":14},{"not_picked":["Prepared","Dash"],"picked":"Dodge and Roll","floor":15}],"player_experience":1679171,"relics_obtained":[{"floor":7,"key":"Darkstone Periapt"},{"floor":9,"key":"Kunai"},{"floor":14,"key":"Dream Catcher"}],"event_choices":[{"cards_removed":["Strike_G"],"damage_healed":0,"gold_gain":0,"player_choice":"Offered Basic","damage_taken":0,"max_hp_gain":0,"max_hp_loss":0,"event_name":"Bonfire Elementals","floor":4,"gold_loss":0}],"is_beta":false,"boss_relics":[],"items_purged_floors":[],"is_endless":false,"potions_floor_spawned":[1,2,8,11,13],"killed_by":"Slime Boss","ascension_level":15}