{"path_per_floor":["M","?","?","M","?","E","R","M","T","R","M","$","M","E","R","B",null,"M","?","M","?","$"],"character_chosen":"DEFECT","items_purchased":["Core Surge","Heatsinks+1","Heatsinks+1"],"gold_per_floor":[117,117,192,202,202,233,233,246,246,246,260,31,50,76,76,173,173,192,192,202,202,166,166],"floor_reached":23,"campfire_rested":1,"playtime":1021,"item_purchase_floors":[12,12,22],"current_hp_per_floor":[67,53,42,42,42,26,26,26,26,46,45,45,43,43,43,43,62,50,50,45,45,45,0],"items_purged":[],"gold":166,"score":384,"play_id":"4d38a8aa-eba5-441e-ab88-972903f1cf2c","local_time":"20180611145537","is_prod":false,"is_daily":false,"chose_seed":false,"is_ascension_mode":true,"campfire_upgraded":2,"win_rate":0,"timestamp":1528721737,"campfire_choices":[{"data":"Buffer","floor":7,"key":"SMITH"},{"floor":10,"key":"REST"},{"data":"Chaos","floor":15,"key":"SMITH"}],"path_taken":["M","?","?","M","?","E","R","?","T","R","M","?","M","E","R","BOSS","M","?","M","?","$","E"],"build_version":"2018-06-08","seed_source_timestamp":23465610617451,"purchased_purges":0,"victory":false,"master_deck":["Strike_B","Strike_B","Strike_B","Strike_B","Defend_B","Defend_B","Defend_B+1","Zap+1","Dualcast","Buffer+1","Sunder+1","Leap","Ball Lightning","Static Discharge+1","Chaos+1","Core Surge","Heatsinks+1","Turbo","Undo","Echo Form+1","Chill","Glacier","Chill","Heatsinks+1"],"max_hp_per_floor":[68,68,68,68,68,68,68,68,68,68,68,68,68,68,68,68,68,68,68,68,68,68,68],"relics":["Cracked Core","Frozen Egg 2","Cables","Regal Pillow","Black Star"],"card_choices":[{"not_picked":["Fission","Rainbow"],"picked":"Buffer","floor":0},{"not_picked":["Skim","Stack"],"picked":"Sunder","floor":1},{"not_picked":["Glacier","Undo"],"picked":"Leap","floor":4},{"not_picked":["Glacier","Redo"],"picked":"Ball Lightning","floor":6},{"not_picked":["Stack","Capacitor+1"],"picked":"Static Discharge+1","floor":8},{"not_picked":["Glacier","Steam"],"picked":"Chaos","floor":11},{"not_picked":["Sweeping Beam","Cold Snap"],"picked":"Turbo","floor":13},{"not_picked":["Stack","Streamline"],"picked":"Undo","floor":14},{"not_picked":["Multi-Cast","Electrodynamics+1"],"picked":"Echo Form+1","floor":16},{"not_picked":["Stack","Coolheaded"],"picked":"Chill","floor":18},{"not_picked":["Rebound","Hologram"],"picked":"Glacier","floor":20}],"player_experience":310684,"potions_floor_usage":[14,16,16,18,20],"damage_taken":[{"damage":1,"enemies":"2 Louse","floor":1,"turns":2},{"damage":0,"enemies":"Jaw Worm","floor":4,"turns":3},{"damage":16,"enemies":"Gremlin Nob","floor":6,"turns":4},{"damage":0,"enemies":"Small Slimes","floor":8,"turns":3},{"damage":1,"enemies":"2 Fungi Beasts","floor":11,"turns":2},{"damage":2,"enemies":"Looter","floor":13,"turns":2},{"damage":0,"enemies":"Lagavulin","floor":14,"turns":5},{"damage":0,"enemies":"Slime Boss","floor":16,"turns":8},{"damage":12,"enemies":"Shell Parasite","floor":18,"turns":6},{"damage":5,"enemies":"3 Byrds","floor":20,"turns":5},{"damage":46,"enemies":"Slavers","floor":23,"turns":6}],"relics_obtained":[{"floor":6,"key":"Frozen Egg 2"},{"floor":9,"key":"Cables"},{"floor":14,"key":"Regal Pillow"}],"event_choices":[{"event_name":"Shining Light","player_choice":"Entered Light","floor":2,"damage_taken":0},{"event_name":"World of Goop","player_choice":"Gather Gold","floor":3,"damage_taken":0},{"event_name":"Accursed Blacksmith","player_choice":"Forge","floor":5,"damage_taken":0},{"event_name":"Drug Dealer","player_choice":"Ignored","floor":19,"damage_taken":0},{"event_name":"Transmorgrifier","player_choice":"Transform","floor":21,"damage_taken":0}],"boss_relics":[{"not_picked":["Pandora\u0027s Box","Snecko Eye"],"picked":"Black Star"}],"items_purged_floors":[],"potions_floor_spawned":[1,6,14,16,18],"seed_played":"459807207003667568","killed_by":"Slavers","ascension_level":8,"potions_obtained":[{"floor":1,"key":"PowerPotion"},{"floor":6,"key":"Explosive Potion"},{"floor":14,"key":"Energy Potion"},{"floor":16,"key":"Weak Potion"},{"floor":18,"key":"Energy Potion"}],"is_trial":false}