{"gold_per_floor":[112,112,128,140,159,159,194,194,194,213,213],"floor_reached":11,"playtime":331,"items_purged":[],"score":150,"play_id":"88c10c2d-c928-41b2-a160-606751a59a3a","local_time":"20190211113850","is_ascension_mode":true,"campfire_choices":[{"data":"Zap","floor":6,"key":"SMITH"},{"floor":8,"key":"REST"}],"neow_cost":"NONE","seed_source_timestamp":7364249331100,"circlet_count":0,"master_deck":["AscendersBane","Strike_B","Strike_B","Strike_B","Strike_B","Defend_B","Defend_B","Defend_B","Defend_B","Zap+1","Dualcast","Rip and Tear","Tempest","Cold Snap","Biased Cognition","Darkness"],"relics":["Cracked Core","NeowsBlessing","Pantograph","Sundial","Cables"],"potions_floor_usage":[11],"damage_taken":[{"damage":0,"enemies":"Small Slimes","floor":1,"turns":1},{"damage":0,"enemies":"2 Louse","floor":3,"turns":1},{"damage":0,"enemies":"Cultist","floor":4,"turns":1},{"damage":11,"enemies":"Exordium Wildlife","floor":5,"turns":4},{"damage":32,"enemies":"3 Sentries","floor":7,"turns":7},{"damage":13,"enemies":"3 Louse","floor":10,"turns":3},{"damage":11,"enemies":"Lots of Slimes","floor":11,"turns":2}],"seed_played":"-1854326586475892297","potions_obtained":[{"floor":1,"key":"EssenceOfSteel"},{"floor":3,"key":"Block Potion"}],"is_trial":false,"path_per_floor":["M","?","M","M","M","R","E","R","T","M","M"],"character_chosen":"DEFECT","items_purchased":[],"campfire_rested":1,"item_purchase_floors":[],"current_hp_per_floor":[64,46,46,46,35,35,3,24,24,11,0],"gold":213,"neow_bonus":"THREE_ENEMY_KILL","is_prod":false,"is_daily":false,"chose_seed":false,"campfire_upgraded":1,"win_rate":0,"timestamp":1549881530,"path_taken":["M","?","M","M","M","R","E","R","T","M","M"],"build_version":"2019-01-23","purchased_purges":0,"victory":false,"max_hp_per_floor":[71,71,71,71,71,71,71,71,71,71,71],"card_choices":[{"not_picked":["Genetic Algorithm","Sweeping Beam"],"picked":"Rip and Tear","floor":1},{"not_picked":["Chaos","Auto Shields","Redo"],"picked":"SKIP","floor":3},{"not_picked":["Turbo","Auto Shields"],"picked":"Tempest","floor":4},{"not_picked":["Coolheaded","Rip and Tear"],"picked":"Cold Snap","floor":5},{"not_picked":["Blizzard","Go for the Eyes"],"picked":"Biased Cognition","floor":7},{"not_picked":["Go for the Eyes","Barrage"],"picked":"Darkness","floor":10}],"player_experience":1237427,"relics_obtained":[{"floor":7,"key":"Sundial"},{"floor":9,"key":"Cables"}],"event_choices":[{"damage_healed":0,"gold_gain":0,"player_choice":"Success","damage_taken":18,"relics_obtained":["Pantograph"],"max_hp_gain":0,"max_hp_loss":0,"event_name":"Scrap Ooze","floor":2,"gold_loss":0}],"is_beta":false,"boss_relics":[],"items_purged_floors":[],"is_endless":false,"potions_floor_spawned":[1,3,7],"killed_by":"Lots of Slimes","ascension_level":20}