{"gold_per_floor":[114,114,114,124,89,118,135,135,159,193,204,216,216],"floor_reached":13,"playtime":463,"items_purged":[],"score":190,"play_id":"9d1f30b0-f104-4e85-98f0-f88d87869d53","local_time":"20190831223246","is_ascension_mode":true,"campfire_choices":[{"data":"Fiend Fire","floor":8.0,"key":"SMITH"}],"neow_cost":"NONE","seed_source_timestamp":0,"circlet_count":0,"master_deck":["AscendersBane","Strike_R+1","Strike_R","Strike_R","Strike_R","Defend_R","Defend_R","Defend_R","Defend_R","Bash+1","Heavy Blade","Pommel Strike","Fiend Fire+1","Sword Boomerang","Shrug It Off","Flame Barrier","Hemokinesis"],"special_seed":0,"relics":["Burning Blood","Oddly Smooth Stone","Happy Flower","Girya"],"potions_floor_usage":[13,13],"damage_taken":[{"damage":7.0,"enemies":"2 Louse","floor":1.0,"turns":3.0},{"damage":4.0,"enemies":"Small Slimes","floor":4.0,"turns":4.0},{"damage":45.0,"enemies":"3 Sentries","floor":6.0,"turns":8.0},{"damage":0.0,"enemies":"Jaw Worm","floor":7.0,"turns":3.0},{"damage":20.0,"enemies":"Lagavulin","floor":10.0,"turns":3.0},{"damage":6.0,"enemies":"Red Slaver","floor":11.0,"turns":5.0},{"damage":15.0,"enemies":"Exordium Thugs","floor":12.0,"turns":3.0},{"damage":10,"enemies":"3 Sentries","floor":13,"turns":4}],"seed_played":"6874352473834138876","potions_obtained":[{"floor":4.0,"key":"Swift Potion"},{"floor":10.0,"key":"BloodPotion"},{"floor":12.0,"key":"Strength Potion"}],"is_trial":false,"path_per_floor":["M","?","?","M","?","E","M","R","T","E","M","M","E"],"character_chosen":"IRONCLAD","items_purchased":[],"campfire_rested":0,"item_purchase_floors":[],"current_hp_per_floor":[74,67,42,44,64,25,31,31,31,17,17,8,0],"gold":216,"neow_bonus":"TEN_PERCENT_HP_BONUS","is_prod":false,"is_daily":false,"chose_seed":false,"campfire_upgraded":1,"win_rate":0,"timestamp":1567283566,"path_taken":["M","?","?","M","?","E","M","R","T","E","M","?","E"],"build_version":"2019-07-17","purchased_purges":0,"victory":false,"max_hp_per_floor":[82,82,82,82,82,82,82,82,82,82,82,82,82],"card_choices":[{"not_picked":["Evolve","Armaments"],"picked":"Heavy Blade","floor":1.0},{"not_picked":["Armaments","Pummel"],"picked":"Pommel Strike","floor":4.0},{"not_picked":["Warcry","Armaments"],"picked":"Fiend Fire","floor":6.0},{"not_picked":["Heavy Blade","Warcry"],"picked":"Sword Boomerang","floor":7.0},{"not_picked":["Intimidate","Infernal Blade"],"picked":"Shrug It Off","floor":10.0},{"not_picked":["Heavy Blade","Shrug It Off"],"picked":"Flame Barrier","floor":11.0},{"not_picked":["Whirlwind","Body Slam"],"picked":"Hemokinesis","floor":12.0}],"player_experience":1993295,"relics_obtained":[{"floor":6.0,"key":"Oddly Smooth Stone"},{"floor":9.0,"key":"Happy Flower"},{"floor":10.0,"key":"Girya"}],"event_choices":[{"cards_removed":["Strike_R"],"damage_healed":0.0,"max_hp_gain":0.0,"max_hp_loss":0.0,"gold_gain":0.0,"event_name":"Golden Wing","player_choice":"Card Removal","floor":2.0,"gold_loss":0.0,"damage_taken":7.0},{"damage_healed":0.0,"max_hp_gain":0.0,"max_hp_loss":0.0,"gold_gain":0.0,"event_name":"Shining Light","player_choice":"Entered Light","floor":3.0,"gold_loss":0.0,"damage_taken":25.0,"cards_upgraded":["Bash","Strike_R"]},{"damage_healed":20.0,"max_hp_gain":0.0,"max_hp_loss":0.0,"gold_gain":0.0,"event_name":"The Cleric","player_choice":"Healed","floor":5.0,"gold_loss":35.0,"damage_taken":0.0}],"is_beta":false,"boss_relics":[],"items_purged_floors":[],"is_endless":false,"potions_floor_spawned":[4,10,12],"killed_by":"3 Sentries","ascension_level":20}