{"gold_per_floor":[367,42,55,68,88,88,9,34,60,60,60,94,94,94],"floor_reached":14,"playtime":466,"items_purged":["Strike_G"],"score":196,"play_id":"daca3134-13d6-4d09-80d4-8d5f3b506b66","local_time":"20190929123211","is_ascension_mode":true,"campfire_choices":[{"data":"Predator","floor":6.0,"key":"SMITH"},{"floor":10.0,"key":"REST"},{"data":"Footwork","floor":13.0,"key":"SMITH"}],"neow_cost":"TEN_PERCENT_HP_LOSS","seed_source_timestamp":2441954571395,"circlet_count":0,"master_deck":["AscendersBane","Strike_G","Strike_G","Strike_G","Defend_G","Defend_G","Defend_G","Defend_G","Defend_G","Survivor","Neutralize","Footwork+1","Predator+1","Bouncing Flask","Blur","Deadly Poison","Poisoned Stab","Well Laid Plans","Leg Sweep","Dodge and Roll"],"special_seed":0,"relics":["Ring of the Snake","Anchor","Strawberry","InkBottle"],"potions_floor_usage":[],"damage_taken":[{"damage":9.0,"enemies":"Cultist","floor":1.0,"turns":5.0},{"damage":0.0,"enemies":"Jaw Worm","floor":3.0,"turns":4.0},{"damage":3.0,"enemies":"2 Louse","floor":4.0,"turns":3.0},{"damage":2.0,"enemies":"2 Fungi Beasts","floor":5.0,"turns":4.0},{"damage":27.0,"enemies":"3 Sentries","floor":8.0,"turns":8.0},{"damage":3.0,"enemies":"Lagavulin","floor":12.0,"turns":6.0},{"damage":66,"enemies":"Gremlin Nob","floor":14,"turns":5}],"seed_played":"8230574601802615448","potions_obtained":[{"floor":1.0,"key":"GamblersBrew"},{"floor":4.0,"key":"PowerPotion"}],"is_trial":false,"path_per_floor":["M","$","M","M","M","R","$","E","T","R","?","E","R","E"],"character_chosen":"THE_SILENT","items_purchased":["Predator","Bouncing Flask","Blur","Fire Potion","Well Laid Plans"],"campfire_rested":1,"item_purchase_floors":[2,2,2,2,7],"current_hp_per_floor":[50,50,50,47,45,45,45,18,25,45,45,42,42,0],"gold":94,"neow_bonus":"TWO_FIFTY_GOLD","is_prod":false,"is_daily":false,"chose_seed":false,"campfire_upgraded":2,"win_rate":0,"timestamp":1569753131,"path_taken":["M","$","M","M","?","R","?","E","T","R","?","E","R","E"],"build_version":"2019-09-27","purchased_purges":1,"victory":false,"max_hp_per_floor":[60,60,60,60,60,60,60,60,67,67,67,67,67,67],"card_choices":[{"not_picked":["Concentrate","Riddle With Holes"],"picked":"Footwork","floor":1.0},{"not_picked":["Blur","PiercingWail"],"picked":"Deadly Poison","floor":3.0},{"not_picked":["Slice","Skewer"],"picked":"Poisoned Stab","floor":4.0},{"not_picked":["Dagger Throw","Prepared","All Out Attack"],"picked":"SKIP","floor":5.0},{"not_picked":["Finisher","Bane","Setup"],"picked":"SKIP","floor":8.0},{"not_picked":["Bouncing Flask","Deflect"],"picked":"Dodge and Roll","floor":12.0}],"player_experience":2124337,"relics_obtained":[{"floor":8.0,"key":"Anchor"},{"floor":9.0,"key":"Strawberry"},{"floor":12.0,"key":"InkBottle"}],"event_choices":[{"damage_healed":0.0,"max_hp_gain":0.0,"max_hp_loss":0.0,"gold_gain":0.0,"cards_transformed":["Strike_G"],"event_name":"Transmorgrifier","player_choice":"Transformed","floor":11.0,"gold_loss":0.0,"damage_taken":0.0,"cards_obtained":["Leg Sweep"]}],"is_beta":true,"boss_relics":[],"items_purged_floors":[2],"is_endless":false,"potions_floor_spawned":[1,4,5],"killed_by":"Gremlin Nob","ascension_level":20}