{"gold_per_floor":[112,112,125,144,163,191,191],"floor_reached":7,"playtime":406,"items_purged":[],"score":106,"play_id":"a1e888ff-244b-47bf-ac4d-35a2dc7342f7","local_time":"20190130202227","is_ascension_mode":true,"campfire_choices":[],"neow_cost":"TEN_PERCENT_HP_LOSS","seed_source_timestamp":36892327017007,"circlet_count":0,"master_deck":["AscendersBane","Defend_G","Defend_G","Defend_G","Defend_G","Defend_G","Strike_G","Strike_G","Strike_G","Strike_G","Strike_G","Survivor","Neutralize","Die Die Die","Well Laid Plans","Deadly Poison","Footwork"],"relics":["Ring of the Snake","The Courier","Anchor"],"potions_floor_usage":[],"damage_taken":[{"damage":0,"enemies":"2 Louse","floor":1,"turns":2},{"damage":4,"enemies":"Jaw Worm","floor":3,"turns":6},{"damage":0,"enemies":"Cultist","floor":4,"turns":3},{"damage":0,"enemies":"2 Fungi Beasts","floor":5,"turns":4},{"damage":29,"enemies":"3 Sentries","floor":6,"turns":13},{"damage":20,"enemies":"The Mushroom Lair","floor":7,"turns":2}],"seed_played":"-5677642474648083697","potions_obtained":[{"floor":6,"key":"LiquidBronze"}],"is_trial":false,"path_per_floor":["M","?","M","M","M","E","?"],"character_chosen":"THE_SILENT","items_purchased":[],"campfire_rested":0,"item_purchase_floors":[],"current_hp_per_floor":[59,48,44,44,44,15,0],"gold":191,"neow_bonus":"THREE_RARE_CARDS","is_prod":false,"is_daily":false,"chose_seed":false,"campfire_upgraded":0,"win_rate":0,"timestamp":1548876147,"path_taken":["M","?","M","M","M","E","?"],"build_version":"2019-01-23","purchased_purges":0,"victory":false,"max_hp_per_floor":[60,60,60,60,60,60,60],"card_choices":[{"not_picked":["Grand Finale","Tools of the Trade"],"picked":"Die Die Die","floor":0},{"not_picked":["Dagger Spray","Dodge and Roll"],"picked":"Well Laid Plans","floor":1},{"not_picked":["Prepared","hubris:SlightOfHand","Calculated Gamble"],"picked":"SKIP","floor":3},{"not_picked":["Bane","Backflip"],"picked":"Deadly Poison","floor":4},{"not_picked":["hubris:SlightOfHand","Prepared","hubris:Sniper"],"picked":"SKIP","floor":5},{"not_picked":["hubris:SlightOfHand","Prepared","hubris:Sniper"],"picked":"SKIP","floor":5},{"not_picked":["Blade Dance","Finisher"],"picked":"Footwork","floor":6}],"player_experience":1186315,"relics_obtained":[{"floor":6,"key":"Anchor"}],"event_choices":[{"damage_healed":0,"gold_gain":0,"player_choice":"Success","damage_taken":11,"relics_obtained":["The Courier"],"max_hp_gain":0,"max_hp_loss":0,"event_name":"Scrap Ooze","floor":2,"gold_loss":0},{"damage_healed":0,"gold_gain":0,"player_choice":"Fought Mushrooms","damage_taken":0,"max_hp_gain":0,"max_hp_loss":0,"event_name":"Mushrooms","floor":7,"gold_loss":0}],"is_beta":false,"boss_relics":[],"items_purged_floors":[],"is_endless":false,"potions_floor_spawned":[6],"killed_by":"The Mushroom Lair","ascension_level":20}