{"gold_per_floor":[109,109,124,49,49,49,88,147,220,220,264,264,288,34,34,163,163,181,202,202,202,220,220,263,263,263,287,91,107,107,143,143,268,268,286,306,375,232,246,246,246,587,610,747,759,771,796,823,835,847],"floor_reached":51,"playtime":2085,"items_purged":["Defend_R"],"score":1012,"play_id":"62036d4f-f1db-4ed7-9224-884ad6339f2b","local_time":"20181125134220","is_ascension_mode":true,"campfire_choices":[{"data":"Bash","floor":6.0,"key":"SMITH"},{"data":"Perfected Strike","floor":12.0,"key":"SMITH"},{"data":"Wild Strike","floor":15.0,"key":"SMITH"},{"data":"Perfected Strike","floor":23.0,"key":"SMITH"},{"data":"Offering","floor":25.0,"key":"SMITH"},{"data":"Metamorphosis","floor":30.0,"key":"SMITH"},{"data":"Pommel Strike","floor":32.0,"key":"SMITH"},{"data":"Demon Form","floor":40.0,"key":"SMITH"},{"data":"Strike_R+1","floor":46.0,"key":"PURGE"},{"data":"Heavy Blade","floor":49,"key":"SMITH"}],"neow_cost":"NONE","seed_source_timestamp":0,"circlet_count":0,"master_deck":["Strike_R+1","Strike_R+1","Strike_R+1","Strike_R+1","Defend_R+1","Defend_R+1","Bash+1","Perfected Strike+1","Shrug It Off+1","Wild Strike+1","Offering+1","Perfected Strike+1","Twin Strike+1","Perfected Strike+1","Metamorphosis+1","Pommel Strike+1","Impervious","Demon Form+1","Clothesline+1","Heavy Blade+1"],"special_seed":0,"relics":["Burning Blood","NeowsBlessing","Golden Idol","Pantograph","Letter Opener","Oddly Smooth Stone","Matryoshka","Sozu","Anchor","Happy Flower","FossilizedHelix","Bag of Preparation","Snecko Eye","Gambling Chip","Strawberry","Old Coin","Bottled Flame","MawBank","Peace Pipe"],"potions_floor_usage":[],"damage_taken":[{"damage":0.0,"enemies":"Small Slimes","floor":1.0,"turns":1.0},{"damage":0.0,"enemies":"Jaw Worm","floor":3.0,"turns":1.0},{"damage":0.0,"enemies":"Gremlin Nob","floor":7.0,"turns":1.0},{"damage":35.0,"enemies":"Lagavulin","floor":11.0,"turns":6.0},{"damage":0.0,"enemies":"2 Louse","floor":13.0,"turns":2.0},{"damage":58.0,"enemies":"Hexaghost","floor":16.0,"turns":12.0},{"damage":13.0,"enemies":"2 Thieves","floor":18.0,"turns":4.0},{"damage":9.0,"enemies":"Shell Parasite","floor":19.0,"turns":3.0},{"damage":10.0,"enemies":"Snecko","floor":22.0,"turns":3.0},{"damage":20.0,"enemies":"Gremlin Leader","floor":24.0,"turns":3.0},{"damage":0.0,"enemies":"Cultist and Chosen","floor":27.0,"turns":2.0},{"damage":0.0,"enemies":"Centurion and Healer","floor":29.0,"turns":2.0},{"damage":4.0,"enemies":"Book of Stabbing","floor":31.0,"turns":2.0},{"damage":45.0,"enemies":"Collector","floor":33.0,"turns":5.0},{"damage":6.0,"enemies":"3 Darklings","floor":35.0,"turns":3.0},{"damage":0.0,"enemies":"Orb Walker","floor":36.0,"turns":1.0},{"damage":7.0,"enemies":"2 Orb Walkers","floor":37.0,"turns":3.0},{"damage":0.0,"enemies":"Sphere and 2 Shapes","floor":39.0,"turns":2.0},{"damage":0.0,"enemies":"Nemesis","floor":42.0,"turns":3.0},{"damage":0.0,"enemies":"Mind Bloom Boss Battle","floor":44.0,"turns":3.0},{"damage":13.0,"enemies":"3 Darklings","floor":47.0,"turns":3.0},{"damage":6,"enemies":"Transient","floor":48,"turns":5},{"damage":59,"enemies":"Time Eater","floor":50,"turns":7}],"seed_played":"-8562377268767807915","potions_obtained":[{"floor":7.0,"key":"Ancient Potion"}],"is_trial":false,"path_per_floor":["M","?","M","$","?","R","E","?","T","?","E","R","M","$","R","B",null,"M","M","?","?","M","R","E","R","T","M","$","M","R","E","R","B",null,"M","M","?","$","M","R","?","E","T","?","?","R","M","M","R","B",null],"character_chosen":"IRONCLAD","items_purchased":["Matryoshka","Metamorphosis","Strawberry"],"campfire_rested":0,"item_purchase_floors":[14,28,38],"current_hp_per_floor":[78,62,68,68,48,48,54,54,54,59,30,30,36,36,36,9,66,59,56,56,56,52,52,38,38,38,44,44,50,50,52,52,38,73,73,79,78,85,91,91,91,92,92,92,92,92,85,85,85,39],"gold":859,"neow_bonus":"THREE_ENEMY_KILL","is_prod":false,"is_daily":false,"chose_seed":false,"campfire_upgraded":9,"win_rate":0,"timestamp":1543124540,"path_taken":["M","?","M","$","?","R","E","?","T","?","E","R","M","?","R","BOSS","M","M","?","?","M","R","E","R","T","?","$","M","R","E","R","BOSS","M","M","?","$","M","R","?","E","T","?","?","R","?","M","R","BOSS"],"build_version":"2018-11-15","purchased_purges":1,"victory":true,"max_hp_per_floor":[80,80,80,80,80,80,80,80,80,85,85,85,85,85,85,85,85,85,85,85,85,85,85,85,85,85,85,85,85,85,85,85,85,85,85,85,85,92,92,92,92,92,92,92,92,92,92,92,92,92],"card_choices":[{"not_picked":["Clothesline","Clash"],"picked":"Perfected Strike","floor":1.0},{"not_picked":["Headbutt","Iron Wave"],"picked":"Shrug It Off","floor":3.0},{"not_picked":["Sword Boomerang","Warcry","Sever Soul"],"picked":"SKIP","floor":7.0},{"not_picked":["Flex","Clothesline"],"picked":"Wild Strike","floor":11.0},{"not_picked":["Second Wind","Disarm","Bloodletting"],"picked":"SKIP","floor":13.0},{"not_picked":["Berserk","Reaper"],"picked":"Offering","floor":16.0},{"not_picked":["Flame Barrier","Heavy Blade","Sword Boomerang"],"picked":"SKIP","floor":18.0},{"not_picked":["Pommel Strike","Twin Strike"],"picked":"Perfected Strike","floor":19.0},{"not_picked":["Headbutt","Wild Strike"],"picked":"Twin Strike+1","floor":22.0},{"not_picked":["Blood for Blood+1","Warcry+1"],"picked":"Perfected Strike+1","floor":24.0},{"not_picked":["Thunderclap","Second Wind","Disarm+1"],"picked":"SKIP","floor":27.0},{"not_picked":["Wild Strike","Whirlwind+1"],"picked":"Pommel Strike","floor":29.0},{"not_picked":["Pommel Strike","Rage+1"],"picked":"Impervious","floor":31.0},{"not_picked":["Immolate","Dark Embrace"],"picked":"Demon Form","floor":33.0},{"not_picked":["Pummel+1","Rampage"],"picked":"Clothesline+1","floor":35.0},{"not_picked":["Iron Wave","Flex","Combust+1"],"picked":"SKIP","floor":36.0},{"not_picked":["Thunderclap","Blood for Blood+1","Clothesline"],"picked":"SKIP","floor":39.0},{"not_picked":["Seeing Red","Brutality","Clothesline+1"],"picked":"SKIP","floor":42.0},{"not_picked":["Inflame+1","Metallicize","Fiend Fire"],"picked":"SKIP","floor":47.0},{"not_picked":["Spot Weakness+1","Armaments+1"],"picked":"Heavy Blade","floor":48}],"player_experience":272078,"relics_obtained":[{"floor":7.0,"key":"Pantograph"},{"floor":9.0,"key":"Letter Opener"},{"floor":11.0,"key":"Oddly Smooth Stone"},{"floor":24.0,"key":"Anchor"},{"floor":26.0,"key":"Happy Flower"},{"floor":26.0,"key":"FossilizedHelix"},{"floor":31.0,"key":"Bag of Preparation"},{"floor":37.0,"key":"Gambling Chip"},{"floor":42.0,"key":"Old Coin"},{"floor":43.0,"key":"Bottled Flame"},{"floor":43.0,"key":"MawBank"},{"floor":44.0,"key":"Peace Pipe"}],"event_choices":[{"damage_healed":0.0,"max_hp_gain":0.0,"max_hp_loss":0.0,"gold_gain":0.0,"event_name":"Shining Light","player_choice":"Entered Light","floor":2.0,"gold_loss":0.0,"damage_taken":16.0,"cards_upgraded":["Defend_R","Defend_R"]},{"damage_healed":0.0,"max_hp_gain":0.0,"max_hp_loss":0.0,"gold_gain":0.0,"event_name":"Golden Idol","player_choice":"Take Damage","floor":5.0,"gold_loss":0.0,"damage_taken":20.0,"relics_obtained":["Golden Idol"]},{"damage_healed":0.0,"max_hp_gain":0.0,"max_hp_loss":0.0,"gold_gain":59.0,"event_name":"Golden Wing","player_choice":"Gained Gold","floor":8.0,"gold_loss":0.0,"damage_taken":0.0},{"damage_healed":0.0,"max_hp_gain":5.0,"max_hp_loss":0.0,"gold_gain":0.0,"event_name":"Big Fish","player_choice":"Donut","floor":10.0,"gold_loss":0.0,"damage_taken":0.0},{"damage_healed":0.0,"max_hp_gain":0.0,"max_hp_loss":0.0,"gold_gain":0.0,"event_name":"Back to Basics","player_choice":"Simplicity","floor":20.0,"gold_loss":0.0,"damage_taken":0.0,"cards_upgraded":["Strike_R","Strike_R","Strike_R","Strike_R","Strike_R","Defend_R"]},{"damage_healed":0.0,"max_hp_gain":0.0,"max_hp_loss":0.0,"gold_gain":0.0,"event_name":"Beggar","player_choice":"Ignored","floor":21.0,"gold_loss":0.0,"damage_taken":0.0},{"damage_healed":0.0,"max_hp_gain":0.0,"max_hp_loss":0.0,"gold_gain":0.0,"event_name":"Mysterious Sphere","player_choice":"Fight","floor":37.0,"gold_loss":0.0,"damage_taken":0.0},{"cards_removed":["Defend_R"],"damage_healed":0.0,"max_hp_gain":0.0,"max_hp_loss":0.0,"gold_gain":0.0,"event_name":"Falling","player_choice":"Removed Skill","floor":41.0,"gold_loss":0.0,"damage_taken":0.0},{"damage_healed":0.0,"max_hp_gain":0.0,"max_hp_loss":0.0,"gold_gain":0.0,"event_name":"MindBloom","player_choice":"Fight","floor":44.0,"gold_loss":0.0,"damage_taken":0.0},{"damage_healed":0.0,"max_hp_gain":0.0,"max_hp_loss":0.0,"gold_gain":0.0,"event_name":"Accursed Blacksmith","player_choice":"Forge","floor":45.0,"gold_loss":0.0,"damage_taken":0.0,"cards_upgraded":["Shrug It Off"]}],"is_beta":false,"boss_relics":[{"not_picked":["Tiny House","White Beast Statue"],"picked":"Sozu"},{"not_picked":["Astrolabe","Empty Cage"],"picked":"Snecko Eye"}],"items_purged_floors":[4],"is_endless":false,"potions_floor_spawned":[7,19,27,31,37,39,47],"ascension_level":6}