{"gold_per_floor":[118,268,268,350,15,15,56,56,56,70,95,116,116,134,134,134],"floor_reached":16,"playtime":419,"items_purged":["Doubt"],"score":200,"play_id":"7e6b7790-f514-4dbb-a059-3793c98e5278","local_time":"20190114184533","is_ascension_mode":true,"campfire_choices":[{"data":"Noxious Fumes","floor":6,"key":"SMITH"},{"floor":8,"key":"REST"},{"data":"Wraith Form v2","floor":13,"key":"SMITH"},{"data":"Crippling Poison","floor":15,"key":"SMITH"}],"neow_cost":"NONE","seed_source_timestamp":29326209143531,"circlet_count":0,"master_deck":["AscendersBane","Defend_G","Defend_G","Defend_G","Defend_G","Defend_G","Strike_G","Strike_G","Strike_G","Strike_G","Strike_G","Survivor","Neutralize","Wraith Form v2+1","Deadly Poison","Noxious Fumes+1","PiercingWail","Crippling Poison+1","Backflip"],"relics":["Ring of the Snake","Golden Idol","Sundial","hubris:OldNail","Mercury Hourglass","Shuriken"],"potions_floor_usage":[16],"damage_taken":[{"damage":0,"enemies":"Cultist","floor":1,"turns":4},{"damage":51,"enemies":"Gremlin Nob","floor":7,"turns":7},{"damage":3,"enemies":"2 Louse","floor":10,"turns":2},{"damage":0,"enemies":"Jaw Worm","floor":11,"turns":4},{"damage":0,"enemies":"2 Fungi Beasts","floor":12,"turns":4},{"damage":9,"enemies":"3 Louse","floor":14,"turns":2},{"damage":19,"enemies":"Slime Boss","floor":16,"turns":5}],"seed_played":"-8699045891769231338","potions_obtained":[{"floor":10,"key":"FearPotion"}],"is_trial":false,"path_per_floor":["M","?","?","T","$","R","E","R","T","M","M","M","R","M","R","B"],"character_chosen":"THE_SILENT","items_purchased":["Noxious Fumes","hubris:OldNail","PiercingWail"],"campfire_rested":1,"item_purchase_floors":[5,5,5],"current_hp_per_floor":[59,59,59,59,59,59,8,26,26,23,23,23,23,14,14,0],"gold":134,"neow_bonus":"ONE_RANDOM_RARE_CARD","is_prod":false,"is_daily":false,"chose_seed":false,"campfire_upgraded":3,"win_rate":0,"timestamp":1547487933,"path_taken":["M","?","?","?","$","R","E","R","T","M","M","M","R","M","R","BOSS"],"build_version":"2019-01-10","purchased_purges":1,"victory":false,"max_hp_per_floor":[66,66,60,60,60,60,60,60,60,60,60,60,60,60,60,60],"card_choices":[{"not_picked":["Prepared","Dagger Spray"],"picked":"Deadly Poison","floor":1},{"not_picked":["Well Laid Plans","Slice"],"picked":"Crippling Poison","floor":7},{"not_picked":["Dash","Bane"],"picked":"Backflip","floor":10},{"not_picked":["Acrobatics","Flechettes","Choke"],"picked":"SKIP","floor":11},{"not_picked":["Cloak And Dagger","Outmaneuver","Blade Dance"],"picked":"SKIP","floor":12},{"not_picked":["Deflect","Dagger Throw","Flying Knee"],"picked":"SKIP","floor":14}],"player_experience":1107831,"relics_obtained":[{"floor":4,"key":"Sundial"},{"floor":7,"key":"Mercury Hourglass"},{"floor":9,"key":"Shuriken"}],"event_choices":[{"damage_healed":0,"gold_gain":150,"player_choice":"AGREE","damage_taken":0,"max_hp_gain":0,"max_hp_loss":0,"event_name":"Liars Game","floor":2,"gold_loss":0,"cards_obtained":["Doubt"]},{"damage_healed":0,"gold_gain":0,"player_choice":"Lose Max HP","damage_taken":0,"relics_obtained":["Golden Idol"],"max_hp_gain":0,"max_hp_loss":6,"event_name":"Golden Idol","floor":3,"gold_loss":0}],"is_beta":false,"boss_relics":[],"items_purged_floors":[5],"is_endless":false,"potions_floor_spawned":[10],"killed_by":"Slime Boss","ascension_level":20}