{"gold_per_floor":[212,154,154,171,184,184,217,217,241,275,275,291,291,291,291,365,365,382,393,65,65,76,110,110,138,138,148,159,193,193,205,205,205],"floor_reached":33,"playtime":1322,"items_purged":["Strike_G"],"score":730,"play_id":"1ae3431d-40f2-4828-a05e-5ca6689d5337","local_time":"20190131013643","is_ascension_mode":true,"campfire_choices":[{"data":"Poisoned Stab","floor":6,"key":"SMITH"},{"floor":8,"key":"REST"},{"floor":11,"key":"REST"},{"data":"Catalyst","floor":13,"key":"SMITH"},{"floor":15,"key":"REST"},{"data":"Malaise","floor":24,"key":"SMITH"},{"floor":30,"key":"REST"},{"floor":32,"key":"REST"}],"neow_cost":"NONE","seed_source_timestamp":54830885327326,"circlet_count":0,"master_deck":["AscendersBane","Defend_G","Defend_G","Defend_G","Defend_G+1","Defend_G","Strike_G","Strike_G","Strike_G","Strike_G","Survivor","Neutralize","Catalyst+1","Poisoned Stab+1","Backflip","Dagger Spray","Backstab","Poisoned Stab","Backflip+1","Malaise+1","Deflect+1","Poisoned Stab","Backflip","Well Laid Plans","Deadly Poison","Catalyst+1","Deadly Poison","Escape Plan","Calculated Gamble","Leg Sweep"],"relics":["Ring of the Snake","NlothsMask","hubris:SphereOfDissonance","Ninja Scroll","hubris:RunicObelisk","Chemical X","Bronze Scales","FossilizedHelix","infinitespire:WardingShard","Smiling Mask"],"potions_floor_usage":[7,10,23,28,29,33],"damage_taken":[{"damage":9,"enemies":"Jaw Worm","floor":1,"turns":7},{"damage":7,"enemies":"Cultist","floor":4,"turns":5},{"damage":1,"enemies":"Small Slimes","floor":5,"turns":5},{"damage":36,"enemies":"Gremlin Nob","floor":7,"turns":4},{"damage":20,"enemies":"Lagavulin","floor":10,"turns":6},{"damage":0,"enemies":"Exordium Wildlife","floor":12,"turns":2},{"damage":12,"enemies":"The Guardian","floor":16,"turns":11},{"damage":11,"enemies":"Shell Parasite","floor":18,"turns":5},{"damage":15,"enemies":"Chosen","floor":19,"turns":5},{"damage":9,"enemies":"Snecko","floor":22,"turns":6},{"damage":0,"enemies":"Nightmare","floor":23,"turns":6},{"damage":18,"enemies":"Slavers","floor":25,"turns":7},{"damage":0,"enemies":"Chosen and Byrds","floor":27,"turns":5},{"damage":0,"enemies":"Sentry and Sphere","floor":28,"turns":5},{"damage":8,"enemies":"Gremlin Leader","floor":29,"turns":3},{"damage":16,"enemies":"Snake Plant","floor":31,"turns":3},{"damage":28,"enemies":"Automaton","floor":33,"turns":6}],"seed_played":"-4883626466221697324","potions_obtained":[{"floor":4,"key":"PowerPotion"},{"floor":7,"key":"SpeedPotion"},{"floor":12,"key":"Block Potion"},{"floor":18,"key":"Regen Potion"},{"floor":23,"key":"infinitespire:BlackPotion"},{"floor":28,"key":"Block Potion"}],"is_trial":false,"path_per_floor":["M","$","?","M","M","R","E","R","T","E","R","M","R","?","R","B",null,"M","M","$","?","M","NM","R","E","T","M","M","E","R","M","R","B"],"character_chosen":"THE_SILENT","items_purchased":["Poisoned Stab","Backflip","Chemical X","Well Laid Plans"],"campfire_rested":5,"item_purchase_floors":[2,20,20,20],"current_hp_per_floor":[50,50,50,43,42,42,6,25,25,5,24,24,24,4,23,11,52,41,26,26,26,17,31,31,13,13,13,13,5,24,8,27,0],"gold":205,"neow_bonus":"HUNDRED_GOLD","is_prod":false,"is_daily":false,"chose_seed":false,"campfire_upgraded":3,"win_rate":0,"timestamp":1548895003,"path_taken":["M","$","?","?","?","R","E","R","T","E","R","M","R","?","R","BOSS","M","M","$","?","M","NM","R","E","T","M","M","E","R","M","R","BOSS"],"build_version":"2019-01-23","purchased_purges":1,"victory":false,"max_hp_per_floor":[66,66,66,66,66,66,66,66,66,66,66,66,66,66,66,66,66,66,66,66,66,66,66,66,66,66,66,66,66,66,66,66,66],"card_choices":[{"not_picked":["Acrobatics","Slice"],"picked":"Catalyst","floor":1},{"not_picked":["Dagger Throw","Outmaneuver"],"picked":"Backflip","floor":4},{"not_picked":["Quick Slash","Prepared"],"picked":"Dagger Spray","floor":5},{"not_picked":["Dash","Backflip"],"picked":"Backstab","floor":7},{"not_picked":["Concentrate","Finisher"],"picked":"Poisoned Stab","floor":10},{"not_picked":["Blade Dance","Accuracy"],"picked":"Backflip","floor":12},{"not_picked":["Phantasmal Killer","Storm of Steel"],"picked":"Malaise","floor":16},{"not_picked":["Finisher","Outmaneuver"],"picked":"Deflect+1","floor":18},{"not_picked":["Finisher","Acrobatics"],"picked":"Poisoned Stab","floor":19},{"not_picked":["Choke","Bouncing Flask"],"picked":"Deadly Poison","floor":22},{"not_picked":["Deflect","Finisher+1"],"picked":"Catalyst+1","floor":23},{"not_picked":["Heel Hook","Infinite Blades"],"picked":"Deadly Poison","floor":25},{"not_picked":["Setup","Predator"],"picked":"Escape Plan","floor":27},{"not_picked":["Expertise","hubris:Sniper"],"picked":"Calculated Gamble","floor":28},{"not_picked":["Underhanded Strike","Slice"],"picked":"Leg Sweep","floor":29},{"not_picked":["Backstab","Cloak And Dagger","Blade Dance+1"],"picked":"SKIP","floor":31}],"player_experience":1195654,"relics_obtained":[{"floor":7,"key":"hubris:SphereOfDissonance"},{"floor":10,"key":"Ninja Scroll"},{"floor":23,"key":"Bronze Scales"},{"floor":25,"key":"FossilizedHelix"},{"floor":26,"key":"infinitespire:WardingShard"},{"floor":29,"key":"Smiling Mask"}],"event_choices":[{"damage_healed":0,"gold_gain":0,"player_choice":"Trade","damage_taken":0,"relics_obtained":["NlothsMask"],"max_hp_gain":0,"max_hp_loss":0,"event_name":"FaceTrader","floor":3,"gold_loss":0},{"damage_healed":0,"gold_gain":0,"player_choice":"Entered Light","damage_taken":20,"max_hp_gain":0,"max_hp_loss":0,"event_name":"Shining Light","floor":14,"gold_loss":0,"cards_upgraded":["Backflip","Defend_G"]},{"damage_healed":0,"gold_gain":0,"player_choice":"Ignored","damage_taken":0,"max_hp_gain":0,"max_hp_loss":0,"event_name":"Cursed Tome","floor":21,"gold_loss":0}],"is_beta":false,"boss_relics":[{"not_picked":["Busted Crown","hubris:Stopwatch"],"picked":"hubris:RunicObelisk"}],"items_purged_floors":[20],"is_endless":true,"potions_floor_spawned":[4,7,12,18,23,28],"killed_by":"Automaton","ascension_level":20}