{"gold_per_floor":[111,111,52,64,139,139,170,170,170,182,194,206,232,271,283,370,382,408,121,121],"floor_reached":20,"playtime":492,"items_purged":["Strike_R"],"score":456,"play_id":"462b1145-fae1-48b3-823c-b66746a0713b","local_time":"20190728093638","is_ascension_mode":true,"campfire_choices":[{"data":"Bash","floor":6.0,"key":"SMITH"},{"data":"Demon Form","floor":12.0,"key":"SMITH"},{"data":"Limit Break","floor":15.0,"key":"SMITH"}],"neow_cost":"NONE","seed_source_timestamp":2857923660767,"circlet_count":0,"master_deck":["AscendersBane","Strike_R","Strike_R","Strike_R","Strike_R","Defend_R","Defend_R","Defend_R","Defend_R","Bash+1","Heavy Blade","Shrug It Off","Feel No Pain+1","Demon Form+1","Havoc","Shrug It Off","Limit Break+1","Reaper","Immolate","Anger","Whirlwind+1"],"special_seed":0,"relics":["Burning Blood","NeowsBlessing","Ornamental Fan","Singing Bowl","MawBank","Mummified Hand","Orrery","Chemical X"],"potions_floor_usage":[20],"damage_taken":[{"damage":0.0,"enemies":"2 Louse","floor":1.0,"turns":1.0},{"damage":0.0,"enemies":"Jaw Worm","floor":4.0,"turns":1.0},{"damage":0.0,"enemies":"Gremlin Nob","floor":7.0,"turns":1.0},{"damage":12.0,"enemies":"Cultist","floor":13.0,"turns":4.0},{"damage":24.0,"enemies":"3 Sentries","floor":14.0,"turns":9.0},{"damage":37.0,"enemies":"The Guardian","floor":16.0,"turns":9.0},{"damage":87.0,"enemies":"3 Byrds","floor":18.0,"turns":7.0},{"damage":30,"enemies":"Shell Parasite","floor":20,"turns":3}],"seed_played":"-7094833281897058111","potions_obtained":[{"floor":7.0,"key":"SpeedPotion"},{"floor":16.0,"key":"FairyPotion"}],"is_trial":false,"path_per_floor":["M","?","?","M","?","R","E","?","T","$","?","R","M","E","R","B",null,"M","$","M"],"character_chosen":"IRONCLAD","items_purchased":["Chemical X"],"campfire_rested":0,"item_purchase_floors":[19],"current_hp_per_floor":[74,79,79,80,69,69,75,75,75,75,75,75,69,51,51,20,71,12,12,0],"gold":121,"neow_bonus":"THREE_ENEMY_KILL","is_prod":false,"is_daily":false,"chose_seed":false,"campfire_upgraded":3,"win_rate":0,"timestamp":1564299398,"path_taken":["M","?","?","?","?","R","E","?","T","?","?","R","M","E","R","BOSS","M","$","M"],"build_version":"2019-07-17","purchased_purges":1,"victory":false,"max_hp_per_floor":[75,80,80,80,80,80,80,80,80,80,80,80,80,80,80,80,86,86,86,86],"card_choices":[{"not_picked":["Warcry","Flex"],"picked":"Heavy Blade","floor":1.0},{"not_picked":["Fire Breathing","Iron Wave"],"picked":"Shrug It Off","floor":4.0},{"not_picked":["Perfected Strike","Rage"],"picked":"Feel No Pain","floor":7.0},{"not_picked":["Carnage","Pommel Strike"],"picked":"Shrug It Off","floor":13.0},{"not_picked":["Twin Strike","Armaments"],"picked":"Limit Break","floor":14.0},{"not_picked":["Dark Embrace","Brutality"],"picked":"Reaper","floor":16.0},{"not_picked":["Iron Wave","Burning Pact"],"picked":"Immolate","floor":17.0},{"not_picked":["Intimidate","Wild Strike"],"picked":"Anger","floor":17.0},{"not_picked":["Perfected Strike","Anger","Wild Strike"],"picked":"Singing Bowl","floor":17.0},{"not_picked":["Inflame","Clash","Pommel Strike"],"picked":"Singing Bowl","floor":17.0},{"not_picked":["Body Slam","Clothesline","Pommel Strike"],"picked":"Singing Bowl","floor":17.0},{"not_picked":["Carnage","Hemokinesis"],"picked":"Whirlwind+1","floor":18.0}],"player_experience":1848775,"relics_obtained":[{"floor":7.0,"key":"Singing Bowl"},{"floor":9.0,"key":"MawBank"},{"floor":14.0,"key":"Mummified Hand"}],"event_choices":[{"damage_healed":0.0,"max_hp_gain":5.0,"max_hp_loss":0.0,"gold_gain":0.0,"event_name":"Big Fish","player_choice":"Donut","floor":2.0,"gold_loss":0.0,"damage_taken":0.0},{"damage_healed":0.0,"max_hp_gain":0.0,"max_hp_loss":0.0,"gold_gain":0.0,"event_name":"WeMeetAgain","player_choice":"Paid Gold","floor":3.0,"gold_loss":59.0,"damage_taken":0.0,"relics_obtained":["Ornamental Fan"]},{"damage_healed":0.0,"max_hp_gain":0.0,"max_hp_loss":0.0,"gold_gain":75.0,"event_name":"World of Goop","player_choice":"Gather Gold","floor":5.0,"gold_loss":0.0,"damage_taken":11.0},{"damage_healed":0.0,"max_hp_gain":0.0,"max_hp_loss":0.0,"gold_gain":0.0,"event_name":"Living Wall","player_choice":"Grow","floor":8.0,"gold_loss":0.0,"damage_taken":0.0,"cards_upgraded":["Feel No Pain"]},{"damage_healed":0.0,"max_hp_gain":0.0,"max_hp_loss":0.0,"gold_gain":0.0,"event_name":"Match and Keep!","player_choice":"2 cards matched","floor":11.0,"gold_loss":0.0,"damage_taken":0.0,"cards_obtained":["Demon Form","Havoc"]}],"is_beta":false,"boss_relics":[{"not_picked":["Eternal Feather","Black Blood"],"picked":"Orrery"}],"items_purged_floors":[19],"is_endless":false,"potions_floor_spawned":[7,16],"killed_by":"Shell Parasite","ascension_level":20}