{"gold_per_floor":[117,117,129,129,129,129,162,182,207,220,245,245,261,226,226,305,305,305,53,53,53,53,53,53,53,53,53],"floor_reached":27,"playtime":1157,"items_purged":[],"score":486,"play_id":"003d3a97-14ed-4ea9-b407-2cd2f6ecd41e","local_time":"20181229083705","is_ascension_mode":true,"campfire_choices":[{"data":"Poisoned Stab","floor":6,"key":"SMITH"},{"data":"Deadly Poison","floor":12,"key":"SMITH"},{"data":"Crippling Poison","floor":15,"key":"SMITH"},{"data":"Malaise","floor":23,"key":"SMITH"}],"neow_cost":"NONE","seed_source_timestamp":3310297956577,"circlet_count":0,"master_deck":["AscendersBane","Defend_G","Defend_G","Defend_G","Defend_G","Defend_G","Strike_G","Strike_G","Strike_G","Strike_G","Strike_G","Survivor","Neutralize+1","Poisoned Stab+1","Poisoned Stab","Bullet Time","Die Die Die","Deadly Poison+1","Bane","Crippling Poison+1","Envenom","Deadly Poison","Backflip","Noxious Fumes","Malaise+1","Deadly Poison+1","Crippling Poison","Blur+1"],"relics":["Ring of the Snake","Ancient Tea Set","Centennial Puzzle","Pear","Ectoplasm","Anchor","Gremlin Horn"],"potions_floor_usage":[7,25,27],"damage_taken":[{"damage":1,"enemies":"Jaw Worm","floor":1,"turns":5},{"damage":0,"enemies":"Cultist","floor":3,"turns":3},{"damage":12,"enemies":"Lagavulin","floor":7,"turns":5},{"damage":0,"enemies":"Small Slimes","floor":8,"turns":2},{"damage":8,"enemies":"Looter","floor":10,"turns":3},{"damage":30,"enemies":"Gremlin Nob","floor":11,"turns":4},{"damage":1,"enemies":"Blue Slaver","floor":13,"turns":2},{"damage":23,"enemies":"The Guardian","floor":16,"turns":9},{"damage":0,"enemies":"3 Byrds","floor":18,"turns":3},{"damage":1,"enemies":"Chosen","floor":20,"turns":4},{"damage":11,"enemies":"Centurion and Healer","floor":22,"turns":6},{"damage":41,"enemies":"Slavers","floor":24,"turns":7},{"damage":7,"enemies":"Shelled Parasite and Fungi","floor":25,"turns":5},{"damage":6,"enemies":"Gremlin Leader","floor":27,"turns":2}],"seed_played":"-6061136092783077878","potions_obtained":[{"floor":3,"key":"SteroidPotion"},{"floor":7,"key":"SkillPotion"},{"floor":8,"key":"SpeedPotion"},{"floor":18,"key":"GhostInAJar"}],"is_trial":false,"path_per_floor":["M","?","M","?","?","R","E","M","T","M","E","R","M","?","R","B",null,"M","$","M","?","M","R","E","M","T","E"],"character_chosen":"THE_SILENT","items_purchased":["Backflip","Noxious Fumes","Malaise"],"campfire_rested":0,"item_purchase_floors":[19,19,19],"current_hp_per_floor":[58,58,58,63,63,63,51,51,51,43,23,23,22,42,42,19,66,66,66,65,65,54,54,13,6,6,0],"gold":53,"neow_bonus":"UPGRADE_CARD","is_prod":false,"is_daily":false,"chose_seed":false,"campfire_upgraded":4,"win_rate":0,"timestamp":1546069025,"path_taken":["M","?","M","?","?","R","E","?","T","M","E","R","?","?","R","BOSS","M","$","M","?","M","R","E","M","T","E"],"build_version":"2018-12-20","purchased_purges":0,"victory":false,"max_hp_per_floor":[66,66,66,71,71,71,71,71,71,71,81,81,81,81,81,81,81,81,81,81,81,81,81,81,81,81,81],"card_choices":[{"not_picked":["Dagger Throw","Eviscerate"],"picked":"Poisoned Stab","floor":1},{"not_picked":["Flechettes","PiercingWail"],"picked":"Poisoned Stab","floor":3},{"not_picked":["Prepared","Sucker Punch"],"picked":"Die Die Die","floor":7},{"not_picked":["Slice","Terror"],"picked":"Deadly Poison","floor":8},{"not_picked":["All Out Attack","Acrobatics","Dagger Throw"],"picked":"SKIP","floor":10},{"not_picked":["Dodge and Roll","Reflex"],"picked":"Bane","floor":11},{"not_picked":["Dagger Spray","Slice"],"picked":"Crippling Poison","floor":13},{"not_picked":["Unload","Phantasmal Killer"],"picked":"Envenom","floor":16},{"not_picked":["Deflect","Sucker Punch"],"picked":"Deadly Poison","floor":18},{"not_picked":["Bane","Setup"],"picked":"Deadly Poison+1","floor":20},{"not_picked":["Slice","Eviscerate","Prepared"],"picked":"SKIP","floor":22},{"not_picked":["Tactician","Eviscerate"],"picked":"Crippling Poison","floor":24},{"not_picked":["Slice","Tactician"],"picked":"Blur+1","floor":25}],"player_experience":1071500,"relics_obtained":[{"floor":7,"key":"Ancient Tea Set"},{"floor":9,"key":"Centennial Puzzle"},{"floor":11,"key":"Pear"},{"floor":24,"key":"Anchor"},{"floor":26,"key":"Gremlin Horn"}],"event_choices":[{"damage_healed":0,"gold_gain":0,"player_choice":"Ignored","damage_taken":0,"max_hp_gain":0,"max_hp_loss":0,"event_name":"Liars Game","floor":2,"gold_loss":0},{"damage_healed":0,"gold_gain":0,"player_choice":"Donut","damage_taken":0,"max_hp_gain":5,"max_hp_loss":0,"event_name":"Big Fish","floor":4,"gold_loss":0},{"damage_healed":0,"gold_gain":0,"player_choice":"1 cards matched","damage_taken":0,"max_hp_gain":0,"max_hp_loss":0,"event_name":"Match and Keep!","floor":5,"gold_loss":0,"cards_obtained":["Bullet Time"]},{"damage_healed":20,"gold_gain":0,"player_choice":"Healed","damage_taken":0,"max_hp_gain":0,"max_hp_loss":0,"event_name":"The Cleric","floor":14,"gold_loss":35},{"damage_healed":0,"gold_gain":0,"player_choice":"Ignored","damage_taken":0,"max_hp_gain":0,"max_hp_loss":0,"event_name":"The Mausoleum","floor":21,"gold_loss":0}],"is_beta":false,"boss_relics":[{"not_picked":["White Beast Statue","Runic Dome"],"picked":"Ectoplasm"}],"items_purged_floors":[],"is_endless":false,"potions_floor_spawned":[3,7,8,13,18],"killed_by":"Gremlin Leader","ascension_level":20}