{"gold_per_floor":[109,122,139,139,139,139,179,194,194,212,227,227,246,277,277,373,373,389,408,67,67,88,127,127],"floor_reached":24,"playtime":6611,"items_purged":["Strike_R"],"score":460,"play_id":"417a29dc-e8e1-4f81-b00f-650e471e1cfe","local_time":"20190102232034","is_ascension_mode":true,"campfire_choices":[{"data":"Bash","floor":6,"key":"SMITH"},{"data":"Armaments","floor":12,"key":"SMITH"},{"data":"Clothesline","floor":15,"key":"SMITH"}],"neow_cost":"NONE","seed_source_timestamp":38468287405131,"circlet_count":0,"master_deck":["AscendersBane","Strike_R","Strike_R","Strike_R","Defend_R","Defend_R","Defend_R","Defend_R","Bash+1","Shrug It Off","Pummel","Sword Boomerang","Clothesline+1","Whirlwind","Armaments+1","Fiend Fire","Battle Trance","Limit Break","Headbutt+1","Flame Barrier","Limit Break","Iron Wave+1","Disarm"],"relics":["Burning Blood","Art of War","Golden Idol","Bag of Marbles","Sundial","Molten Egg 2","Runic Dome","Lee\u0027s Waffle","Prayer Wheel"],"potions_floor_usage":[7,14,14,22],"damage_taken":[{"damage":16,"enemies":"Jaw Worm","floor":1,"turns":5},{"damage":6,"enemies":"Cultist","floor":2,"turns":3},{"damage":3,"enemies":"2 Louse","floor":3,"turns":4},{"damage":12,"enemies":"Lagavulin","floor":7,"turns":6},{"damage":12,"enemies":"Red Slaver","floor":8,"turns":4},{"damage":7,"enemies":"2 Fungi Beasts","floor":10,"turns":4},{"damage":16,"enemies":"Lots of Slimes","floor":11,"turns":4},{"damage":0,"enemies":"3 Louse","floor":13,"turns":1},{"damage":15,"enemies":"3 Sentries","floor":14,"turns":3},{"damage":25,"enemies":"The Guardian","floor":16,"turns":18},{"damage":33,"enemies":"2 Thieves","floor":18,"turns":4},{"damage":34,"enemies":"Shell Parasite","floor":19,"turns":4},{"damage":12,"enemies":"3 Cultists","floor":22,"turns":3},{"damage":44,"enemies":"Book of Stabbing","floor":23,"turns":5},{"damage":31,"enemies":"Chosen and Byrds","floor":24,"turns":5}],"seed_played":"4952787732116122999","potions_obtained":[{"floor":3,"key":"SteroidPotion"},{"floor":7,"key":"Ancient Potion"},{"floor":11,"key":"Strength Potion"},{"floor":13,"key":"Energy Potion"},{"floor":16,"key":"FairyPotion"},{"floor":18,"key":"FearPotion"},{"floor":22,"key":"Ancient Potion"}],"is_trial":false,"path_per_floor":["M","M","M","?","?","R","E","M","T","M","M","R","M","E","R","B",null,"M","M","$","?","M","E","M"],"character_chosen":"IRONCLAD","items_purchased":["Lee\u0027s Waffle","SteroidPotion"],"campfire_rested":0,"item_purchase_floors":[20,20],"current_hp_per_floor":[58,58,61,61,61,61,55,49,49,48,38,38,44,35,35,16,55,28,12,75,75,69,31,0],"gold":127,"neow_bonus":"RANDOM_COMMON_RELIC","is_prod":false,"is_daily":false,"chose_seed":false,"campfire_upgraded":3,"win_rate":0,"timestamp":1546467634,"path_taken":["M","M","M","?","?","R","E","M","T","M","?","R","M","E","R","BOSS","M","M","$","?","?","E","M"],"build_version":"2018-12-20","purchased_purges":1,"victory":false,"max_hp_per_floor":[75,75,75,68,68,68,68,68,68,68,68,68,68,68,68,68,68,68,68,75,75,75,75,75],"card_choices":[{"not_picked":["Wild Strike","Feel No Pain"],"picked":"Shrug It Off","floor":1},{"not_picked":["Warcry","Havoc","Thunderclap"],"picked":"SKIP","floor":2},{"not_picked":["Metallicize","Sever Soul"],"picked":"Pummel","floor":3},{"not_picked":["Flex","Clash"],"picked":"Sword Boomerang","floor":7},{"not_picked":["Perfected Strike","Dual Wield"],"picked":"Clothesline","floor":8},{"not_picked":["Uppercut","Sword Boomerang"],"picked":"Whirlwind","floor":10},{"not_picked":["Thunderclap","Shockwave"],"picked":"Armaments","floor":11},{"not_picked":["Cleave","Dual Wield"],"picked":"Fiend Fire","floor":13},{"not_picked":["Headbutt","Clash"],"picked":"Battle Trance","floor":14},{"not_picked":["Reaper+1","Berserk"],"picked":"Limit Break","floor":16},{"not_picked":["Burning Pact","Heavy Blade+1"],"picked":"Headbutt+1","floor":18},{"not_picked":["Power Through","Metallicize+1"],"picked":"Flame Barrier","floor":19},{"not_picked":["Perfected Strike+1","Heavy Blade+1"],"picked":"Iron Wave+1","floor":22},{"not_picked":["Heavy Blade+1","Headbutt+1"],"picked":"Disarm","floor":23}],"player_experience":1074293,"relics_obtained":[{"floor":7,"key":"Bag of Marbles"},{"floor":9,"key":"Sundial"},{"floor":14,"key":"Molten Egg 2"},{"floor":23,"key":"Prayer Wheel"}],"event_choices":[{"damage_healed":0,"gold_gain":0,"player_choice":"Lose Max HP","damage_taken":0,"relics_obtained":["Golden Idol"],"max_hp_gain":0,"max_hp_loss":7,"event_name":"Golden Idol","floor":4,"gold_loss":0},{"cards_removed":["Strike_R"],"damage_healed":0,"gold_gain":0,"player_choice":"Purged","damage_taken":0,"max_hp_gain":0,"max_hp_loss":0,"event_name":"Purifier","floor":5,"gold_loss":0},{"damage_healed":0,"gold_gain":0,"player_choice":"Copied","damage_taken":0,"max_hp_gain":0,"max_hp_loss":0,"event_name":"Duplicator","floor":21,"gold_loss":0,"cards_obtained":["Limit Break"]}],"is_beta":false,"boss_relics":[{"not_picked":["Eternal Feather","Lizard Tail"],"picked":"Runic Dome"}],"items_purged_floors":[20],"is_endless":false,"potions_floor_spawned":[3,7,11,13,16,18,22],"killed_by":"Chosen and Byrds","ascension_level":20}