{"gold_per_floor":[369,369,382,395,395,395,431,431,454,454,475,475,475,510,510,510],"floor_reached":16,"playtime":541,"items_purged":[],"score":216,"play_id":"9ce0606c-7c18-4a01-8f1c-fe700deb7db2","local_time":"20190823192310","is_ascension_mode":true,"campfire_choices":[{"data":"Defragment","floor":6.0,"key":"SMITH"},{"floor":8.0,"key":"REST"},{"data":"Zap","floor":10.0,"key":"SMITH"},{"data":"Lockon","floor":12.0,"key":"SMITH"},{"data":"Cold Snap","floor":15.0,"key":"SMITH"}],"neow_cost":"TEN_PERCENT_HP_LOSS","seed_source_timestamp":0,"circlet_count":0,"master_deck":["AscendersBane","Strike_B","Strike_B","Strike_B","Strike_B","Defend_B","Defend_B","Defend_B","Defend_B","Zap+1","Dualcast","Defragment+1","Conserve Battery","Cold Snap+1","Lockon+1","Leap","Ball Lightning"],"special_seed":0,"relics":["Cracked Core","Golden Idol","Oddly Smooth Stone","Blue Candle","Anchor","Shuriken"],"potions_floor_usage":[16,16],"damage_taken":[{"damage":2.0,"enemies":"2 Louse","floor":1.0,"turns":3.0},{"damage":2.0,"enemies":"Jaw Worm","floor":3.0,"turns":4.0},{"damage":13.0,"enemies":"Small Slimes","floor":4.0,"turns":4.0},{"damage":15.0,"enemies":"Lagavulin","floor":7.0,"turns":8.0},{"damage":5.0,"enemies":"2 Fungi Beasts","floor":11.0,"turns":3.0},{"damage":8.0,"enemies":"Gremlin Nob","floor":14.0,"turns":3.0},{"damage":16,"enemies":"The Guardian","floor":16,"turns":2}],"seed_played":"6531705365707397030","potions_obtained":[{"floor":1.0,"key":"Strength Potion"},{"floor":3.0,"key":"Block Potion"},{"floor":14.0,"key":"EntropicBrew"}],"is_trial":false,"path_per_floor":["M","?","M","M","?","R","E","R","T","R","M","R","?","E","R","B"],"character_chosen":"DEFECT","items_purchased":[],"campfire_rested":1,"item_purchase_floors":[],"current_hp_per_floor":[62,58,56,43,25,25,10,27,27,27,22,22,22,14,14,0],"gold":510,"neow_bonus":"TWO_FIFTY_GOLD","is_prod":false,"is_daily":false,"chose_seed":false,"campfire_upgraded":4,"win_rate":0,"timestamp":1566580990,"path_taken":["M","?","M","M","?","R","E","R","T","R","M","R","?","E","R","BOSS"],"build_version":"2019-07-17","purchased_purges":0,"victory":false,"max_hp_per_floor":[64,58,58,58,58,58,58,58,58,58,58,58,58,58,58,58],"card_choices":[{"not_picked":["Tempest","Genetic Algorithm"],"picked":"Defragment","floor":1.0},{"not_picked":["Hologram","Leap"],"picked":"Conserve Battery","floor":3.0},{"not_picked":["Rip and Tear","Self Repair"],"picked":"Cold Snap","floor":4.0},{"not_picked":["FTL","Redo"],"picked":"Lockon","floor":7.0},{"not_picked":["Go for the Eyes","Thunder Strike"],"picked":"Leap","floor":11.0},{"not_picked":["Hologram","Barrage"],"picked":"Ball Lightning","floor":14.0}],"player_experience":1959292,"relics_obtained":[{"floor":7.0,"key":"Blue Candle"},{"floor":9.0,"key":"Anchor"},{"floor":14.0,"key":"Shuriken"}],"event_choices":[{"damage_healed":0.0,"max_hp_gain":0.0,"max_hp_loss":6.0,"gold_gain":0.0,"event_name":"Golden Idol","player_choice":"Lose Max HP","floor":2.0,"gold_loss":0.0,"damage_taken":0.0,"relics_obtained":["Golden Idol"]},{"damage_healed":0.0,"max_hp_gain":0.0,"max_hp_loss":0.0,"gold_gain":0.0,"event_name":"Scrap Ooze","player_choice":"Success","floor":5.0,"gold_loss":0.0,"damage_taken":18.0,"relics_obtained":["Oddly Smooth Stone"]},{"damage_healed":0.0,"max_hp_gain":0.0,"max_hp_loss":0.0,"gold_gain":0.0,"event_name":"Liars Game","player_choice":"Ignored","floor":13.0,"gold_loss":0.0,"damage_taken":0.0}],"is_beta":false,"boss_relics":[],"items_purged_floors":[],"is_endless":false,"potions_floor_spawned":[1,3,14],"killed_by":"The Guardian","ascension_level":20}