{"gold_per_floor":[111,124,137,137,156,156,189,149,149,169,169,208,221,4,4,93,93,113,138,158,181,17,17],"floor_reached":23,"playtime":1057,"items_purged":[],"score":435,"play_id":"0650dc14-2ca7-4055-aba9-dd2957d74673","local_time":"20181221023923","is_ascension_mode":true,"campfire_choices":[{"data":"Anger","floor":6,"key":"SMITH"},{"data":"Dual Wield","floor":11,"key":"SMITH"},{"data":"Apotheosis","floor":15,"key":"SMITH"}],"neow_cost":"NONE","seed_source_timestamp":60171151051117,"circlet_count":0,"master_deck":["AscendersBane","Strike_R","Strike_R","Strike_R","Strike_R","Strike_R","Defend_R","Defend_R","Defend_R","Defend_R","Bash","Anger+1","Shrug It Off","Shrug It Off","Dual Wield+1","Iron Wave","Reaper","Body Slam","Apotheosis+1","Shrug It Off","Bludgeon","Body Slam","Shrug It Off+1","Limit Break","Sword Boomerang"],"relics":["Burning Blood","Golden Idol","Matryoshka","Lantern","Ornamental Fan","Nunchaku","Black Star","Red Skull"],"potions_floor_usage":[10,12,18,21,23,23],"damage_taken":[{"damage":2,"enemies":"Cultist","floor":1,"turns":4},{"damage":2,"enemies":"Jaw Worm","floor":2,"turns":3},{"damage":3,"enemies":"2 Louse","floor":3,"turns":3},{"damage":6,"enemies":"Red Slaver","floor":5,"turns":5},{"damage":19,"enemies":"Lagavulin","floor":7,"turns":7},{"damage":4,"enemies":"Gremlin Gang","floor":10,"turns":6},{"damage":23,"enemies":"Gremlin Nob","floor":12,"turns":4},{"damage":8,"enemies":"3 Louse","floor":13,"turns":5},{"damage":11,"enemies":"Hexaghost","floor":16,"turns":10},{"damage":6,"enemies":"Shell Parasite","floor":18,"turns":6},{"damage":28,"enemies":"2 Thieves","floor":19,"turns":4},{"damage":3,"enemies":"Centurion and Healer","floor":20,"turns":7},{"damage":45,"enemies":"3 Cultists","floor":21,"turns":7},{"damage":69,"enemies":"Gremlin Leader","floor":23,"turns":5}],"seed_played":"-6327524363920653688","potions_obtained":[{"floor":2,"key":"Fire Potion"},{"floor":5,"key":"Ancient Potion"},{"floor":8,"key":"FearPotion"},{"floor":8,"key":"SpeedPotion"},{"floor":10,"key":"SteroidPotion"},{"floor":13,"key":"Swift Potion"},{"floor":20,"key":"Regen Potion"},{"floor":21,"key":"Regen Potion"}],"is_trial":false,"path_per_floor":["M","M","M","?","M","R","E","?","T","M","R","E","M","$","R","B",null,"M","M","M","M","$","E"],"character_chosen":"IRONCLAD","items_purchased":["Apotheosis","Shrug It Off","Red Skull"],"campfire_rested":0,"item_purchase_floors":[14,14,22],"current_hp_per_floor":[79,82,82,54,54,54,41,41,41,43,43,26,36,36,36,31,69,69,47,55,45,45,0],"gold":17,"neow_bonus":"TEN_PERCENT_HP_BONUS","is_prod":false,"is_daily":false,"chose_seed":false,"campfire_upgraded":3,"win_rate":0,"timestamp":1545356363,"path_taken":["M","M","?","?","M","R","E","?","T","M","R","E","?","$","R","BOSS","M","?","M","M","$","E"],"build_version":"2018-12-20","purchased_purges":0,"victory":false,"max_hp_per_floor":[82,82,82,82,82,82,82,82,82,82,82,82,82,82,82,82,82,82,82,82,82,82,82],"card_choices":[{"not_picked":["Burning Pact","Sword Boomerang"],"picked":"Anger","floor":1},{"not_picked":["Pommel Strike","Barricade"],"picked":"Shrug It Off","floor":2},{"not_picked":["Searing Blow","Clash"],"picked":"Shrug It Off","floor":3},{"not_picked":["Wild Strike","Sentinel"],"picked":"Dual Wield","floor":5},{"not_picked":["Perfected Strike","Combust","Thunderclap"],"picked":"SKIP","floor":7},{"not_picked":["Heavy Blade","Pommel Strike"],"picked":"Iron Wave","floor":10},{"not_picked":["Clash","Feel No Pain"],"picked":"Reaper","floor":12},{"not_picked":["Searing Blow","Clash"],"picked":"Body Slam","floor":13},{"not_picked":["Berserk","Reaper"],"picked":"Bludgeon","floor":16},{"not_picked":["Perfected Strike","Wild Strike"],"picked":"Body Slam","floor":18},{"not_picked":["Sword Boomerang","Warcry"],"picked":"Shrug It Off+1","floor":19},{"not_picked":["Body Slam","Anger"],"picked":"Limit Break","floor":20},{"not_picked":["Dropkick","Havoc"],"picked":"Sword Boomerang","floor":21}],"player_experience":1061131,"relics_obtained":[{"floor":7,"key":"Matryoshka"},{"floor":9,"key":"Lantern"},{"floor":9,"key":"Ornamental Fan"},{"floor":12,"key":"Nunchaku"}],"event_choices":[{"damage_healed":0,"gold_gain":0,"player_choice":"Take Damage","damage_taken":28,"relics_obtained":["Golden Idol"],"max_hp_gain":0,"max_hp_loss":0,"event_name":"Golden Idol","floor":4,"gold_loss":0},{"damage_healed":0,"gold_gain":0,"player_choice":"Bought 3 Potions","damage_taken":0,"max_hp_gain":0,"max_hp_loss":0,"event_name":"The Woman in Blue","floor":8,"gold_loss":0}],"is_beta":false,"boss_relics":[{"not_picked":["Calling Bell","Eternal Feather"],"picked":"Black Star"}],"items_purged_floors":[],"is_endless":false,"potions_floor_spawned":[2,5,10,13,20,21],"killed_by":"Gremlin Leader","ascension_level":20}