{"path_per_floor":["M","M","M","$","T","R","E","R","T","M","M","M","E","M","R","B",null,"M","?","$","M","?","R","M","M","T","E","$","?","?","M","R"],"character_chosen":"THE_SILENT","items_purchased":["Dark Shackles","Panache","Crippling Poison"],"gold_per_floor":[110,130,147,57,127,127,153,153,153,173,193,212,246,264,264,363,363,337,262,49,62,0,0,10,21,46,46,10,10,10,29,29,29],"floor_reached":33,"campfire_rested":2,"playtime":2742,"current_hp_per_floor":[70,70,70,70,70,70,30,51,51,46,26,26,13,9,30,14,70,34,34,34,30,30,30,28,14,14,4,4,4,4,26,26,0],"items_purged":[],"gold":29,"score":332,"play_id":"1918cca2-74e7-4826-a72a-79c9221e2125","local_time":"20180515141843","is_prod":false,"is_daily":false,"chose_seed":false,"is_ascension_mode":true,"campfire_upgraded":3,"timestamp":1526386723,"path_taken":["M","M","?","$","?","R","E","R","T","M","M","M","E","M","R","BOSS","M","?","$","M","?","R","M","M","T","E","?","?","?","M","R","BOSS"],"build_version":"2018-05-10","seed_source_timestamp":16234639254144,"purchased_purges":0,"victory":false,"master_deck":["Defend_G","Defend_G","Defend_G","Defend_G","Survivor","Neutralize","Heel Hook","Terror","Distraction+1","Dark Shackles","Storm of Steel+1","Endless Agony","Cloak And Dagger+1","Backstab","Noxious Fumes","Storm of Steel+1","Doppelganger+1","Leg Sweep+1","Panache","Deadly Poison+1","Noxious Fumes+1","Backflip+1","Crippling Poison+1","Bite","Bite","Bite","Bite","Bite","Dagger Spray+1"],"max_hp_per_floor":[70,70,70,70,70,70,70,70,70,70,70,70,70,70,70,70,70,70,70,70,70,70,70,70,70,70,70,70,49,49,49,49,49],"relics":["Ring of the Snake","NeowsBlessing","Dodecahedron","Darkstone Periapt","Toxic Egg 2","Juzu Bracelet","Lizard Tail","Omamori"],"card_choices":[{"not_picked":["Sucker Punch","Dodge and Roll"],"picked":"Heel Hook","floor":1},{"not_picked":["Eviscerate","Acrobatics"],"picked":"Terror","floor":2},{"not_picked":["Heel Hook","All Out Attack"],"picked":"Distraction","floor":3},{"not_picked":["Sucker Punch","Predator"],"picked":"Storm of Steel","floor":7},{"not_picked":["Dagger Throw","Footwork"],"picked":"Endless Agony","floor":10},{"not_picked":["Catalyst","Dagger Throw"],"picked":"Cloak And Dagger","floor":11},{"not_picked":["Underhanded Strike","Slice"],"picked":"Backstab","floor":12},{"not_picked":["Terror","Blur"],"picked":"Noxious Fumes","floor":13},{"not_picked":["Acrobatics","Prepared"],"picked":"Storm of Steel","floor":14},{"not_picked":["Bullet Time","A Thousand Cuts"],"picked":"Doppelganger","floor":16},{"not_picked":["Predator","Choke"],"picked":"Leg Sweep","floor":18},{"not_picked":["Acrobatics","Calculated Gamble"],"picked":"Deadly Poison","floor":21},{"not_picked":["Accuracy","Flying Knee"],"picked":"Noxious Fumes","floor":24},{"not_picked":["Calculated Gamble","Outmaneuver"],"picked":"Backflip","floor":25},{"not_picked":["Finisher","Deflect"],"picked":"Dagger Spray","floor":31}],"player_experience":83502,"potions_floor_usage":[13,16,16,27,27,27],"damage_taken":[{"damage":0,"enemies":"Cultist","floor":1,"turns":1},{"damage":0,"enemies":"Jaw Worm","floor":2,"turns":1},{"damage":0,"enemies":"2 Louse","floor":3,"turns":1},{"damage":40,"enemies":"Gremlin Nob","floor":7,"turns":5},{"damage":5,"enemies":"Red Slaver","floor":10,"turns":4},{"damage":20,"enemies":"Exordium Wildlife","floor":11,"turns":3},{"damage":0,"enemies":"Large Slime","floor":12,"turns":3},{"damage":13,"enemies":"3 Sentries","floor":13,"turns":8},{"damage":4,"enemies":"Exordium Thugs","floor":14,"turns":3},{"damage":16,"enemies":"Hexaghost","floor":16,"turns":8},{"damage":36,"enemies":"2 Thieves","floor":18,"turns":5},{"damage":4,"enemies":"Chosen","floor":21,"turns":3},{"damage":2,"enemies":"Snecko","floor":24,"turns":4},{"damage":14,"enemies":"Chosen and Byrds","floor":25,"turns":5},{"damage":10,"enemies":"Book of Stabbing","floor":27,"turns":5},{"damage":10,"enemies":"Snake Plant","floor":31,"turns":4},{"damage":40,"enemies":"Automaton","floor":33,"turns":6}],"event_choices":[{"event_name":"Beggar","player_choice":"Gave Gold","floor":19,"damage_taken":0},{"event_name":"Masked Bandits","player_choice":"Paid Bandits 62 gold","floor":22,"damage_taken":0},{"event_name":"Vampires","player_choice":"Became a vampire","floor":29,"damage_taken":0},{"event_name":"Drug Dealer","player_choice":"Ignored","floor":30,"damage_taken":0}],"boss_relics":[{"not_picked":["Calling Bell","Orrery"],"picked":"Lizard Tail"}],"potions_floor_spawned":[7,11,12,13,14,16,18,21],"seed_played":"-1505455056603365180","killed_by":"Automaton","ascension_level":2,"is_trial":false}