{"path_per_floor":["M","?","M","M","M","R","E","$","T","R","M","E","M","$","R","B",null,"M","?","?","?","M","E","R","E","T","R","?","R","?","$","R"],"character_chosen":"THE_SILENT","items_purchased":["Crippling Poison","Mind Blast","Lee\u0027s Waffle"],"gold_per_floor":[114,64,77,96,115,115,145,72,72,72,86,120,130,39,39,139,139,157,191,191,116,128,160,160,185,209,209,209,209,209,5,5,5],"floor_reached":33,"campfire_rested":3,"playtime":1590,"item_purchase_floors":[8,14,31],"current_hp_per_floor":[64,64,64,64,56,56,42,42,42,42,37,17,13,13,34,22,70,61,36,20,20,19,18,39,18,18,18,5,27,27,82,82,0],"items_purged":[],"gold":5,"score":349,"play_id":"9eb322c2-e6ce-4ead-a29d-15713cb3cdb8","local_time":"20180523163940","is_prod":false,"is_daily":false,"chose_seed":false,"is_ascension_mode":true,"campfire_upgraded":4,"win_rate":0.18604651,"timestamp":1527086380,"campfire_choices":[{"data":"Setup","floor":6.0,"key":"SMITH"},{"data":"Crippling Poison","floor":10,"key":"SMITH"},{"floor":15,"key":"REST"},{"floor":24,"key":"REST"},{"data":"Mind Blast","floor":27,"key":"SMITH"},{"floor":29,"key":"REST"},{"data":"Noxious Fumes","floor":32,"key":"SMITH"}],"path_taken":["M","?","M","M","M","R","E","$","T","R","?","E","M","?","R","BOSS","M","?","?","?","M","E","R","E","T","R","?","R","?","?","R","BOSS"],"build_version":"2018-05-22","seed_source_timestamp":0,"purchased_purges":0,"victory":false,"master_deck":["Defend_G+1","Defend_G+1","Defend_G+1","Strike_G+1","Strike_G+1","Strike_G+1","Strike_G+1","Strike_G+1","Survivor","Neutralize","Deadly Poison","Bouncing Flask","Choke","Setup+1","Backstab","Crippling Poison+1","Acrobatics","Prepared","Bane","Mind Blast+1","Tactician","Dagger Spray+1","Outmaneuver","Distraction","Noxious Fumes+1","Infinite Blades+1","Dagger Throw","Die Die Die"],"max_hp_per_floor":[70,70,70,70,70,70,70,70,70,70,70,70,70,70,70,70,70,70,70,70,70,70,70,70,70,70,70,75,75,75,82,82,82],"relics":["Ring of the Snake","Kunai","Blue Candle","Tough Bandages","Black Star","Red Mask","Enchiridion","Dream Catcher","Whetstone","Bird Faced Urn","Prayer Wheel","Omamori","Lee\u0027s Waffle"],"card_choices":[{"not_picked":["Prepared","PiercingWail"],"picked":"Deadly Poison","floor":1.0},{"not_picked":["Predator","Flechettes"],"picked":"Bouncing Flask","floor":3.0},{"not_picked":["Eviscerate","Calculated Gamble"],"picked":"Choke","floor":4.0},{"not_picked":["Slice","Prepared"],"picked":"Setup","floor":5.0},{"not_picked":["Flechettes","Leg Sweep"],"picked":"Backstab","floor":7},{"not_picked":["Slice","Deadly Poison"],"picked":"Acrobatics","floor":11},{"not_picked":["Reflex","A Thousand Cuts"],"picked":"Prepared","floor":12},{"not_picked":["Quick Slash","Dodge and Roll"],"picked":"Bane","floor":13},{"not_picked":["Wraith Form v2","Grand Finale"],"picked":"Tactician","floor":16},{"not_picked":["Dodge and Roll+1","Acrobatics"],"picked":"Dagger Spray","floor":18},{"not_picked":["PiercingWail","Slice"],"picked":"Outmaneuver","floor":19},{"not_picked":["Footwork","Prepared"],"picked":"Distraction","floor":22},{"not_picked":["Prepared+1","Storm of Steel"],"picked":"Noxious Fumes","floor":23},{"not_picked":["Calculated Gamble","Cloak And Dagger"],"picked":"Infinite Blades+1","floor":24},{"not_picked":["Flying Knee","Dodge and Roll"],"picked":"Dagger Throw","floor":25},{"not_picked":["Quick Slash","Dagger Spray"],"picked":"Die Die Die","floor":29}],"player_experience":191975,"potions_floor_usage":[18,23,23,23,33],"damage_taken":[{"damage":6.0,"enemies":"Jaw Worm","floor":1.0,"turns":5.0},{"damage":0.0,"enemies":"Cultist","floor":3.0,"turns":4.0},{"damage":0.0,"enemies":"Small Slimes","floor":4.0,"turns":3.0},{"damage":8.0,"enemies":"Blue Slaver","floor":5.0,"turns":4.0},{"damage":14,"enemies":"3 Sentries","floor":7,"turns":8},{"damage":5,"enemies":"2 Fungi Beasts","floor":11,"turns":4},{"damage":20,"enemies":"Lagavulin","floor":12,"turns":5},{"damage":4,"enemies":"Large Slime","floor":13,"turns":5},{"damage":12,"enemies":"Hexaghost","floor":16,"turns":7},{"damage":9,"enemies":"3 Byrds","floor":18,"turns":4},{"damage":25,"enemies":"Masked Bandits","floor":19,"turns":4},{"damage":1,"enemies":"Chosen","floor":22,"turns":5},{"damage":13,"enemies":"Book of Stabbing","floor":23,"turns":4},{"damage":21,"enemies":"Slavers","floor":25,"turns":4},{"damage":91,"enemies":"Champ","floor":33,"turns":7}],"relics_obtained":[{"floor":7,"key":"Kunai"},{"floor":9,"key":"Blue Candle"},{"floor":12,"key":"Tough Bandages"},{"floor":19,"key":"Red Mask"},{"floor":20,"key":"Enchiridion"},{"floor":23,"key":"Dream Catcher"},{"floor":23,"key":"Whetstone"},{"floor":25,"key":"Bird Faced Urn"},{"floor":25,"key":"Prayer Wheel"},{"floor":26,"key":"Omamori"}],"event_choices":[{"event_name":"The Cleric","player_choice":"Card Removal","floor":2.0,"damage_taken":0.0},{"event_name":"Masked Bandits","player_choice":"Fought over 157 gold","floor":19,"damage_taken":0},{"event_name":"Cursed Tome","player_choice":"Obtained Book","floor":20,"damage_taken":0},{"event_name":"Beggar","player_choice":"Gave Gold","floor":21,"damage_taken":0},{"event_name":"Forgotten Altar","player_choice":"Shed Blood","floor":28,"damage_taken":0},{"event_name":"Back to Basics","player_choice":"Simplicity","floor":30,"damage_taken":0}],"boss_relics":[{"not_picked":["White Beast Statue","Runic Dome"],"picked":"Black Star"}],"items_purged_floors":[],"potions_floor_spawned":[5,11,12,13,16,18,25],"seed_played":"-1350181425330215464","killed_by":"Champ","ascension_level":4,"potions_obtained":[{"floor":5.0,"key":"GhostInAJar"},{"floor":11,"key":"Explosive Potion"},{"floor":12,"key":"Swift Potion"},{"floor":18,"key":"Regen Potion"},{"floor":25,"key":"PowerPotion"}],"is_trial":false}