{"gold_per_floor":[215,234,194,211,28,28,44,44,71,86,86,51,7,33,33,106,106,120,134,59,59],"floor_reached":21,"playtime":894,"items_purged":["Strike_B"],"score":331,"play_id":"674d912e-d23f-4832-9973-47cce6ac6133","local_time":"20181110142415","is_ascension_mode":true,"campfire_choices":[{"data":"Genetic Algorithm","floor":6.0,"key":"SMITH"},{"data":"Streamline","floor":8.0,"key":"SMITH"},{"data":"Consume","floor":11.0,"key":"SMITH"},{"data":"Zap","floor":15.0,"key":"SMITH"}],"neow_cost":"NONE","seed_source_timestamp":0,"circlet_count":0,"master_deck":["AscendersBane","Strike_B","Strike_B","Defend_B","Defend_B","Defend_B","Defend_B","Zap+1","Dualcast","Cold Snap","Cold Snap","Glacier","Genetic Algorithm+1","Streamline+1","Consume+1","Sweeping Beam","FTL","Meteor Strike","Creative AI","Double Energy","Tempest","Loop","Hologram","Sunder","Sweeping Beam"],"special_seed":0,"relics":["Cracked Core","Orichalcum","Omamori","Orrery"],"potions_floor_usage":[18,18,18],"damage_taken":[{"damage":1.0,"enemies":"Cultist","floor":1.0,"turns":3.0},{"damage":5.0,"enemies":"Jaw Worm","floor":2.0,"turns":4.0},{"damage":3.0,"enemies":"2 Louse","floor":4.0,"turns":2.0},{"damage":0.0,"enemies":"Exordium Wildlife","floor":7.0,"turns":4.0},{"damage":16.0,"enemies":"Large Slime","floor":10.0,"turns":4.0},{"damage":9.0,"enemies":"3 Sentries","floor":14.0,"turns":8.0},{"damage":7.0,"enemies":"The Guardian","floor":16.0,"turns":11.0},{"damage":57,"enemies":"3 Byrds","floor":18,"turns":8},{"damage":2,"enemies":"Chosen","floor":19,"turns":4},{"damage":14,"enemies":"3 Cultists","floor":21,"turns":4}],"seed_played":"-2992624460825224631","potions_obtained":[{"floor":3.0,"key":"SpeedPotion"},{"floor":3.0,"key":"Ancient Potion"},{"floor":14.0,"key":"PowerPotion"},{"floor":16.0,"key":"FocusPotion"},{"floor":18,"key":"Fruit Juice"},{"floor":19,"key":"Ancient Potion"}],"is_trial":false,"path_per_floor":["M","M","?","M","$","R","M","R","T","M","R","?","$","E","R","B",null,"M","M","?","M"],"character_chosen":"DEFECT","items_purchased":["Genetic Algorithm","Streamline","FTL"],"campfire_rested":0,"item_purchase_floors":[5,5,13],"current_hp_per_floor":[63,58,58,55,55,55,55,55,55,39,39,56,56,47,47,40,63,11,9,9,0],"gold":59,"neow_bonus":"HUNDRED_GOLD","is_prod":false,"is_daily":false,"chose_seed":false,"campfire_upgraded":4,"win_rate":0,"timestamp":1541856255,"path_taken":["M","?","?","M","$","R","M","R","T","?","R","?","?","E","R","BOSS","M","M","?","M"],"build_version":"2018-11-08","purchased_purges":1,"victory":false,"max_hp_per_floor":[71,71,71,71,71,71,71,71,71,71,71,71,71,71,71,71,71,76,76,76,76],"card_choices":[{"not_picked":["Go for the Eyes","Barrage"],"picked":"Cold Snap","floor":1.0},{"not_picked":["Hologram","Steam"],"picked":"Cold Snap","floor":2.0},{"not_picked":["Streamline","Melter"],"picked":"Glacier","floor":4.0},{"not_picked":["Turbo","Conserve Battery"],"picked":"Consume","floor":7.0},{"not_picked":["Go for the Eyes","Cold Snap"],"picked":"Sweeping Beam","floor":10.0},{"not_picked":["Rip and Tear","Doom and Gloom"],"picked":"Meteor Strike","floor":14.0},{"not_picked":["Hyperbeam","Machine Learning"],"picked":"Creative AI","floor":16.0},{"not_picked":["Ball Lightning","Rebound"],"picked":"Double Energy","floor":17.0},{"not_picked":["Leap","Darkness"],"picked":"Tempest","floor":17.0},{"not_picked":["Melter","Steam Power"],"picked":"Loop","floor":17.0},{"not_picked":["Redo","Coolheaded"],"picked":"Hologram","floor":17.0},{"not_picked":["Stack+1","Beam Cell"],"picked":"Sunder","floor":18},{"not_picked":["Gash","Ball Lightning"],"picked":"Sweeping Beam","floor":19}],"player_experience":783007,"relics_obtained":[{"floor":9.0,"key":"Orichalcum"},{"floor":14.0,"key":"Omamori"}],"event_choices":[{"damage_healed":0.0,"max_hp_gain":0.0,"max_hp_loss":0.0,"gold_gain":0.0,"event_name":"The Woman in Blue","player_choice":"Bought 3 Potions","floor":3.0,"gold_loss":0.0,"damage_taken":0.0},{"damage_healed":17.0,"max_hp_gain":0.0,"max_hp_loss":0.0,"gold_gain":0.0,"event_name":"The Cleric","player_choice":"Healed","floor":12.0,"gold_loss":35.0,"damage_taken":0.0},{"cards_removed":["Strike_B"],"damage_healed":0,"gold_gain":0,"player_choice":"Gave Gold","damage_taken":0,"max_hp_gain":0,"max_hp_loss":0,"event_name":"Beggar","floor":20,"gold_loss":75}],"is_beta":true,"boss_relics":[{"not_picked":["Busted Crown","FrozenCore"],"picked":"Orrery"}],"items_purged_floors":[5],"is_endless":false,"potions_floor_spawned":[4,14,16,18,19],"killed_by":"3 Cultists","ascension_level":17}