{"gold_per_floor":[119,44,144,157,169,199,199,215,238,253,253,281,281,308,308,386,386,403,65,65,165,165,165,193,193,271,171,171,183,209,219,219,296,296,311,49,59,59,76,108,126,158,158,169,497,497,522,538,538,538],"floor_reached":50,"playtime":1947,"items_purged":["Strike_R","Strike_R"],"score":1435,"play_id":"f350137a-8895-487d-8690-fd53f939638b","local_time":"20190515094217","is_ascension_mode":true,"campfire_choices":[{"data":"Carnage","floor":7.0,"key":"SMITH"},{"floor":13.0,"key":"REST"},{"data":"Disarm","floor":15.0,"key":"SMITH"},{"data":"Immolate","floor":23.0,"key":"SMITH"},{"data":"Shockwave","floor":28.0,"key":"SMITH"},{"data":"Double Tap","floor":32.0,"key":"SMITH"},{"floor":49.0,"key":"RECALL"}],"neow_cost":"NONE","seed_source_timestamp":0,"circlet_count":0,"master_deck":["AscendersBane","Defend_R","Defend_R","Defend_R","Defend_R+1","Bash+1","Thunderclap+1","Sword Boomerang","Carnage+1","Disarm+1","Disarm","Exhume","Immolate+1","Corruption","Battle Trance","Shockwave+1","Rampage","Double Tap+1","Exhume","Disarm","Armaments+1","Battle Trance","Offering","Flame Barrier","Disarm+1","Juggernaut","Shrug It Off","Inflame","Spot Weakness","Inflame+1"],"special_seed":0,"relics":["Burning Blood","Bag of Marbles","Anchor","Vajra","Potion Belt","Empty Cage","PreservedInsect","Pen Nib","Prayer Wheel","Paper Frog","Spirit Poop","Red Skull","Self Forming Clay","Dodecahedron","Fusion Hammer","Singing Bowl","Mummified Hand","Dream Catcher","Old Coin","Omamori"],"potions_floor_usage":[50,50],"damage_taken":[{"damage":1.0,"enemies":"2 Louse","floor":1.0,"turns":4.0},{"damage":6.0,"enemies":"Cultist","floor":4.0,"turns":3.0},{"damage":9.0,"enemies":"Jaw Worm","floor":5.0,"turns":4.0},{"damage":32.0,"enemies":"Gremlin Nob","floor":6.0,"turns":4.0},{"damage":0.0,"enemies":"2 Fungi Beasts","floor":8.0,"turns":2.0},{"damage":3.0,"enemies":"3 Louse","floor":10.0,"turns":4.0},{"damage":17.0,"enemies":"3 Sentries","floor":12.0,"turns":8.0},{"damage":31.0,"enemies":"Lagavulin","floor":14.0,"turns":6.0},{"damage":4.0,"enemies":"Hexaghost","floor":16.0,"turns":8.0},{"damage":2.0,"enemies":"Chosen","floor":18.0,"turns":5.0},{"damage":3.0,"enemies":"Colosseum Slavers","floor":21.0,"turns":6.0},{"damage":5.0,"enemies":"Colosseum Nobs","floor":21.0,"turns":3.0},{"damage":0.0,"enemies":"Gremlin Leader","floor":24.0,"turns":3.0},{"damage":2.0,"enemies":"Shell Parasite","floor":29.0,"turns":4.0},{"damage":4.0,"enemies":"Book of Stabbing","floor":30.0,"turns":2.0},{"damage":9.0,"enemies":"Cultist and Chosen","floor":31.0,"turns":5.0},{"damage":71.0,"enemies":"Champ","floor":33.0,"turns":10.0},{"damage":6.0,"enemies":"Orb Walker","floor":35.0,"turns":2.0},{"damage":0.0,"enemies":"3 Shapes","floor":37.0,"turns":1.0},{"damage":0.0,"enemies":"Maw","floor":39.0,"turns":5.0},{"damage":0.0,"enemies":"Giant Head","floor":40.0,"turns":4.0},{"damage":6.0,"enemies":"Writhing Mass","floor":41.0,"turns":7.0},{"damage":32.0,"enemies":"Reptomancer","floor":42.0,"turns":3.0},{"damage":6.0,"enemies":"Spire Growth","floor":44.0,"turns":2.0},{"damage":34.0,"enemies":"Nemesis","floor":45.0,"turns":7.0},{"damage":21.0,"enemies":"Giant Head","floor":47.0,"turns":5.0},{"damage":6.0,"enemies":"Transient","floor":48.0,"turns":6.0},{"damage":18,"enemies":"Awakened One","floor":50,"turns":2}],"seed_played":"9176059140977449248","potions_obtained":[{"floor":1.0,"key":"SkillPotion"},{"floor":6.0,"key":"Fire Potion"},{"floor":14.0,"key":"LiquidBronze"},{"floor":16.0,"key":"Dexterity Potion"},{"floor":24.0,"key":"GamblersBrew"},{"floor":29.0,"key":"Strength Potion"},{"floor":31.0,"key":"Dexterity Potion"},{"floor":42.0,"key":"SteroidPotion"},{"floor":47.0,"key":"AttackPotion"}],"is_trial":false,"path_per_floor":["M","?","?","M","M","E","R","M","T","M","?","E","R","E","R","B",null,"M","$","?","?","?","R","E","$","T","$","R","M","E","M","R","B",null,"M","$","M","$","M","E","M","E","T","M","E","$","E","M","R","B"],"character_chosen":"IRONCLAD","items_purchased":["Corruption","PreservedInsect","Singing Bowl"],"campfire_rested":1,"item_purchase_floors":[19,19,36],"current_hp_per_floor":[73,73,73,73,70,44,44,50,50,53,30,19,41,16,16,18,61,65,65,65,69,69,69,75,75,75,75,75,75,75,72,72,7,58,58,58,66,66,74,79,79,53,53,53,27,27,14,14,14,0],"gold":538,"neow_bonus":"UPGRADE_CARD","is_prod":false,"is_daily":false,"chose_seed":false,"campfire_upgraded":5,"win_rate":0,"timestamp":1557906137,"path_taken":["M","?","?","M","?","E","R","M","T","M","?","E","R","E","R","BOSS","M","$","?","?","?","R","E","$","T","$","R","M","E","M","R","BOSS","M","?","M","$","?","E","M","E","T","M","E","?","E","M","R","BOSS"],"build_version":"2019-01-23","purchased_purges":2,"victory":false,"max_hp_per_floor":[75,75,75,75,75,75,75,75,75,75,75,75,75,75,75,75,75,75,75,75,75,75,75,75,75,75,75,75,75,75,75,75,75,75,75,75,77,77,79,79,79,79,79,79,81,81,83,83,83,83],"card_choices":[{"not_picked":["Ghostly Armor","Clash"],"picked":"Thunderclap","floor":1.0},{"not_picked":["Warcry","Flex"],"picked":"Sword Boomerang","floor":4.0},{"not_picked":["Reckless Charge","Anger"],"picked":"Carnage","floor":5.0},{"not_picked":["Seeing Red","Thunderclap","Perfected Strike"],"picked":"SKIP","floor":6.0},{"not_picked":["Twin Strike","Anger"],"picked":"Disarm","floor":8.0},{"not_picked":["Second Wind","Heavy Blade","Sword Boomerang"],"picked":"SKIP","floor":10.0},{"not_picked":["Heavy Blade","Fire Breathing"],"picked":"Disarm","floor":12.0},{"not_picked":["Rage","Wild Strike"],"picked":"Exhume","floor":14.0},{"not_picked":["Barricade","Demon Form"],"picked":"Immolate","floor":16.0},{"not_picked":["Rage","Combust","Flex"],"picked":"SKIP","floor":18.0},{"not_picked":["Power Through+1","Hemokinesis"],"picked":"Battle Trance","floor":21.0},{"not_picked":["Body Slam","Disarm"],"picked":"Shockwave","floor":24.0},{"not_picked":["Carnage","Fire Breathing"],"picked":"Rampage","floor":29.0},{"not_picked":["Pommel Strike","Wild Strike","Sword Boomerang"],"picked":"SKIP","floor":29.0},{"not_picked":["Evolve","Sever Soul"],"picked":"Double Tap","floor":30.0},{"not_picked":["Hemokinesis","Power Through","Blood for Blood"],"picked":"SKIP","floor":31.0},{"not_picked":["Wild Strike","Warcry","Headbutt"],"picked":"SKIP","floor":31.0},{"not_picked":["Fiend Fire","Brutality"],"picked":"Exhume","floor":33.0},{"not_picked":["Infernal Blade","Seeing Red"],"picked":"Disarm","floor":35.0},{"not_picked":["Pummel","Clothesline","Fire Breathing"],"picked":"SKIP","floor":35.0},{"not_picked":["Body Slam+1","Perfected Strike+1"],"picked":"Armaments+1","floor":37.0},{"not_picked":["Clothesline+1","Dropkick","Armaments"],"picked":"Singing Bowl","floor":37.0},{"not_picked":["Flex","Corruption","Clothesline"],"picked":"Singing Bowl","floor":39.0},{"not_picked":["Iron Wave","Thunderclap"],"picked":"Battle Trance","floor":39.0},{"not_picked":["Headbutt","Perfected Strike+1"],"picked":"Offering","floor":40.0},{"not_picked":["Rampage","Armaments+1"],"picked":"Flame Barrier","floor":41.0},{"not_picked":["Headbutt","Entrench"],"picked":"Disarm+1","floor":41.0},{"not_picked":["Pommel Strike","Hemokinesis"],"picked":"Juggernaut","floor":42.0},{"not_picked":["True Grit","Heavy Blade"],"picked":"Shrug It Off","floor":44.0},{"not_picked":["Perfected Strike","Iron Wave+1"],"picked":"Inflame","floor":44.0},{"not_picked":["Havoc","Sever Soul","Thunderclap+1"],"picked":"Singing Bowl","floor":45.0},{"not_picked":["Twin Strike","Heavy Blade","Warcry+1"],"picked":"Singing Bowl","floor":47.0},{"not_picked":["Warcry","Armaments"],"picked":"Spot Weakness","floor":48.0},{"not_picked":["Offering","Whirlwind+1"],"picked":"Inflame+1","floor":48.0}],"player_experience":1687048,"relics_obtained":[{"floor":6.0,"key":"Bag of Marbles"},{"floor":9.0,"key":"Anchor"},{"floor":12.0,"key":"Vajra"},{"floor":14.0,"key":"Potion Belt"},{"floor":21.0,"key":"Prayer Wheel"},{"floor":21.0,"key":"Paper Frog"},{"floor":24.0,"key":"Red Skull"},{"floor":26.0,"key":"Self Forming Clay"},{"floor":30.0,"key":"Dodecahedron"},{"floor":40.0,"key":"Mummified Hand"},{"floor":42.0,"key":"Dream Catcher"},{"floor":45.0,"key":"Old Coin"},{"floor":47.0,"key":"Omamori"}],"event_choices":[{"cards_removed":["Strike_R"],"damage_healed":0.0,"max_hp_gain":0.0,"max_hp_loss":0.0,"gold_gain":0.0,"event_name":"The Cleric","player_choice":"Card Removal","floor":2.0,"gold_loss":75.0,"damage_taken":0.0},{"damage_healed":0.0,"max_hp_gain":0.0,"max_hp_loss":0.0,"gold_gain":100.0,"event_name":"Wheel of Change","player_choice":"Gold","floor":3.0,"gold_loss":0.0,"damage_taken":0.0},{"damage_healed":0.0,"max_hp_gain":0.0,"max_hp_loss":0.0,"gold_gain":0.0,"event_name":"Shining Light","player_choice":"Entered Light","floor":11.0,"gold_loss":0.0,"damage_taken":23.0,"cards_upgraded":["Defend_R","Thunderclap"]},{"damage_healed":0.0,"max_hp_gain":0.0,"max_hp_loss":0.0,"gold_gain":0.0,"event_name":"Addict","player_choice":"Stole Relic","floor":20.0,"gold_loss":0.0,"damage_taken":0.0,"relics_obtained":["Pen Nib"],"cards_obtained":["Shame"]},{"damage_healed":0.0,"max_hp_gain":0.0,"max_hp_loss":0.0,"gold_gain":0.0,"event_name":"Colosseum","player_choice":"Fight","floor":21.0,"gold_loss":0.0,"damage_taken":0.0},{"damage_healed":0.0,"max_hp_gain":0.0,"max_hp_loss":0.0,"gold_gain":0.0,"event_name":"Colosseum","player_choice":"Fought Nobs","floor":21.0,"gold_loss":0.0,"damage_taken":0.0},{"cards_removed":["Shame"],"damage_healed":0.0,"max_hp_gain":0.0,"max_hp_loss":0.0,"gold_gain":0.0,"event_name":"Bonfire Elementals","player_choice":"Offered Curse","floor":22.0,"gold_loss":0.0,"damage_taken":0.0,"relics_obtained":["Spirit Poop"]}],"is_beta":false,"boss_relics":[{"not_picked":["Busted Crown","Lizard Tail"],"picked":"Empty Cage"},{"not_picked":["Pandora\u0027s Box","Coffee Dripper"],"picked":"Fusion Hammer"}],"items_purged_floors":[19,27],"is_endless":false,"potions_floor_spawned":[1,6,14,16,21,24,29,31,39,41,42,44,47],"killed_by":"Awakened One","ascension_level":20}