{"path_per_floor":["M","M","M","M","M","R","E","M","T","?","E","R","M","M","R","B",null,"M","?","M","$","M"],"character_chosen":"DEFECT","items_purchased":["Transmutation"],"gold_per_floor":[11,24,44,54,72,72,98,114,114,114,147,147,160,176,176,281,281,299,299,309,132,151,151],"floor_reached":23,"campfire_rested":2,"playtime":1884,"current_hp_per_floor":[70,69,64,61,57,57,65,43,43,26,15,40,43,43,68,43,85,78,54,54,54,50,0],"items_purged":[],"gold":151,"score":242,"play_id":"82d8fab9-3dcc-4d39-b859-72b4e56625f4","local_time":"20180517003732","is_prod":false,"is_daily":false,"chose_seed":false,"is_ascension_mode":true,"campfire_upgraded":1,"timestamp":1526510252,"path_taken":["M","M","M","M","M","R","E","M","T","?","E","R","M","M","R","BOSS","M","?","?","$","M","E"],"build_version":"2018-05-15","seed_source_timestamp":54324463695312,"purchased_purges":0,"victory":false,"master_deck":["Strike_B","Strike_B","Strike_B","Strike_B","Defend_B","Defend_B","Defend_B+1","Defend_B","Zap+1","Dualcast","Buffer","Darkness","Rainbow","Stack","Glacier","Rip and Tear","Hello World","Fission+1","Hello World","Barrage","Chaos+1","Echo Form","Coolheaded+1","Deep Breath+1","Trip+1","Loop","Transmutation+1","Chill+1"],"max_hp_per_floor":[75,75,75,75,75,75,85,85,85,85,85,85,85,85,85,85,85,85,85,85,85,90,90],"relics":["Cracked Core","Pear","Gambling Chip","Toxic Egg 2","Nuclear Battery"],"card_choices":[{"not_picked":["Multi-Cast","Biased Cognition"],"picked":"Buffer","floor":0},{"not_picked":["Streamline","Steam"],"picked":"Darkness","floor":1},{"not_picked":["Coolheaded","Skim"],"picked":"Rainbow","floor":2},{"not_picked":["Sweeping Beam","Skim"],"picked":"Stack","floor":3},{"not_picked":["Rebound","Skim"],"picked":"Glacier","floor":4},{"not_picked":["Coolheaded","Stack"],"picked":"Rip and Tear","floor":5},{"not_picked":["Aggregate","Rebound"],"picked":"Hello World","floor":7},{"not_picked":["Auto Shields","Stack"],"picked":"Fission","floor":8},{"not_picked":["Coolheaded","Biased Cognition"],"picked":"Hello World","floor":11},{"not_picked":["Undo+1","Ball Lightning"],"picked":"Barrage","floor":13},{"not_picked":["Go for the Eyes","Leap+1"],"picked":"Chaos+1","floor":14},{"not_picked":["Biased Cognition","Buffer"],"picked":"Echo Form","floor":16},{"not_picked":["Barrage","Cold Snap"],"picked":"Coolheaded+1","floor":18},{"not_picked":["Streamline","Ball Lightning"],"picked":"Loop","floor":20},{"not_picked":["Ball Lightning","Genetic Algorithm+1"],"picked":"Chill+1","floor":22}],"player_experience":141417,"potions_floor_usage":[7,13,14,16,22,22,22],"damage_taken":[{"damage":5,"enemies":"2 Louse","floor":1,"turns":3},{"damage":1,"enemies":"Cultist","floor":2,"turns":4},{"damage":5,"enemies":"Small Slimes","floor":3,"turns":3},{"damage":3,"enemies":"Red Slaver","floor":4,"turns":4},{"damage":4,"enemies":"Exordium Wildlife","floor":5,"turns":5},{"damage":2,"enemies":"Gremlin Nob","floor":7,"turns":4},{"damage":22,"enemies":"Gremlin Gang","floor":8,"turns":5},{"damage":11,"enemies":"3 Sentries","floor":11,"turns":10},{"damage":12,"enemies":"Lots of Slimes","floor":13,"turns":7},{"damage":0,"enemies":"Looter","floor":14,"turns":2},{"damage":40,"enemies":"Hexaghost","floor":16,"turns":9},{"damage":7,"enemies":"Spheric Guardian","floor":18,"turns":4},{"damage":0,"enemies":"Chosen","floor":20,"turns":3},{"damage":9,"enemies":"Snake Plant","floor":22,"turns":5},{"damage":50,"enemies":"Book of Stabbing","floor":23,"turns":8}],"relics_obtained":[{"floor":7,"key":"Pear"},{"floor":9,"key":"Gambling Chip"},{"floor":11,"key":"Toxic Egg 2"}],"event_choices":[{"event_name":"Shining Light","player_choice":"Entered Light","floor":10,"damage_taken":0},{"event_name":"Knowing Skull","player_choice":"CARD CARD ","floor":19,"damage_taken":0}],"boss_relics":[{"not_picked":["Black Star","Sozu"],"picked":"Nuclear Battery"}],"potions_floor_spawned":[4,7,11,14,16,18,20],"seed_played":"-1928279351263984321","killed_by":"Book of Stabbing","ascension_level":1,"potions_obtained":[{"floor":4,"key":"PowerPotion"},{"floor":7,"key":"Regen Potion"},{"floor":11,"key":"SteroidPotion"},{"floor":14,"key":"Regen Potion"},{"floor":16,"key":"AttackPotion"},{"floor":18,"key":"Block Potion"},{"floor":20,"key":"Fruit Juice"}],"is_trial":false}