{"gold_per_floor":[112,112,126,51,64,97,67,67,92,92,57,57,70,89,89,89],"floor_reached":16,"playtime":788,"items_purged":["Injury"],"score":160,"play_id":"18709d91-8d70-4be9-a735-6e561a69913e","local_time":"20181001214828","is_ascension_mode":true,"campfire_choices":[{"data":"Neutralize","floor":8,"key":"SMITH"},{"data":"Footwork","floor":10,"key":"SMITH"},{"data":"Cloak And Dagger","floor":12,"key":"SMITH"},{"data":"Blade Dance","floor":15,"key":"SMITH"}],"neow_cost":"NONE","seed_source_timestamp":48809732690234,"circlet_count":0,"master_deck":["Defend_G","Defend_G","Defend_G","Defend_G","Defend_G","Strike_G","Strike_G","Strike_G","Strike_G","Strike_G","Survivor","Neutralize+1","AscendersBane","Backstab","Footwork+1","Cloak And Dagger+1","Slice","Blade Dance+1","Backflip","Sucker Punch"],"relics":["Ring of the Snake","Bag of Preparation","Golden Idol","Orichalcum","Ancient Tea Set"],"potions_floor_usage":[16,16],"damage_taken":[{"damage":0,"enemies":"2 Louse","floor":1,"turns":3},{"damage":6,"enemies":"Jaw Worm","floor":3,"turns":6},{"damage":0,"enemies":"Small Slimes","floor":5,"turns":4},{"damage":35,"enemies":"Lagavulin","floor":6,"turns":13},{"damage":1,"enemies":"Looter","floor":7,"turns":4},{"damage":0,"enemies":"Large Slime","floor":13,"turns":5},{"damage":0,"enemies":"Blue Slaver","floor":14,"turns":3},{"damage":41,"enemies":"Slime Boss","floor":16,"turns":12}],"seed_played":"4533290249771350164","potions_obtained":[{"floor":1,"key":"GhostInAJar"},{"floor":5,"key":"GhostInAJar"}],"is_trial":false,"path_per_floor":["M","?","M","$","M","E","M","R","T","R","?","R","M","M","R"],"character_chosen":"THE_SILENT","items_purchased":[],"campfire_rested":0,"item_purchase_floors":[],"current_hp_per_floor":[63,63,57,57,57,22,21,21,21,21,38,38,38,38,38,0],"gold":89,"neow_bonus":"RANDOM_COMMON_RELIC","is_prod":false,"is_daily":false,"chose_seed":false,"campfire_upgraded":4,"win_rate":0,"timestamp":1538423308,"path_taken":["M","?","M","$","M","E","M","R","T","R","?","R","M","M","R","BOSS"],"build_version":"2018-09-27","purchased_purges":1,"victory":false,"max_hp_per_floor":[70,70,70,70,70,70,70,70,70,70,70,70,70,70,70,70],"card_choices":[{"not_picked":["Leg Sweep","Calculated Gamble"],"picked":"Backstab","floor":1},{"not_picked":["Outmaneuver","Underhanded Strike"],"picked":"Footwork","floor":3},{"not_picked":["Prepared","Deflect"],"picked":"Cloak And Dagger","floor":5},{"not_picked":["Underhanded Strike","PiercingWail"],"picked":"Slice","floor":6},{"not_picked":["Backflip","Flying Knee"],"picked":"Blade Dance","floor":7},{"not_picked":["Poisoned Stab","Flechettes"],"picked":"Backflip","floor":13},{"not_picked":["Poisoned Stab","Bane"],"picked":"Sucker Punch","floor":14}],"player_experience":568614,"relics_obtained":[{"floor":6,"key":"Orichalcum"},{"floor":9,"key":"Ancient Tea Set"}],"event_choices":[{"event_name":"Golden Idol","player_choice":"Take Wound","floor":2,"damage_taken":0},{"event_name":"The Cleric","player_choice":"Healed","floor":11,"damage_taken":0}],"is_beta":true,"boss_relics":[],"items_purged_floors":[4],"is_endless":false,"potions_floor_spawned":[1,5,13,14],"killed_by":"Slime Boss","ascension_level":12}