{"gold_per_floor":[116,136,153,153,113,139,151,166,234,234,267,267,284,155,155,232,232,209,19,34,52,52,84,84,119,119,133,153,153,165,165,243,243,258,86,104,14,14,48,48,82,158,192,192,204,221,266,266,266,266],"floor_reached":51,"playtime":2296,"items_purged":["Strike_G","Strike_G"],"score":1974,"play_id":"a8115de6-1666-44e4-aad5-b7a98d372e5c","local_time":"20190306154328","is_ascension_mode":true,"campfire_choices":[{"floor":10.0,"key":"REST"},{"data":"Catalyst","floor":12.0,"key":"SMITH"},{"data":"Prepared","floor":15.0,"key":"SMITH"},{"floor":24.0,"key":"REST"},{"floor":30.0,"key":"REST"},{"floor":32.0,"key":"REST"},{"data":"Well Laid Plans","floor":41.0,"key":"SMITH"},{"floor":49.0,"key":"REST"}],"neow_cost":"TEN_PERCENT_HP_LOSS","seed_source_timestamp":0,"circlet_count":14,"master_deck":["AscendersBane","Madness+1","Defend_G","Defend_G","Defend_G","Defend_G","Defend_G","Strike_G","Survivor","Neutralize","PiercingWail","Prepared+1","Catalyst+1","Well Laid Plans","Backflip","Adrenaline","Deadly Poison","Poisoned Stab","Well Laid Plans+1","Footwork","Acrobatics","Madness","Escape Plan","Deadly Poison+1","Doppelganger","Footwork","Pain","Disarm","Deflect+1"],"special_seed":0,"relics":["Ring of the Snake","Girya","Circlet","Art of War","Lantern","Cursed Key","Bag of Preparation","Vajra","Centennial Puzzle","Empty Cage","PreservedInsect","Bottled Tornado","Meat on the Bone","Paper Crane","Orichalcum"],"potions_floor_usage":[],"damage_taken":[{"damage":0.0,"enemies":"Small Slimes","floor":1.0,"turns":2.0},{"damage":0.0,"enemies":"2 Louse","floor":2.0,"turns":3.0},{"damage":0.0,"enemies":"Cultist","floor":3.0,"turns":2.0},{"damage":10.0,"enemies":"Lagavulin","floor":6.0,"turns":4.0},{"damage":25.0,"enemies":"Gremlin Gang","floor":7.0,"turns":9.0},{"damage":2.0,"enemies":"Exordium Thugs","floor":8.0,"turns":5.0},{"damage":9.0,"enemies":"3 Sentries","floor":11.0,"turns":10.0},{"damage":0.0,"enemies":"Looter","floor":13.0,"turns":1.0},{"damage":0.0,"enemies":"The Guardian","floor":16.0,"turns":3.0},{"damage":1.0,"enemies":"2 Thieves","floor":18.0,"turns":4.0},{"damage":0.0,"enemies":"Spheric Guardian","floor":20.0,"turns":3.0},{"damage":0.0,"enemies":"Snake Plant","floor":21.0,"turns":2.0},{"damage":41.0,"enemies":"Slavers","floor":23.0,"turns":8.0},{"damage":13.0,"enemies":"Gremlin Leader","floor":25.0,"turns":3.0},{"damage":12.0,"enemies":"Cultist and Chosen","floor":27.0,"turns":6.0},{"damage":0.0,"enemies":"Shelled Parasite and Fungi","floor":29.0,"turns":1.0},{"damage":1.0,"enemies":"Sentry and Sphere","floor":31.0,"turns":3.0},{"damage":0.0,"enemies":"Champ","floor":33.0,"turns":3.0},{"damage":24.0,"enemies":"3 Darklings","floor":35.0,"turns":8.0},{"damage":0.0,"enemies":"Orb Walker","floor":37.0,"turns":1.0},{"damage":3.0,"enemies":"Nemesis","floor":40.0,"turns":3.0},{"damage":2.0,"enemies":"Reptomancer","floor":42.0,"turns":2.0},{"damage":0.0,"enemies":"Giant Head","floor":44.0,"turns":3.0},{"damage":3.0,"enemies":"Jaw Worm Horde","floor":46.0,"turns":5.0},{"damage":3.0,"enemies":"Maw","floor":47.0,"turns":3.0},{"damage":19.0,"enemies":"2 Orb Walkers","floor":48.0,"turns":3.0},{"damage":1.0,"enemies":"hubris:GrandSnecko","floor":50.0,"turns":3.0},{"damage":0,"enemies":"Awakened One","floor":51,"turns":1}],"seed_played":"3392083066481877553","potions_obtained":[{"floor":5.0,"key":"GamblersBrew"},{"floor":5.0,"key":"Swift Potion"},{"floor":7.0,"key":"Fire Potion"},{"floor":8.0,"key":"PowerPotion"},{"floor":11.0,"key":"Explosive Potion"},{"floor":16.0,"key":"Ancient Potion"},{"floor":18.0,"key":"AttackPotion"},{"floor":27.0,"key":"Energy Potion"},{"floor":29.0,"key":"EntropicBrew"},{"floor":40.0,"key":"GhostInAJar"}],"is_trial":false,"path_per_floor":["M","M","M","?","?","E","M","M","T","R","E","R","M","$","R","B",null,"M","$","M","M","$","E","R","E","T","M","M","R","M","R","B",null,"M","$","M","$","?","E","R","E","T","E","$","M","M","?","R","B","B"],"character_chosen":"THE_SILENT","items_purchased":["Backflip","Poisoned Stab","Well Laid Plans","PreservedInsect","Footwork"],"campfire_rested":5,"item_purchase_floors":[14,19,19,36,38],"current_hp_per_floor":[59,59,59,48,48,38,13,11,11,29,20,20,20,20,20,20,50,49,49,49,49,49,8,26,13,13,1,1,19,18,36,36,54,30,30,30,30,30,27,27,25,25,37,37,34,31,24,42,41,41],"gold":266,"neow_bonus":"ONE_RARE_RELIC","is_prod":false,"is_daily":false,"chose_seed":false,"campfire_upgraded":3,"win_rate":0,"timestamp":1551883408,"path_taken":["M","M","M","?","?","E","M","?","T","R","E","R","M","$","R","BOSS","M","$","M","M","$","E","R","E","T","M","?","R","M","R","BOSS","M","$","M","$","?","E","R","E","T","E","$","?","M","?","R","BOSS","BOSS"],"build_version":"2019-01-23","purchased_purges":2,"victory":false,"max_hp_per_floor":[60,60,60,60,60,60,60,60,60,60,60,60,60,60,60,60,60,60,60,60,60,60,60,60,60,60,60,60,60,60,60,60,60,60,60,60,60,60,60,60,60,60,60,60,60,60,60,60,60,60],"card_choices":[{"not_picked":["Deflect","Prepared","Blade Dance"],"picked":"SKIP","floor":1.0},{"not_picked":["Slice","Poisoned Stab"],"picked":"PiercingWail","floor":2.0},{"not_picked":["Cloak And Dagger","Underhanded Strike"],"picked":"Prepared","floor":3.0},{"not_picked":["Slice","Blade Dance"],"picked":"Catalyst","floor":6.0},{"not_picked":["Masterful Stab","Underhanded Strike","Accuracy"],"picked":"SKIP","floor":7.0},{"not_picked":["Outmaneuver","Bane","Tactician"],"picked":"SKIP","floor":8.0},{"not_picked":["Bane","Wraith Form v2","Wild Strike"],"picked":"Well Laid Plans","floor":11.0},{"not_picked":["Outmaneuver","Dagger Throw","Poisoned Stab","Pommel Strike"],"picked":"SKIP","floor":13.0},{"not_picked":["Bullet Time","Venomology","Offering"],"picked":"Adrenaline","floor":16.0},{"not_picked":["Dagger Throw+1","Cloak And Dagger","Sword Boomerang"],"picked":"Deadly Poison","floor":18.0},{"not_picked":["Calculated Gamble","Sucker Punch","infinitespire:OneForAll"],"picked":"Footwork","floor":20.0},{"not_picked":["Flying Knee","Finisher","Setup","Demon Form"],"picked":"SKIP","floor":21.0},{"not_picked":["Bane","Underhanded Strike","Outmaneuver","Clash"],"picked":"SKIP","floor":23.0},{"not_picked":["hubris:Sniper","Poisoned Stab","Iron Wave"],"picked":"Acrobatics","floor":25.0},{"not_picked":["Reflex","PiercingWail","Headbutt"],"picked":"Escape Plan","floor":27.0},{"not_picked":["Leg Sweep","Sucker Punch","Finisher","Warcry"],"picked":"SKIP","floor":29.0},{"not_picked":["Cloak And Dagger","Heel Hook+1","Juggernaut"],"picked":"Deadly Poison+1","floor":31.0},{"not_picked":["Tools of the Trade","After Image","Immolate"],"picked":"Doppelganger","floor":33.0},{"not_picked":["Dagger Spray","Skewer","Flying Knee","Reckless Charge"],"picked":"SKIP","floor":35.0},{"not_picked":["Infinite Blades+1","Flechettes","Dagger Spray+1","Intimidate"],"picked":"SKIP","floor":37.0},{"not_picked":["Setup","Flying Knee","Outmaneuver","Feel No Pain"],"picked":"SKIP","floor":40.0},{"not_picked":["Phantasmal Killer","Quick Slash","Cloak And Dagger","Body Slam"],"picked":"SKIP","floor":42.0},{"not_picked":["Slice","Riddle With Holes","Cloak And Dagger","Intimidate"],"picked":"SKIP","floor":44.0},{"not_picked":["Dagger Spray","Quick Slash","Escape Plan"],"picked":"Disarm","floor":46.0},{"not_picked":["Terror","Acrobatics","Leg Sweep","Sword Boomerang"],"picked":"SKIP","floor":47.0},{"not_picked":["Leg Sweep","Poisoned Stab+1","Clash"],"picked":"Deflect+1","floor":48.0}],"player_experience":1371584,"relics_obtained":[{"floor":6.0,"key":"Art of War"},{"floor":9.0,"key":"hubris:DisguiseKit"},{"floor":11.0,"key":"Lantern"},{"floor":23.0,"key":"Bag of Preparation"},{"floor":25.0,"key":"Vajra"},{"floor":26.0,"key":"Centennial Puzzle"},{"floor":40.0,"key":"Bottled Tornado"},{"floor":42.0,"key":"Meat on the Bone"},{"floor":43.0,"key":"Paper Crane"},{"floor":44.0,"key":"Orichalcum"},{"floor":48.0,"key":"hubris:GlazedTorus"}],"event_choices":[{"damage_healed":0.0,"max_hp_gain":0.0,"max_hp_loss":0.0,"gold_gain":0.0,"event_name":"Scrap Ooze","player_choice":"Success","floor":4.0,"gold_loss":0.0,"damage_taken":11.0,"relics_obtained":["hubris:Teleporter"]},{"damage_healed":0.0,"max_hp_gain":0.0,"max_hp_loss":0.0,"gold_gain":0.0,"event_name":"The Woman in Blue","player_choice":"Bought 3 Potions","floor":5.0,"gold_loss":0.0,"damage_taken":0.0},{"damage_healed":0.0,"max_hp_gain":0.0,"max_hp_loss":0.0,"gold_gain":0.0,"event_name":"WeMeetAgain","player_choice":"Gave Potion","floor":39.0,"gold_loss":0.0,"damage_taken":0.0,"relics_obtained":["hubris:AstralHammer"]},{"damage_healed":0.0,"max_hp_gain":0.0,"max_hp_loss":0.0,"gold_gain":0.0,"event_name":"Mysterious Sphere","player_choice":"Fight","floor":48.0,"gold_loss":0.0,"damage_taken":0.0}],"is_beta":false,"boss_relics":[{"not_picked":["hubris:Stopwatch","HoveringKite"],"picked":"Cursed Key"},{"not_picked":["hubris:GrandSneckoEye","hubris:ScarierMask"],"picked":"Empty Cage"}],"items_purged_floors":[14,19],"is_endless":false,"potions_floor_spawned":[7,8,11,16,18,20,27,29,33,40,44,46,47],"killed_by":"Awakened One","ascension_level":20}