{"gold_per_floor":[111,122,122,122,1,1,14,31,31,31],"floor_reached":10,"playtime":239,"items_purged":[],"score":116,"play_id":"9fe2577c-ab70-41ee-b8e0-3dbcc312c2af","local_time":"20190424121919","is_ascension_mode":true,"campfire_choices":[{"data":"Noxious Fumes","floor":6,"key":"SMITH"}],"neow_cost":"NONE","seed_source_timestamp":8870066151969,"circlet_count":0,"master_deck":["AscendersBane","Defend_G","Defend_G","Defend_G","Defend_G","Defend_G","Strike_G","Strike_G","Strike_G","Strike_G","Survivor","Neutralize","Grand Finale","Dagger Throw","Dagger Spray","Noxious Fumes+1","Blur"],"relics":["Ring of the Snake","Du-Vu Doll","Question Card"],"potions_floor_usage":[],"damage_taken":[{"damage":1,"enemies":"2 Louse","floor":1,"turns":5},{"damage":15,"enemies":"Small Slimes","floor":2,"turns":5},{"damage":0,"enemies":"Cultist","floor":7,"turns":3},{"damage":4,"enemies":"Looter","floor":8,"turns":4},{"damage":43,"enemies":"Lagavulin","floor":10,"turns":8}],"seed_played":"8592954914559564307","potions_obtained":[{"floor":2,"key":"Ancient Potion"}],"is_trial":false,"path_per_floor":["M","M","?","?","$","R","M","M","T","E"],"character_chosen":"THE_SILENT","items_purchased":["Noxious Fumes","Blur"],"campfire_rested":0,"item_purchase_floors":[5,5],"current_hp_per_floor":[58,43,38,38,38,38,38,34,34,0],"gold":31,"neow_bonus":"ONE_RANDOM_RARE_CARD","is_prod":false,"is_daily":false,"chose_seed":false,"campfire_upgraded":1,"win_rate":0,"timestamp":1556101159,"path_taken":["M","M","?","?","$","R","?","M","T","E"],"build_version":"2019-01-23","purchased_purges":0,"victory":false,"max_hp_per_floor":[66,66,66,66,66,66,66,66,66,66],"card_choices":[{"not_picked":["Flying Knee","Cloak And Dagger"],"picked":"Dagger Throw","floor":1},{"not_picked":["Dodge and Roll","Bane"],"picked":"Dagger Spray","floor":2},{"not_picked":["Dagger Throw","Outmaneuver","Dodge and Roll"],"picked":"SKIP","floor":7},{"not_picked":["Storm of Steel","Heel Hook","Deflect"],"picked":"SKIP","floor":8}],"player_experience":1620011,"relics_obtained":[{"floor":9,"key":"Question Card"}],"event_choices":[{"damage_healed":0,"gold_gain":0,"player_choice":"Success","damage_taken":5,"relics_obtained":["Du-Vu Doll"],"max_hp_gain":0,"max_hp_loss":0,"event_name":"Scrap Ooze","floor":3,"gold_loss":0},{"cards_removed":["Strike_G"],"damage_healed":0,"gold_gain":0,"player_choice":"Purged","damage_taken":0,"max_hp_gain":0,"max_hp_loss":0,"event_name":"Purifier","floor":4,"gold_loss":0}],"is_beta":false,"boss_relics":[],"items_purged_floors":[],"is_endless":false,"potions_floor_spawned":[2],"killed_by":"Lagavulin","ascension_level":20}