{"gold_per_floor":[413,433,433,305,318,349,349,365,391,52,87,106,123,157,157,230,230,244,244,261,279,279,296,296],"floor_reached":24,"playtime":1044,"items_purged":["Strike_G","Strike_G"],"score":440,"play_id":"87209234-1541-4a0f-8064-3f6cd84cbae6","local_time":"20190814210816","is_ascension_mode":true,"campfire_choices":[{"data":"Dagger Spray","floor":7.0,"key":"SMITH"},{"data":"Glass Knife","floor":15.0,"key":"SMITH"}],"neow_cost":"TEN_PERCENT_HP_LOSS","seed_source_timestamp":36206832861604,"circlet_count":0,"master_deck":["AscendersBane","Strike_G","Strike_G","Strike_G","Defend_G","Defend_G","Defend_G","Defend_G","Defend_G","Survivor","Neutralize","Dagger Spray+1","Noxious Fumes","A Thousand Cuts","Dagger Spray","Poisoned Stab","Well Laid Plans","PiercingWail","Poisoned Stab","Dodge and Roll","Noxious Fumes","Glass Knife","Crippling Poison","Glass Knife+1","Adrenaline","Escape Plan","Cloak And Dagger"],"special_seed":0,"relics":["Ring of the Snake","Old Coin","Bag of Preparation","Snake Skull","Dream Catcher","Art of War","Black Star","Sundial"],"potions_floor_usage":[23],"damage_taken":[{"damage":2.0,"enemies":"Jaw Worm","floor":1.0,"turns":5.0},{"damage":1.0,"enemies":"Cultist","floor":2.0,"turns":6.0},{"damage":0.0,"enemies":"Small Slimes","floor":5.0,"turns":4.0},{"damage":31.0,"enemies":"3 Sentries","floor":6.0,"turns":7.0},{"damage":12.0,"enemies":"Exordium Thugs","floor":8.0,"turns":5.0},{"damage":2.0,"enemies":"Lagavulin","floor":11.0,"turns":6.0},{"damage":3.0,"enemies":"3 Louse","floor":12.0,"turns":3.0},{"damage":2.0,"enemies":"Looter","floor":13.0,"turns":3.0},{"damage":8.0,"enemies":"Gremlin Nob","floor":14.0,"turns":3.0},{"damage":8.0,"enemies":"Slime Boss","floor":16.0,"turns":7.0},{"damage":4.0,"enemies":"2 Thieves","floor":18.0,"turns":5.0},{"damage":0,"enemies":"3 Byrds","floor":20,"turns":4},{"damage":20,"enemies":"Snake Plant","floor":21,"turns":5},{"damage":16,"enemies":"Sentry and Sphere","floor":23,"turns":3},{"damage":12,"enemies":"Gremlin Leader","floor":24,"turns":5}],"seed_played":"8707063478342906943","potions_obtained":[{"floor":1.0,"key":"Fire Potion"},{"floor":8.0,"key":"SkillPotion"},{"floor":12.0,"key":"SpeedPotion"},{"floor":14.0,"key":"SpeedPotion"},{"floor":16.0,"key":"SkillPotion"},{"floor":18,"key":"Strength Potion"}],"is_trial":false,"path_per_floor":["M","M","?","$","M","E","R","M","T","$","E","M","M","E","R","B",null,"M","?","M","M","T","M","E"],"character_chosen":"THE_SILENT","items_purchased":["Dagger Spray","Poisoned Stab","Dodge and Roll","Noxious Fumes","Regen Potion"],"campfire_rested":0,"item_purchase_floors":[4,10,10,10,10],"current_hp_per_floor":[57,56,56,56,56,25,25,13,13,13,26,23,21,13,13,5,46,42,42,42,22,22,6,0],"gold":296,"neow_bonus":"ONE_RARE_RELIC","is_prod":false,"is_daily":false,"chose_seed":false,"campfire_upgraded":2,"win_rate":0,"timestamp":1565809696,"path_taken":["M","M","?","?","?","E","R","M","T","$","E","M","M","E","R","BOSS","M","?","M","?","?","M","E"],"build_version":"2019-07-17","purchased_purges":2,"victory":false,"max_hp_per_floor":[60,60,60,60,60,60,60,60,60,60,60,60,60,60,60,60,60,60,60,60,60,60,60,60],"card_choices":[{"not_picked":["Predator","Outmaneuver"],"picked":"Dagger Spray","floor":1.0},{"not_picked":["Deflect","Distraction"],"picked":"Noxious Fumes","floor":2.0},{"not_picked":["Quick Slash","PiercingWail"],"picked":"Poisoned Stab","floor":5.0},{"not_picked":["Quick Slash","Cloak And Dagger"],"picked":"Well Laid Plans","floor":6.0},{"not_picked":["Escape Plan","Prepared"],"picked":"PiercingWail","floor":8.0},{"not_picked":["Dagger Throw","Bane"],"picked":"Glass Knife","floor":11.0},{"not_picked":["Setup","Underhanded Strike","Masterful Stab"],"picked":"SKIP","floor":12.0},{"not_picked":["Poisoned Stab","Masterful Stab"],"picked":"Crippling Poison","floor":13.0},{"not_picked":["Concentrate","Riddle With Holes"],"picked":"Glass Knife","floor":14.0},{"not_picked":["Storm of Steel","Glass Knife"],"picked":"Adrenaline","floor":16.0},{"not_picked":["Underhanded Strike","Acrobatics"],"picked":"Escape Plan","floor":18},{"not_picked":["Acrobatics","Distraction"],"picked":"Cloak And Dagger","floor":20},{"not_picked":["Heel Hook","Riddle With Holes","Acrobatics"],"picked":"SKIP","floor":21},{"not_picked":["Quick Slash","Sucker Punch","Bouncing Flask"],"picked":"SKIP","floor":23}],"player_experience":1919626,"relics_obtained":[{"floor":6.0,"key":"Bag of Preparation"},{"floor":9.0,"key":"Snake Skull"},{"floor":11.0,"key":"Dream Catcher"},{"floor":14.0,"key":"Art of War"},{"floor":22,"key":"Sundial"}],"event_choices":[{"damage_healed":0.0,"max_hp_gain":0.0,"max_hp_loss":0.0,"gold_gain":0.0,"event_name":"Match and Keep!","player_choice":"1 cards matched","floor":3.0,"gold_loss":0.0,"damage_taken":0.0,"cards_obtained":["A Thousand Cuts"]},{"damage_healed":0,"gold_gain":0,"player_choice":"0 cards matched","damage_taken":0,"max_hp_gain":0,"max_hp_loss":0,"event_name":"Match and Keep!","floor":19,"gold_loss":0,"cards_obtained":[]}],"is_beta":false,"boss_relics":[{"not_picked":["Tiny House","Ring of the Serpent"],"picked":"Black Star"}],"items_purged_floors":[4,10],"is_endless":false,"potions_floor_spawned":[1,8,12,14,16,18],"killed_by":"Gremlin Leader","ascension_level":20}