{"gold_per_floor":[109,109,121,140,100,100,120,152,152,152,178,178,253,403,403,477,477,491,507,315,240,250,250,260,294,294,308,308,57,72,83,83,160,160,173,1172,1172],"floor_reached":37,"playtime":1433,"items_purged":["Strike_G","Strike_G"],"score":923,"play_id":"407cf168-5220-48e1-a375-a88ff5362943","local_time":"20190829012110","is_ascension_mode":true,"campfire_choices":[{"data":"Die Die Die","floor":6,"key":"SMITH"},{"data":"Catalyst","floor":10,"key":"SMITH"},{"data":"Crippling Poison","floor":12,"key":"SMITH"},{"floor":15,"key":"REST"},{"data":"Footwork","floor":23,"key":"SMITH"},{"floor":32,"key":"REST"}],"neow_cost":"NONE","seed_source_timestamp":55053892731610,"circlet_count":0,"master_deck":["AscendersBane","Defend_G","Defend_G","Defend_G","Defend_G","Defend_G","Survivor","Neutralize","Die Die Die+1","Poisoned Stab","Bouncing Flask","Crippling Poison+1","Catalyst+1","Blur+1","Doppelganger+1","Deflect+1","Prepared+1","Footwork+1","Dodge and Roll+1","Cloak And Dagger+1","Acrobatics+1","Blade Dance+1","Prepared+1","Malaise+1","Riddle With Holes","Wraith Form v2+1","Dodge and Roll+1","Backflip+1","Burst+1","Footwork+1","Normality"],"special_seed":0,"relics":["Ring of the Snake","Turnip","Toxic Egg 2","Shuriken","Omamori","Runic Dome","Bird Faced Urn","Frozen Egg 2","Philosopher\u0027s Stone"],"potions_floor_usage":[31,33],"damage_taken":[{"damage":1.0,"enemies":"Cultist","floor":1.0,"turns":5.0},{"damage":7.0,"enemies":"Small Slimes","floor":3.0,"turns":2.0},{"damage":0.0,"enemies":"2 Louse","floor":4.0,"turns":1.0},{"damage":6.0,"enemies":"Looter","floor":5.0,"turns":4.0},{"damage":0,"enemies":"2 Fungi Beasts","floor":7,"turns":2},{"damage":15,"enemies":"Lagavulin","floor":8,"turns":6},{"damage":10,"enemies":"Gremlin Nob","floor":11,"turns":3},{"damage":4,"enemies":"Hexaghost","floor":16,"turns":8},{"damage":11,"enemies":"3 Byrds","floor":18,"turns":5},{"damage":8,"enemies":"2 Thieves","floor":19,"turns":3},{"damage":9,"enemies":"Snake Plant","floor":22,"turns":6},{"damage":0,"enemies":"Centurion and Healer","floor":24,"turns":12},{"damage":5,"enemies":"Gremlin Leader","floor":25,"turns":7},{"damage":12,"enemies":"3 Cultists","floor":27,"turns":4},{"damage":0,"enemies":"Snake Plant","floor":30,"turns":4},{"damage":10,"enemies":"Chosen and Byrds","floor":31,"turns":4},{"damage":0,"enemies":"Automaton","floor":33,"turns":11},{"damage":8,"enemies":"3 Darklings","floor":35,"turns":5},{"damage":83,"enemies":"2 Orb Walkers","floor":37,"turns":4}],"seed_played":"-6243779801156941610","potions_obtained":[{"floor":7,"key":"GhostInAJar"},{"floor":11,"key":"FearPotion"},{"floor":19,"key":"SkillPotion"}],"is_trial":false,"path_per_floor":["M","?","M","M","M","R","M","E","T","R","E","R","?","?","R","B",null,"M","M","$","?","M","R","M","E","T","M","?","$","M","M","R","B",null,"M","?","?"],"character_chosen":"THE_SILENT","items_purchased":["Footwork","Dodge and Roll+1","Wraith Form v2+1"],"campfire_rested":2,"item_purchase_floors":[20,20,29],"current_hp_per_floor":[58,53,46,46,40,40,40,25,25,25,15,15,4,4,23,19,54,43,35,35,35,26,26,26,21,21,11,11,11,13,3,22,26,56,50,50,0],"gold":1172,"neow_bonus":"ONE_RANDOM_RARE_CARD","is_prod":false,"is_daily":false,"chose_seed":false,"campfire_upgraded":4,"win_rate":0,"timestamp":1567034470,"path_taken":["M","?","M","M","M","R","M","E","T","R","E","R","?","?","R","BOSS","M","M","$","?","M","R","M","E","T","M","?","$","?","M","R","BOSS","M","?","?"],"build_version":"2019-07-17","purchased_purges":2,"victory":false,"max_hp_per_floor":[66,66,66,66,66,66,66,66,66,66,66,66,66,66,66,66,66,66,66,66,66,66,66,66,66,66,66,66,66,66,66,66,66,66,66,66,66],"card_choices":[{"not_picked":["Bane","Deflect"],"picked":"Poisoned Stab","floor":1.0},{"not_picked":["Blade Dance","Masterful Stab"],"picked":"Bouncing Flask","floor":3.0},{"not_picked":["Dagger Spray","Deadly Poison"],"picked":"Crippling Poison","floor":4.0},{"not_picked":["Poisoned Stab","Accuracy"],"picked":"Catalyst","floor":5},{"not_picked":["Prepared","Concentrate","Setup"],"picked":"SKIP","floor":7},{"not_picked":["Storm of Steel","Setup"],"picked":"Blur","floor":8},{"not_picked":["Flying Knee","Caltrops","Dagger Spray"],"picked":"SKIP","floor":11},{"not_picked":["Unload","A Thousand Cuts"],"picked":"Doppelganger+1","floor":16},{"not_picked":["Sucker Punch","Poisoned Stab"],"picked":"Deflect+1","floor":18},{"not_picked":["Flying Knee","Quick Slash"],"picked":"Prepared+1","floor":19},{"not_picked":["Underhanded Strike","Tools of the Trade"],"picked":"Cloak And Dagger+1","floor":22},{"not_picked":["Eviscerate","Bane"],"picked":"Acrobatics+1","floor":24},{"not_picked":["Heel Hook","Setup+1"],"picked":"Blade Dance+1","floor":25},{"not_picked":["Distraction+1","Riddle With Holes"],"picked":"Prepared+1","floor":27},{"not_picked":["Sucker Punch","Prepared+1"],"picked":"Dodge and Roll+1","floor":30},{"not_picked":["Dagger Spray","Dagger Throw"],"picked":"Backflip+1","floor":31},{"not_picked":["Venomology+1","Malaise+1"],"picked":"Burst+1","floor":33},{"not_picked":["Flechettes+1","Deflect+1"],"picked":"Footwork+1","floor":35}],"player_experience":1984761,"relics_obtained":[{"floor":8,"key":"Toxic Egg 2"},{"floor":9,"key":"Shuriken"},{"floor":11,"key":"Omamori"},{"floor":25,"key":"Bird Faced Urn"},{"floor":26,"key":"Frozen Egg 2"}],"event_choices":[{"damage_healed":0.0,"max_hp_gain":0.0,"max_hp_loss":0.0,"gold_gain":0.0,"event_name":"Scrap Ooze","player_choice":"Success","floor":2.0,"gold_loss":0.0,"damage_taken":5.0,"relics_obtained":["Turnip"]},{"damage_healed":0,"gold_gain":75,"player_choice":"Gather Gold","damage_taken":11,"max_hp_gain":0,"max_hp_loss":0,"event_name":"World of Goop","floor":13,"gold_loss":0},{"damage_healed":0,"gold_gain":150,"player_choice":"AGREE","damage_taken":0,"max_hp_gain":0,"max_hp_loss":0,"event_name":"Liars Game","floor":14,"gold_loss":0,"cards_obtained":["Doubt"]},{"cards_removed":["Strike_G"],"damage_healed":0,"gold_gain":0,"player_choice":"Gave Gold","damage_taken":0,"max_hp_gain":0,"max_hp_loss":0,"event_name":"Beggar","floor":21,"gold_loss":75},{"damage_healed":0,"gold_gain":0,"cards_transformed":["Strike_G","Strike_G"],"player_choice":"Became Test Subject","damage_taken":0,"max_hp_gain":0,"max_hp_loss":0,"event_name":"Drug Dealer","floor":28,"gold_loss":0,"cards_obtained":["Malaise","Riddle With Holes"]},{"damage_healed":0,"gold_gain":999,"player_choice":"Gold","damage_taken":0,"max_hp_gain":0,"max_hp_loss":0,"event_name":"MindBloom","floor":36,"gold_loss":0,"cards_obtained":["Normality","Normality"]},{"damage_healed":0,"gold_gain":0,"player_choice":"Fight","damage_taken":0,"max_hp_gain":0,"max_hp_loss":0,"event_name":"Mysterious Sphere","floor":37,"gold_loss":0}],"is_beta":false,"boss_relics":[{"not_picked":["WristBlade","Empty Cage"],"picked":"Runic Dome"},{"not_picked":["Snecko Eye","Velvet Choker"],"picked":"Philosopher\u0027s Stone"}],"items_purged_floors":[20,29],"is_endless":false,"potions_floor_spawned":[7,11,16,18,19,27,30],"killed_by":"2 Orb Walkers","ascension_level":20}