{"gold_per_floor":[119,136,69,69,85,85,114,114,192,192,212,240,240,253,253,352,352,307,307,307,307,307,307,307,307,307,232,232,232,232,132,132,132],"floor_reached":33,"playtime":1726,"items_purged":["Strike_G","Strike_G"],"score":420,"play_id":"bc0ca943-1c96-411a-b277-7cf181d4c398","local_time":"20190813194855","is_ascension_mode":true,"campfire_choices":[{"data":"Predator","floor":6.0,"key":"SMITH"},{"data":"Blade Dance","floor":10.0,"key":"SMITH"},{"data":"Blade Dance","floor":15.0,"key":"SMITH"},{"floor":23.0,"key":"REST"},{"floor":25.0,"key":"REST"},{"floor":32.0,"key":"REST"}],"neow_cost":"NONE","seed_source_timestamp":0,"circlet_count":0,"master_deck":["Strike_G","Strike_G","Strike_G","Defend_G","Defend_G","Defend_G","Defend_G","Defend_G","Survivor","Neutralize+1","Blade Dance+1","Flying Knee","Accuracy","Predator+1","Blade Dance+1","Cloak And Dagger","Burst","Backflip","Accuracy","Blade Dance+1","PiercingWail+1","Footwork+1"],"special_seed":0,"relics":["Ring of the Snake","NeowsBlessing","Anchor","Question Card","Bag of Marbles","Ectoplasm","Singing Bowl"],"potions_floor_usage":[33,33,33],"damage_taken":[{"damage":0.0,"enemies":"Jaw Worm","floor":1.0,"turns":1.0},{"damage":0.0,"enemies":"Cultist","floor":2.0,"turns":1.0},{"damage":0.0,"enemies":"2 Louse","floor":5.0,"turns":1.0},{"damage":34.0,"enemies":"3 Sentries","floor":7.0,"turns":8.0},{"damage":0.0,"enemies":"Looter","floor":11.0,"turns":2.0},{"damage":11.0,"enemies":"Lagavulin","floor":12.0,"turns":7.0},{"damage":0.0,"enemies":"Gremlin Gang","floor":14.0,"turns":4.0},{"damage":0.0,"enemies":"Slime Boss","floor":16.0,"turns":4.0},{"damage":0.0,"enemies":"2 Thieves","floor":18.0,"turns":4.0},{"damage":2.0,"enemies":"Shell Parasite","floor":19.0,"turns":4.0},{"damage":18.0,"enemies":"Snecko","floor":21.0,"turns":5.0},{"damage":30.0,"enemies":"3 Cultists","floor":22.0,"turns":6.0},{"damage":27.0,"enemies":"Snake Plant","floor":24.0,"turns":4.0},{"damage":2.0,"enemies":"Chosen and Byrds","floor":28.0,"turns":4.0},{"damage":11.0,"enemies":"Cultist and Chosen","floor":29.0,"turns":5.0},{"damage":2.0,"enemies":"Shelled Parasite and Fungi","floor":30.0,"turns":3.0},{"damage":39,"enemies":"Collector","floor":33,"turns":6}],"seed_played":"2346525477844386491","potions_obtained":[{"floor":2.0,"key":"AttackPotion"},{"floor":5.0,"key":"Energy Potion"},{"floor":13.0,"key":"Fire Potion"},{"floor":13.0,"key":"Fire Potion"},{"floor":13.0,"key":"Block Potion"},{"floor":16.0,"key":"Block Potion"},{"floor":18.0,"key":"Swift Potion"},{"floor":24.0,"key":"Strength Potion"},{"floor":28.0,"key":"Poison Potion"},{"floor":30.0,"key":"Swift Potion"}],"is_trial":false,"path_per_floor":["M","M","$","?","M","R","E","?","T","R","M","E","?","M","R","B",null,"M","M","?","M","M","R","M","R","T","$","M","M","M","$","R","B"],"character_chosen":"THE_SILENT","items_purchased":["Accuracy"],"campfire_rested":3,"item_purchase_floors":[3],"current_hp_per_floor":[63,63,63,63,63,63,29,52,52,52,52,41,41,41,41,41,63,63,61,61,43,13,34,7,28,28,28,28,17,15,15,36,0],"gold":132,"neow_bonus":"THREE_ENEMY_KILL","is_prod":false,"is_daily":false,"chose_seed":false,"campfire_upgraded":3,"win_rate":0,"timestamp":1565696935,"path_taken":["M","M","$","?","?","R","E","?","T","R","M","E","?","M","R","BOSS","M","?","?","M","M","R","M","R","T","$","M","M","M","$","R","BOSS"],"build_version":"2019-07-17","purchased_purges":2,"victory":false,"max_hp_per_floor":[70,70,70,70,70,70,70,70,70,70,70,70,70,70,70,70,70,70,70,70,70,70,70,70,70,70,70,72,72,72,72,72,72],"card_choices":[{"not_picked":["Acrobatics","Well Laid Plans"],"picked":"Blade Dance","floor":1.0},{"not_picked":["Underhanded Strike","Dodge and Roll"],"picked":"Flying Knee","floor":2.0},{"not_picked":["Deadly Poison","Backflip"],"picked":"Predator","floor":5.0},{"not_picked":["Masterful Stab","Choke"],"picked":"Blade Dance","floor":7.0},{"not_picked":["Outmaneuver","Skewer","Die Die Die"],"picked":"Cloak And Dagger","floor":11.0},{"not_picked":["Prepared","Dodge and Roll","Eviscerate","Flying Knee"],"picked":"SKIP","floor":12.0},{"not_picked":["Phantasmal Killer","Slice","Dodge and Roll","Prepared"],"picked":"SKIP","floor":14.0},{"not_picked":["Glass Knife","Bullet Time","Corpse Explosion"],"picked":"Burst","floor":16.0},{"not_picked":["Concentrate","Calculated Gamble","Quick Slash+1"],"picked":"Backflip","floor":18.0},{"not_picked":["Masterful Stab","Choke","Prepared","Bane"],"picked":"SKIP","floor":19.0},{"not_picked":["Distraction","Dagger Throw","Acrobatics"],"picked":"Blade Dance+1","floor":21.0},{"not_picked":["Bouncing Flask","Blade Dance","Escape Plan","Unload"],"picked":"SKIP","floor":22.0},{"not_picked":["Sucker Punch","Dodge and Roll","Bane","Deflect+1"],"picked":"SKIP","floor":24.0},{"not_picked":["Noxious Fumes+1","Concentrate+1","Heel Hook+1","Acrobatics"],"picked":"Singing Bowl","floor":28.0},{"not_picked":["Outmaneuver","Infinite Blades+1","Skewer"],"picked":"PiercingWail+1","floor":29.0},{"not_picked":["Escape Plan","Bane","Backflip"],"picked":"Footwork+1","floor":30.0}],"player_experience":289728,"relics_obtained":[{"floor":7.0,"key":"Anchor"},{"floor":9.0,"key":"Question Card"},{"floor":12.0,"key":"Bag of Marbles"},{"floor":26.0,"key":"Singing Bowl"}],"event_choices":[{"damage_healed":0.0,"max_hp_gain":0.0,"max_hp_loss":0.0,"gold_gain":0.0,"event_name":"Upgrade Shrine","player_choice":"Upgraded","floor":4.0,"gold_loss":0.0,"damage_taken":0.0,"cards_upgraded":["Neutralize"]},{"damage_healed":23.0,"max_hp_gain":0.0,"max_hp_loss":0.0,"gold_gain":0.0,"event_name":"Big Fish","player_choice":"Banana","floor":8.0,"gold_loss":0.0,"damage_taken":0.0},{"damage_healed":0.0,"max_hp_gain":0.0,"max_hp_loss":0.0,"gold_gain":0.0,"event_name":"Lab","player_choice":"Got Potions","floor":13.0,"gold_loss":0.0,"damage_taken":0.0},{"damage_healed":0.0,"max_hp_gain":0.0,"max_hp_loss":0.0,"gold_gain":0.0,"event_name":"The Library","player_choice":"Read","floor":20.0,"gold_loss":0.0,"damage_taken":0.0,"cards_obtained":["Accuracy"]}],"is_beta":false,"boss_relics":[{"not_picked":["Black Star","Snecko Eye"],"picked":"Ectoplasm"}],"items_purged_floors":[27,31],"is_endless":false,"potions_floor_spawned":[2,5,16,18,24,28,30],"killed_by":"Collector","ascension_level":7}