{"gold_per_floor":[113,113,413,427,265,23,40,71,71,89,104,133,133,133,133,133],"floor_reached":16,"playtime":414,"items_purged":["Strike_G"],"score":270,"play_id":"f209b731-1109-4b57-bed1-f6346a8faa50","local_time":"20190414175837","is_ascension_mode":true,"campfire_choices":[{"data":"Noxious Fumes","floor":15,"key":"SMITH"}],"neow_cost":"NONE","seed_source_timestamp":2376364096241,"circlet_count":0,"master_deck":["AscendersBane","Defend_G","Defend_G","Defend_G","Defend_G","Defend_G","Strike_G","Strike_G","Strike_G","Survivor","Neutralize","Dagger Throw","Sucker Punch","Well Laid Plans","Masterful Stab","Backstab","Backflip+1","Catalyst+1","Noxious Fumes+1","Footwork"],"relics":["Ring of the Snake","Old Coin","Anchor","Toxic Egg 2","Ornamental Fan","Dream Catcher","Pantograph"],"potions_floor_usage":[0,8,8,16],"damage_taken":[{"damage":0,"enemies":"2 Louse","floor":1,"turns":3},{"damage":1,"enemies":"Small Slimes","floor":4,"turns":3},{"damage":0,"enemies":"Jaw Worm","floor":7,"turns":2},{"damage":0,"enemies":"Gremlin Nob","floor":8,"turns":2},{"damage":0,"enemies":"Red Slaver","floor":10,"turns":2},{"damage":0,"enemies":"3 Louse","floor":11,"turns":2},{"damage":12,"enemies":"Lagavulin","floor":12,"turns":8},{"damage":45,"enemies":"Slime Boss","floor":16,"turns":11}],"seed_played":"-7940553782017354035","potions_obtained":[{"floor":0,"key":"Fruit Juice"},{"floor":0,"key":"Poison Potion"},{"floor":0,"key":"FearPotion"},{"floor":8,"key":"SpeedPotion"},{"floor":10,"key":"SneckoOil"},{"floor":11,"key":"SteroidPotion"}],"is_trial":false,"path_per_floor":["M","?","?","M","$","$","M","E","T","M","M","E","?","T","R","B"],"character_chosen":"THE_SILENT","items_purchased":["Well Laid Plans","Masterful Stab","Anchor"],"campfire_rested":0,"item_purchase_floors":[5,6,6],"current_hp_per_floor":[64,57,22,21,21,21,21,21,21,21,21,9,9,9,9,0],"gold":133,"neow_bonus":"THREE_SMALL_POTIONS","is_prod":false,"is_daily":false,"chose_seed":false,"campfire_upgraded":1,"win_rate":0,"timestamp":1555257517,"path_taken":["M","?","?","M","?","$","M","E","T","M","?","E","?","?","R","BOSS"],"build_version":"2019-01-23","purchased_purges":1,"victory":false,"max_hp_per_floor":[71,71,71,71,71,71,71,71,71,71,71,71,71,71,71,71],"card_choices":[{"not_picked":["Flechettes","Endless Agony"],"picked":"Dagger Throw","floor":1},{"not_picked":["Underhanded Strike","Storm of Steel"],"picked":"Sucker Punch","floor":4},{"not_picked":["Sucker Punch","Dagger Spray"],"picked":"Backstab","floor":7},{"not_picked":["Calculated Gamble","Eviscerate"],"picked":"Backflip","floor":8},{"not_picked":["Bane","Setup+1"],"picked":"Catalyst+1","floor":10},{"not_picked":["Outmaneuver+1","Bane"],"picked":"Noxious Fumes","floor":11},{"not_picked":["Dagger Throw","Dagger Spray"],"picked":"Footwork","floor":12}],"player_experience":1598638,"relics_obtained":[{"floor":8,"key":"Toxic Egg 2"},{"floor":9,"key":"Ornamental Fan"},{"floor":12,"key":"Dream Catcher"},{"floor":14,"key":"Pantograph"}],"event_choices":[{"cards_removed":["Strike_G"],"damage_healed":0,"gold_gain":0,"player_choice":"Card Removal","damage_taken":7,"max_hp_gain":0,"max_hp_loss":0,"event_name":"Golden Wing","floor":2,"gold_loss":0},{"damage_healed":0,"gold_gain":0,"player_choice":"Success","damage_taken":35,"relics_obtained":["Old Coin"],"max_hp_gain":0,"max_hp_loss":0,"event_name":"Scrap Ooze","floor":3,"gold_loss":0},{"damage_healed":0,"gold_gain":0,"player_choice":"Searched \u00270\u0027 times","damage_taken":0,"max_hp_gain":0,"max_hp_loss":0,"event_name":"Dead Adventurer","floor":13,"gold_loss":0}],"is_beta":false,"boss_relics":[],"items_purged_floors":[5],"is_endless":false,"potions_floor_spawned":[4,8,10,11],"killed_by":"Slime Boss","ascension_level":20}