{"gold_per_floor":[116,116,130,147,72,72,104,104,104,116,134,134,168,168,168,272,272,292,306,319,244,244,277,277,312,335,335,1,28,28,45,45,45],"floor_reached":33,"playtime":3538,"items_purged":[],"score":423,"play_id":"2b5ce363-75fc-417e-870c-896a2ea5d2fa","local_time":"20190416120349","is_ascension_mode":true,"campfire_choices":[{"data":"Sucker Punch","floor":6,"key":"SMITH"},{"data":"Adrenaline","floor":8,"key":"SMITH"},{"data":"Noxious Fumes","floor":12,"key":"SMITH"},{"data":"Accuracy","floor":15,"key":"SMITH"},{"floor":24,"key":"REST"},{"floor":27,"key":"REST"},{"floor":32,"key":"REST"}],"neow_cost":"NONE","seed_source_timestamp":213274593103326,"circlet_count":0,"master_deck":["Defend_G","Defend_G","Defend_G","Defend_G","Defend_G","Strike_G","Strike_G","Strike_G","Strike_G","Survivor","Neutralize+1","Noxious Fumes+1","Sucker Punch+1","Dagger Throw","Adrenaline+1","Deflect","Cloak And Dagger","Backflip","Accuracy+1","Storm of Steel","Acrobatics","Quick Slash","RitualDagger","Envenom","Footwork+1","Infinite Blades","Deadly Poison","Endless Agony","Accuracy"],"relics":["Ring of the Snake","Mummified Hand","Ninja Scroll","Matryoshka","WristBlade","Peace Pipe","StoneCalendar","Bottled Flame","Bag of Preparation","Bottled Tornado","Boot"],"potions_floor_usage":[7,20,25,31,33],"damage_taken":[{"damage":5,"enemies":"Small Slimes","floor":1,"turns":3},{"damage":2,"enemies":"Jaw Worm","floor":3,"turns":5},{"damage":0,"enemies":"2 Louse","floor":4,"turns":3},{"damage":18,"enemies":"Gremlin Nob","floor":7,"turns":4},{"damage":0,"enemies":"Blue Slaver","floor":10,"turns":3},{"damage":0,"enemies":"Large Slime","floor":11,"turns":3},{"damage":0,"enemies":"3 Sentries","floor":13,"turns":7},{"damage":22,"enemies":"The Guardian","floor":16,"turns":12},{"damage":2,"enemies":"Spheric Guardian","floor":18,"turns":3},{"damage":1,"enemies":"3 Byrds","floor":19,"turns":4},{"damage":0,"enemies":"Centurion and Healer","floor":20,"turns":4},{"damage":11,"enemies":"Slavers","floor":23,"turns":7},{"damage":39,"enemies":"Gremlin Leader","floor":25,"turns":6},{"damage":2,"enemies":"Book of Stabbing","floor":29,"turns":4},{"damage":15,"enemies":"Snake Plant","floor":31,"turns":5},{"damage":59,"enemies":"Champ","floor":33,"turns":6}],"seed_played":"-8790961712061368066","potions_obtained":[{"floor":1,"key":"SpeedPotion"},{"floor":4,"key":"GamblersBrew"},{"floor":10,"key":"SmokeBomb"},{"floor":16,"key":"LiquidBronze"},{"floor":19,"key":"AttackPotion"},{"floor":23,"key":"Energy Potion"},{"floor":29,"key":"Fire Potion"},{"floor":31,"key":"Explosive Potion"}],"is_trial":false,"path_per_floor":["M","?","M","M","$","R","E","R","T","M","M","R","E","?","R","B",null,"M","M","M","?","?","E","R","E","T","R","$","E","?","M","R","B"],"character_chosen":"THE_SILENT","items_purchased":["Adrenaline","Infinite Blades","Bottled Tornado","Deadly Poison"],"campfire_rested":3,"item_purchase_floors":[5,28,28,28],"current_hp_per_floor":[72,72,70,70,70,70,52,52,52,52,52,52,52,57,57,35,70,68,67,67,67,61,50,74,35,35,59,59,57,49,34,58,0],"gold":45,"neow_bonus":"TEN_PERCENT_HP_BONUS","is_prod":false,"is_daily":false,"chose_seed":false,"campfire_upgraded":4,"win_rate":0,"timestamp":1555441429,"path_taken":["M","?","M","M","$","R","E","R","T","M","M","R","E","?","R","BOSS","M","M","M","?","?","E","R","E","T","R","$","E","?","M","R","BOSS"],"build_version":"2019-01-23","purchased_purges":0,"victory":false,"max_hp_per_floor":[77,77,77,77,77,77,77,77,77,77,77,77,77,82,82,82,82,82,82,82,82,82,82,82,82,82,82,82,82,82,82,82,82],"card_choices":[{"not_picked":["Well Laid Plans","Heel Hook"],"picked":"Noxious Fumes","floor":1},{"not_picked":["Outmaneuver","Prepared"],"picked":"Sucker Punch","floor":3},{"not_picked":["Crippling Poison","Prepared"],"picked":"Dagger Throw","floor":4},{"not_picked":["Predator","All Out Attack"],"picked":"Deflect","floor":7},{"not_picked":["Skewer","Calculated Gamble"],"picked":"Cloak And Dagger","floor":10},{"not_picked":["Underhanded Strike","Sucker Punch"],"picked":"Backflip","floor":11},{"not_picked":["Malaise","Distraction"],"picked":"Accuracy","floor":13},{"not_picked":["Unload","Phantasmal Killer"],"picked":"Storm of Steel","floor":16},{"not_picked":["Bane","Caltrops"],"picked":"Acrobatics","floor":18},{"not_picked":["Deflect","Riddle With Holes"],"picked":"Quick Slash","floor":19},{"not_picked":["Poisoned Stab","Concentrate","Sucker Punch"],"picked":"SKIP","floor":20},{"not_picked":["Terror","Concentrate"],"picked":"Envenom","floor":23},{"not_picked":["Reflex","Poisoned Stab"],"picked":"Footwork+1","floor":25},{"not_picked":["Finisher+1","Bullet Time"],"picked":"Endless Agony","floor":29},{"not_picked":["Concentrate+1","Finisher"],"picked":"Accuracy","floor":31}],"player_experience":591133,"relics_obtained":[{"floor":7,"key":"Mummified Hand"},{"floor":9,"key":"Ninja Scroll"},{"floor":13,"key":"Matryoshka"},{"floor":23,"key":"Peace Pipe"},{"floor":25,"key":"StoneCalendar"},{"floor":26,"key":"Bottled Flame"},{"floor":26,"key":"Bag of Preparation"},{"floor":29,"key":"Boot"}],"event_choices":[{"damage_healed":0,"gold_gain":0,"player_choice":"Grow","damage_taken":0,"max_hp_gain":0,"max_hp_loss":0,"event_name":"Living Wall","floor":2,"gold_loss":0,"cards_upgraded":["Neutralize"]},{"damage_healed":0,"gold_gain":0,"player_choice":"Donut","damage_taken":0,"max_hp_gain":5,"max_hp_loss":0,"event_name":"Big Fish","floor":14,"gold_loss":0},{"cards_removed":["Strike_G"],"damage_healed":0,"gold_gain":0,"player_choice":"Gave Gold","damage_taken":0,"max_hp_gain":0,"max_hp_loss":0,"event_name":"Beggar","floor":21,"gold_loss":75},{"damage_healed":0,"gold_gain":0,"player_choice":"Joined the Cult","damage_taken":6,"max_hp_gain":0,"max_hp_loss":0,"event_name":"Nest","floor":22,"gold_loss":0,"cards_obtained":["RitualDagger"]},{"damage_healed":0,"gold_gain":0,"player_choice":"","damage_taken":8,"max_hp_gain":0,"max_hp_loss":0,"event_name":"Knowing Skull","floor":30,"potions_obtained":[],"gold_loss":0,"cards_obtained":[]}],"is_beta":false,"boss_relics":[{"not_picked":["Ring of the Serpent","Runic Dome"],"picked":"WristBlade"}],"items_purged_floors":[],"is_endless":false,"potions_floor_spawned":[1,4,10,16,19,23,29,31],"killed_by":"Champ","ascension_level":5}