{"gold_per_floor":[113,263,338,210,135,168,182,212,212,212,239,19,19,19,19,94,94,107,107,120,20,20,20,31,31,31,59,59,59,86,96,96,169,169,169],"floor_reached":35,"playtime":1756,"items_purged":["Doubt","Strike_B"],"score":964,"play_id":"33a443a7-ae86-430f-82b1-ca074ee8573e","local_time":"20190716092802","is_ascension_mode":true,"campfire_choices":[{"floor":10.0,"key":"REST"},{"data":"Defragment","floor":13.0,"key":"SMITH"},{"data":"Zap","floor":15.0,"key":"SMITH"},{"data":"Biased Cognition","floor":23.0,"key":"SMITH"},{"data":"Coolheaded","floor":25.0,"key":"SMITH"},{"floor":28.0,"key":"REST"},{"floor":32.0,"key":"REST"}],"neow_cost":"NONE","seed_source_timestamp":0,"circlet_count":0,"master_deck":["AscendersBane","Strike_B","Strike_B","Defend_B","Defend_B+1","Defend_B","Defend_B","Zap+1","Dualcast+1","Compile Driver","Sweeping Beam","Lockon","Defragment+1","Cold Snap","Hologram","Coolheaded+1","Biased Cognition+1","Conserve Battery","Ball Lightning","Blizzard+1","Glacier","Turbo+1","Loop","Echo Form"],"special_seed":0,"relics":["Cracked Core","NeowsBlessing","Mercury Hourglass","War Paint","Omamori","Mango","Happy Flower","Calipers","Runic Pyramid","WarpedTongs","Pantograph","Turnip","Sundial","Snecko Eye"],"potions_floor_usage":[],"damage_taken":[{"damage":0.0,"enemies":"Cultist","floor":1.0,"turns":1.0},{"damage":0.0,"enemies":"3 Sentries","floor":6.0,"turns":1.0},{"damage":0.0,"enemies":"Jaw Worm","floor":7.0,"turns":1.0},{"damage":25.0,"enemies":"Lagavulin","floor":8.0,"turns":6.0},{"damage":19.0,"enemies":"3 Sentries","floor":11.0,"turns":6.0},{"damage":0.0,"enemies":"The Guardian","floor":16.0,"turns":12.0},{"damage":17.0,"enemies":"Shell Parasite","floor":18.0,"turns":4.0},{"damage":19.0,"enemies":"2 Thieves","floor":20.0,"turns":3.0},{"damage":0.0,"enemies":"Centurion and Healer","floor":24.0,"turns":7.0},{"damage":33.0,"enemies":"Gremlin Leader","floor":27.0,"turns":5.0},{"damage":16.0,"enemies":"Slavers","floor":30.0,"turns":5.0},{"damage":0.0,"enemies":"Sentry and Sphere","floor":31.0,"turns":4.0},{"damage":42.0,"enemies":"Collector","floor":33.0,"turns":10.0},{"damage":17,"enemies":"3 Darklings","floor":35,"turns":2}],"seed_played":"-1915372139419996908","potions_obtained":[{"floor":1.0,"key":"Regen Potion"},{"floor":6.0,"key":"GamblersBrew"},{"floor":16.0,"key":"Poison Potion"},{"floor":20.0,"key":"Regen Potion"},{"floor":33.0,"key":"PowerPotion"}],"is_trial":false,"path_per_floor":["M","?","?","$","?","E","M","E","T","R","E","$","R","T","R","B",null,"M","?","M","$","?","R","M","R","T","E","R","$","E","M","R","B",null,"M"],"character_chosen":"DEFECT","items_purchased":["Sweeping Beam","Coolheaded","Happy Flower"],"campfire_rested":3,"item_purchase_floors":[4,12,12],"current_hp_per_floor":[64,64,53,53,53,53,53,28,28,49,44,44,44,44,44,44,75,58,58,39,39,39,39,39,39,39,6,31,31,15,15,40,38,73,56],"gold":169,"neow_bonus":"THREE_ENEMY_KILL","is_prod":false,"is_daily":false,"chose_seed":false,"campfire_upgraded":4,"win_rate":0,"timestamp":1563262082,"path_taken":["M","?","?","$","?","E","M","E","T","R","E","?","R","?","R","BOSS","M","?","?","$","?","R","M","R","T","E","R","$","E","?","R","BOSS","M"],"build_version":"2019-07-05","purchased_purges":2,"victory":false,"max_hp_per_floor":[71,71,71,71,71,71,71,71,71,71,85,85,85,85,85,85,85,85,85,85,85,85,85,85,85,85,85,85,85,85,85,85,85,85,85],"card_choices":[{"not_picked":["White Noise","Coolheaded"],"picked":"Compile Driver","floor":1.0},{"not_picked":["Beam Cell","BootSequence"],"picked":"Lockon","floor":6.0},{"not_picked":["Coolheaded","Conserve Battery"],"picked":"Defragment","floor":7.0},{"not_picked":["Gash","Loop"],"picked":"Cold Snap","floor":8.0},{"not_picked":["Scrape","Meteor Strike"],"picked":"Hologram","floor":11.0},{"not_picked":["Thunder Strike","Creative AI"],"picked":"Biased Cognition","floor":16.0},{"not_picked":["Redo","Reprogram"],"picked":"Conserve Battery","floor":18.0},{"not_picked":["Compile Driver","Hello World"],"picked":"Ball Lightning","floor":20.0},{"not_picked":["Beam Cell","Barrage"],"picked":"Blizzard+1","floor":24.0},{"not_picked":["Cold Snap","Defragment"],"picked":"Glacier","floor":27.0},{"not_picked":["Loop","Chill+1"],"picked":"Turbo+1","floor":30.0},{"not_picked":["Compile Driver","Reprogram"],"picked":"Loop","floor":31.0},{"not_picked":["All For One","Seek"],"picked":"Echo Form","floor":33.0}],"player_experience":1809056,"relics_obtained":[{"floor":6.0,"key":"Mercury Hourglass"},{"floor":8.0,"key":"War Paint"},{"floor":9.0,"key":"Omamori"},{"floor":11.0,"key":"Mango"},{"floor":14.0,"key":"Calipers"},{"floor":26.0,"key":"Pantograph"},{"floor":27.0,"key":"Turnip"},{"floor":30.0,"key":"Sundial"}],"event_choices":[{"damage_healed":0.0,"max_hp_gain":0.0,"max_hp_loss":0.0,"gold_gain":150.0,"event_name":"Liars Game","player_choice":"AGREE","floor":2.0,"gold_loss":0.0,"damage_taken":0.0,"cards_obtained":["Doubt"]},{"damage_healed":0.0,"max_hp_gain":0.0,"max_hp_loss":0.0,"gold_gain":75.0,"event_name":"World of Goop","player_choice":"Gather Gold","floor":3.0,"gold_loss":0.0,"damage_taken":11.0},{"cards_removed":["Strike_B"],"damage_healed":0.0,"max_hp_gain":0.0,"max_hp_loss":0.0,"gold_gain":0.0,"event_name":"The Cleric","player_choice":"Card Removal","floor":5.0,"gold_loss":75.0,"damage_taken":0.0},{"damage_healed":0.0,"max_hp_gain":0.0,"max_hp_loss":0.0,"gold_gain":0.0,"event_name":"Accursed Blacksmith","player_choice":"Rummage","floor":19.0,"gold_loss":0.0,"damage_taken":0.0,"relics_obtained":["WarpedTongs"],"cards_obtained":["Pain"]},{"damage_healed":0.0,"max_hp_gain":0.0,"max_hp_loss":0.0,"gold_gain":0.0,"event_name":"N\u0027loth","player_choice":"Ignored","floor":22.0,"gold_loss":0.0,"damage_taken":0.0}],"is_beta":false,"boss_relics":[{"not_picked":["Busted Crown","Runic Dome"],"picked":"Runic Pyramid"},{"not_picked":["Calling Bell","Velvet Choker"],"picked":"Snecko Eye"}],"items_purged_floors":[4,21],"is_endless":false,"potions_floor_spawned":[1,6,16,20,27,31,33],"killed_by":"3 Darklings","ascension_level":20}