{"gold_per_floor":[114,129,129,150,150,150,188,188,266,266,301,301,301,322,322,322],"floor_reached":16,"playtime":320,"items_purged":[],"score":216,"play_id":"a893fc80-9e55-4e12-b714-d8a428dbe80a","local_time":"20190920172937","is_ascension_mode":true,"campfire_choices":[{"data":"Predator","floor":6,"key":"SMITH"},{"data":"Poisoned Stab","floor":8,"key":"SMITH"},{"floor":10,"key":"REST"},{"data":"Neutralize","floor":12,"key":"SMITH"},{"data":"Leg Sweep","floor":15,"key":"SMITH"}],"neow_cost":"NONE","seed_source_timestamp":23631813490707,"circlet_count":0,"master_deck":["AscendersBane","Strike_G","Strike_G","Strike_G","Strike_G","Strike_G","Defend_G","Defend_G","Defend_G","Defend_G","Defend_G","Survivor+1","Neutralize+1","Poisoned Stab+1","Predator+1","PiercingWail+1","Flying Knee","Leg Sweep+1","PiercingWail"],"relics":["Ring of the Snake","NeowsBlessing","Golden Idol","Vajra","Happy Flower"],"potions_floor_usage":[7,16,16],"damage_taken":[{"damage":0,"enemies":"Cultist","floor":1,"turns":1},{"damage":0,"enemies":"Jaw Worm","floor":2,"turns":1},{"damage":0,"enemies":"2 Louse","floor":4,"turns":1},{"damage":34,"enemies":"Lagavulin","floor":7,"turns":7},{"damage":6,"enemies":"Gremlin Nob","floor":11,"turns":3},{"damage":4,"enemies":"Large Slime","floor":14,"turns":5},{"damage":36,"enemies":"Hexaghost","floor":16,"turns":15}],"seed_played":"7371714464874307963","potions_obtained":[{"floor":4,"key":"Regen Potion"},{"floor":7,"key":"SpeedPotion"},{"floor":14,"key":"Ancient Potion"}],"is_trial":false,"path_per_floor":["M","M","?","M","?","R","E","R","T","R","E","R","?","M","R","B"],"character_chosen":"THE_SILENT","items_purchased":[],"campfire_rested":1,"item_purchase_floors":[],"current_hp_per_floor":[59,59,59,59,41,41,22,22,22,40,34,34,39,35,35,0],"gold":322,"neow_bonus":"THREE_ENEMY_KILL","is_prod":false,"is_daily":false,"chose_seed":false,"campfire_upgraded":4,"win_rate":0,"timestamp":1568993377,"path_taken":["M","?","?","M","?","R","E","R","T","R","E","R","?","M","R","BOSS"],"build_version":"2019-09-19","purchased_purges":0,"victory":false,"max_hp_per_floor":[66,66,60,60,60,60,60,60,60,60,60,60,65,65,65,65],"card_choices":[{"not_picked":["Choke","Deflect"],"picked":"Poisoned Stab","floor":1},{"not_picked":["Blade Dance","Acrobatics"],"picked":"Predator","floor":2},{"not_picked":["Flying Knee","Blade Dance"],"picked":"PiercingWail","floor":4},{"not_picked":["Envenom","Deflect"],"picked":"Flying Knee","floor":7},{"not_picked":["Underhanded Strike","Eviscerate"],"picked":"Leg Sweep","floor":11},{"not_picked":["Flying Knee","Dagger Spray"],"picked":"PiercingWail","floor":14}],"player_experience":2084980,"relics_obtained":[{"floor":7,"key":"Vajra"},{"floor":11,"key":"Happy Flower"}],"event_choices":[{"damage_healed":0,"gold_gain":0,"player_choice":"Lose Max HP","damage_taken":0,"relics_obtained":["Golden Idol"],"max_hp_gain":0,"max_hp_loss":6,"event_name":"Golden Idol","floor":3,"gold_loss":0},{"damage_healed":0,"gold_gain":0,"player_choice":"Entered Light","damage_taken":18,"max_hp_gain":0,"max_hp_loss":0,"event_name":"Shining Light","floor":5,"gold_loss":0,"cards_upgraded":["PiercingWail","Survivor"]},{"damage_healed":0,"gold_gain":0,"player_choice":"Donut","damage_taken":0,"max_hp_gain":5,"max_hp_loss":0,"event_name":"Big Fish","floor":13,"gold_loss":0}],"is_beta":true,"boss_relics":[],"items_purged_floors":[],"is_endless":false,"potions_floor_spawned":[4,7,14],"killed_by":"Hexaghost","ascension_level":20}