{"gold_per_floor":[112,129,54,66,79,79,104,104,159,191,31,31,31,62,62,135,135,107,107,32,46,59,59,59],"floor_reached":24,"playtime":2150,"items_purged":["Normality"],"score":396,"play_id":"5b113e66-e649-4906-bb93-4590549a2305","local_time":"20181123222019","is_ascension_mode":true,"campfire_choices":[{"data":"Rage","floor":6,"key":"SMITH"},{"data":"Rampage","floor":8,"key":"SMITH"},{"data":"Disarm","floor":12,"key":"SMITH"},{"data":"Spot Weakness","floor":15,"key":"SMITH"},{"data":"Ghostly","floor":23,"key":"SMITH"}],"neow_cost":"CURSE","seed_source_timestamp":3906558140830,"circlet_count":0,"master_deck":["AscendersBane","Strike_R","Strike_R","Strike_R","Strike_R","Defend_R","Defend_R","Defend_R","Defend_R","Bash","Rage+1","Power Through","Spot Weakness+1","Rampage+1","Battle Trance","Disarm+1","Iron Wave","Demon Form+1","Shrug It Off","Ghostly+1","Ghostly","Ghostly","Shrug It Off","Sword Boomerang"],"relics":["Burning Blood","Torii","Question Card","Blood Vial","Vajra","Strawberry","Frozen Egg 2","Sozu"],"potions_floor_usage":[10,24],"damage_taken":[{"damage":7,"enemies":"Cultist","floor":1,"turns":4},{"damage":6,"enemies":"Jaw Worm","floor":2,"turns":6},{"damage":0,"enemies":"2 Louse","floor":4,"turns":3},{"damage":12,"enemies":"Exordium Wildlife","floor":5,"turns":5},{"damage":13,"enemies":"3 Sentries","floor":7,"turns":11},{"damage":29,"enemies":"Gremlin Nob","floor":10,"turns":5},{"damage":13,"enemies":"Lagavulin","floor":14,"turns":6},{"damage":18,"enemies":"The Guardian","floor":16,"turns":11},{"damage":8,"enemies":"2 Thieves","floor":18,"turns":4},{"damage":7,"enemies":"Chosen","floor":21,"turns":5},{"damage":24,"enemies":"Snake Plant","floor":22,"turns":6},{"damage":33,"enemies":"Gremlin Leader","floor":24,"turns":6}],"seed_played":"-5698101509456081736","potions_obtained":[{"floor":2,"key":"EssenceOfSteel"},{"floor":5,"key":"SpeedPotion"},{"floor":16,"key":"SkillPotion"}],"is_trial":false,"path_per_floor":["M","M","$","M","M","R","E","R","T","E","$","R","$","E","R","B",null,"M","?","?","M","M","R","E"],"character_chosen":"IRONCLAD","items_purchased":["Strawberry"],"campfire_rested":0,"item_purchase_floors":[11],"current_hp_per_floor":[67,67,67,73,67,67,60,60,60,39,46,46,46,41,41,31,69,69,41,41,40,23,23,0],"gold":59,"neow_bonus":"ONE_RARE_RELIC","is_prod":false,"is_daily":false,"chose_seed":false,"campfire_upgraded":5,"win_rate":0,"timestamp":1543008019,"path_taken":["M","M","$","M","?","R","E","R","T","E","?","R","$","E","R","BOSS","M","?","?","M","M","R","E"],"build_version":"2018-11-15","purchased_purges":1,"victory":false,"max_hp_per_floor":[75,75,75,75,75,75,75,75,75,75,82,82,82,82,82,82,82,82,41,41,41,41,41,41],"card_choices":[{"not_picked":["True Grit","Armaments"],"picked":"Rage","floor":1},{"not_picked":["Sever Soul","Heavy Blade"],"picked":"Power Through","floor":2},{"not_picked":["Pommel Strike","Sword Boomerang"],"picked":"Spot Weakness","floor":4},{"not_picked":["Sentinel","Headbutt"],"picked":"Rampage","floor":5},{"not_picked":["Seeing Red","True Grit"],"picked":"Battle Trance","floor":7},{"not_picked":["Heavy Blade","Armaments","Headbutt"],"picked":"Disarm","floor":10},{"not_picked":["Anger","True Grit","Reckless Charge"],"picked":"Iron Wave","floor":14},{"not_picked":["Berserk+1","Fiend Fire","Impervious"],"picked":"Demon Form+1","floor":16},{"not_picked":["Perfected Strike","Havoc+1","Body Slam"],"picked":"Shrug It Off","floor":18},{"not_picked":["Iron Wave+1","Clash","Thunderclap"],"picked":"Shrug It Off","floor":21},{"not_picked":["Warcry+1","Havoc","Seeing Red"],"picked":"Sword Boomerang","floor":22}],"player_experience":873952,"relics_obtained":[{"floor":7,"key":"Question Card"},{"floor":9,"key":"Blood Vial"},{"floor":10,"key":"Vajra"},{"floor":14,"key":"Frozen Egg 2"}],"event_choices":[{"damage_healed":0,"gold_gain":0,"player_choice":"Became a Ghost","damage_taken":0,"max_hp_gain":0,"max_hp_loss":41,"event_name":"Ghosts","floor":19,"gold_loss":0,"cards_obtained":["Ghostly","Ghostly","Ghostly"]},{"cards_removed":["Strike_R"],"damage_healed":0,"gold_gain":0,"player_choice":"Gave Gold","damage_taken":0,"max_hp_gain":0,"max_hp_loss":0,"event_name":"Beggar","floor":20,"gold_loss":75}],"is_beta":true,"boss_relics":[{"not_picked":["White Beast Statue","Black Blood"],"picked":"Sozu"}],"items_purged_floors":[3],"is_endless":false,"potions_floor_spawned":[2,5,7,16,18,22],"killed_by":"Gremlin Leader","ascension_level":17}