{"gold_per_floor":[110,110,35,0,23,23,36,36,36,75,98,98,166,179,179,273,273,297,79,98,98],"floor_reached":21,"playtime":587,"items_purged":["Injury"],"score":304,"play_id":"f6228f99-f77f-43ce-b238-fae60ab1515f","local_time":"20180929093739","is_ascension_mode":true,"campfire_choices":[{"data":"Dualcast","floor":6,"key":"SMITH"},{"data":"Sweeping Beam","floor":8,"key":"SMITH"},{"data":"White Noise","floor":12,"key":"SMITH"},{"floor":15,"key":"REST"}],"neow_cost":"NONE","seed_source_timestamp":3897667375113,"circlet_count":0,"master_deck":["Strike_B","Strike_B","Strike_B","Strike_B","Defend_B+1","Defend_B","Defend_B","Defend_B+1","Zap+1","Dualcast+1","AscendersBane","Sweeping Beam+1","Melter","Melter","Beam Cell","White Noise+1","Streamline","Electrodynamics","Sunder+1","Self Repair","Steam"],"relics":["Cracked Core","Golden Idol","Blood Vial","Regal Pillow","Nuclear Battery","War Paint"],"potions_floor_usage":[10],"damage_taken":[{"damage":3,"enemies":"Small Slimes","floor":1,"turns":3},{"damage":6,"enemies":"2 Louse","floor":5,"turns":2},{"damage":1,"enemies":"Cultist","floor":7,"turns":3},{"damage":31,"enemies":"Gremlin Nob","floor":10,"turns":4},{"damage":6,"enemies":"Looter","floor":11,"turns":2},{"damage":0,"enemies":"3 Louse","floor":14,"turns":2},{"damage":49,"enemies":"The Guardian","floor":16,"turns":11},{"damage":31,"enemies":"2 Thieves","floor":18,"turns":4},{"damage":22,"enemies":"3 Byrds","floor":20,"turns":4},{"damage":19,"enemies":"Shelled Parasite and Fungi","floor":21,"turns":2}],"seed_played":"-6008904909513373265","potions_obtained":[{"floor":1,"key":"SpeedPotion"},{"floor":14,"key":"FearPotion"},{"floor":18,"key":"Dexterity Potion"}],"is_trial":false,"path_per_floor":["M","?","$","?","M","R","M","R","T","E","M","R","?","M","R","B",null,"M","$","M"],"character_chosen":"DEFECT","items_purchased":["Self Repair","War Paint"],"campfire_rested":1,"item_purchase_floors":[19,19],"current_hp_per_floor":[61,61,61,61,55,55,54,54,54,25,21,21,21,23,59,12,56,27,27,14,0],"gold":98,"neow_bonus":"UPGRADE_CARD","is_prod":false,"is_daily":false,"chose_seed":false,"campfire_upgraded":3,"win_rate":0,"timestamp":1538206659,"path_taken":["M","?","$","?","M","R","?","R","T","E","M","R","?","M","R","BOSS","M","$","M","M"],"build_version":"2018-09-27","purchased_purges":1,"victory":false,"max_hp_per_floor":[71,71,71,71,71,71,71,71,71,71,71,71,71,71,71,71,71,71,71,71,71],"card_choices":[{"not_picked":["Aggregate","Rebound"],"picked":"Sweeping Beam","floor":1},{"not_picked":["Reinforced Body","Scrape"],"picked":"Melter","floor":5},{"not_picked":["Hologram","Capacitor"],"picked":"Melter","floor":7},{"not_picked":["Turbo","Chaos"],"picked":"Beam Cell","floor":10},{"not_picked":["Rebound","Redo"],"picked":"White Noise","floor":11},{"not_picked":["Barrage","Auto Shields"],"picked":"Streamline","floor":14},{"not_picked":["Echo Form","Buffer"],"picked":"Electrodynamics","floor":16},{"not_picked":["Cold Snap","Beam Cell"],"picked":"Sunder+1","floor":18},{"not_picked":["Redo","Streamline"],"picked":"Steam","floor":20}],"player_experience":556929,"relics_obtained":[{"floor":9,"key":"Blood Vial"},{"floor":10,"key":"Regal Pillow"}],"event_choices":[{"event_name":"Golden Idol","player_choice":"Take Wound","floor":2,"damage_taken":0},{"event_name":"World of Goop","player_choice":"Left","floor":4,"damage_taken":0},{"event_name":"Golden Wing","player_choice":"Gained Gold","floor":13,"damage_taken":0}],"is_beta":true,"boss_relics":[{"not_picked":["Coffee Dripper","Eternal Feather"],"picked":"Nuclear Battery"}],"items_purged_floors":[3],"is_endless":false,"potions_floor_spawned":[1,14,18,20],"killed_by":"Shelled Parasite and Fungi","ascension_level":14}