{"gold_per_floor":[112,112,130,140,65,65,80,112,161,237,260,272,284,296,308,320],"floor_reached":16,"playtime":474,"items_purged":[],"score":220,"play_id":"fe06cfc7-da69-4c20-8d06-9622575d4ef9","local_time":"20190318210938","is_ascension_mode":true,"campfire_choices":[{"data":"Noxious Fumes","floor":6,"key":"SMITH"},{"floor":12,"key":"REST"},{"floor":15,"key":"REST"}],"neow_cost":"NONE","seed_source_timestamp":45247130868175,"circlet_count":0,"master_deck":["AscendersBane","Defend_G","Defend_G","Defend_G","Defend_G","Defend_G","Strike_G","Strike_G","Strike_G","Strike_G","Survivor","Neutralize+1","Noxious Fumes+1","Bane","Poisoned Stab","Crippling Poison","Backstab","Calculated Gamble"],"relics":["Ring of the Snake","Bottled Lightning","MawBank","Tiny Chest","PreservedInsect","Golden Idol"],"potions_floor_usage":[8],"damage_taken":[{"damage":0,"enemies":"Cultist","floor":1,"turns":5},{"damage":1,"enemies":"Jaw Worm","floor":3,"turns":5},{"damage":0,"enemies":"2 Louse","floor":4,"turns":4},{"damage":0,"enemies":"2 Fungi Beasts","floor":7,"turns":5},{"damage":24,"enemies":"3 Sentries","floor":8,"turns":7},{"damage":24,"enemies":"Gremlin Nob","floor":10,"turns":4},{"damage":3,"enemies":"Looter","floor":11,"turns":4},{"damage":28,"enemies":"Hexaghost","floor":16,"turns":9}],"seed_played":"-161053378674036533","potions_obtained":[{"floor":1,"key":"SmokeBomb"},{"floor":3,"key":"Swift Potion"}],"is_trial":false,"path_per_floor":["M","?","M","M","?","R","M","E","T","E","M","R","?","?","R","B"],"character_chosen":"THE_SILENT","items_purchased":[],"campfire_rested":2,"item_purchase_floors":[],"current_hp_per_floor":[59,64,63,63,63,63,63,39,39,15,12,33,7,7,26,0],"gold":320,"neow_bonus":"UPGRADE_CARD","is_prod":false,"is_daily":false,"chose_seed":false,"campfire_upgraded":1,"win_rate":0,"timestamp":1552939778,"path_taken":["M","?","M","M","?","R","M","E","T","E","M","R","?","?","R","BOSS"],"build_version":"2019-01-23","purchased_purges":0,"victory":false,"max_hp_per_floor":[66,71,71,71,71,71,71,71,71,71,71,71,71,64,64,64],"card_choices":[{"not_picked":["Flying Knee","Crippling Poison"],"picked":"Noxious Fumes","floor":1},{"not_picked":["Expertise","Tactician","Outmaneuver"],"picked":"SKIP","floor":3},{"not_picked":["Tools of the Trade","Reflex"],"picked":"Bane","floor":4},{"not_picked":["Acrobatics","Sucker Punch"],"picked":"Poisoned Stab","floor":7},{"not_picked":["Dagger Throw","Poisoned Stab"],"picked":"Crippling Poison","floor":8},{"not_picked":["Caltrops","Expertise"],"picked":"Backstab","floor":10},{"not_picked":["Quick Slash","Underhanded Strike"],"picked":"Calculated Gamble","floor":11}],"player_experience":1437881,"relics_obtained":[{"floor":8,"key":"Bottled Lightning"},{"floor":9,"key":"MawBank"},{"floor":10,"key":"Tiny Chest"}],"event_choices":[{"damage_healed":0,"gold_gain":0,"player_choice":"Donut","damage_taken":0,"max_hp_gain":5,"max_hp_loss":0,"event_name":"Big Fish","floor":2,"gold_loss":0},{"cards_removed":["Strike_G"],"damage_healed":0,"gold_gain":0,"player_choice":"Card Removal","damage_taken":0,"max_hp_gain":0,"max_hp_loss":0,"event_name":"The Cleric","floor":5,"gold_loss":75},{"damage_healed":0,"gold_gain":0,"player_choice":"Success","damage_taken":26,"relics_obtained":["PreservedInsect"],"max_hp_gain":0,"max_hp_loss":0,"event_name":"Scrap Ooze","floor":13,"gold_loss":0},{"damage_healed":0,"gold_gain":0,"player_choice":"Lose Max HP","damage_taken":0,"relics_obtained":["Golden Idol"],"max_hp_gain":0,"max_hp_loss":7,"event_name":"Golden Idol","floor":14,"gold_loss":0}],"is_beta":false,"boss_relics":[],"items_purged_floors":[],"is_endless":false,"potions_floor_spawned":[1,3],"killed_by":"Hexaghost","ascension_level":20}