{"gold_per_floor":[113,21,21,21,21,21,54,54,77,109,123,135,163,163],"floor_reached":14,"playtime":355,"items_purged":[],"score":281,"play_id":"8331a393-107f-4bec-b32b-7a3a53331139","local_time":"20181019201558","is_ascension_mode":true,"campfire_choices":[{"data":"Defragment","floor":6.0,"key":"SMITH"},{"data":"Panacea","floor":8.0,"key":"SMITH"}],"neow_cost":"NONE","seed_source_timestamp":0,"circlet_count":0,"master_deck":["Strike_B","Strike_B","Strike_B","Strike_B","Defend_B","Defend_B+1","Defend_B","Zap+1","Dualcast","AscendersBane","Defragment+1","Panacea+1","Electrodynamics","Core Surge","Leap","FTL","Glacier"],"special_seed":0,"relics":["Cracked Core","NeowsBlessing","Bronze Scales","Happy Flower","Regal Pillow","Juzu Bracelet"],"potions_floor_usage":[14],"damage_taken":[{"damage":0.0,"enemies":"Small Slimes","floor":1.0,"turns":1.0},{"damage":0.0,"enemies":"Gremlin Nob","floor":7.0,"turns":1.0},{"damage":0.0,"enemies":"3 Sentries","floor":10.0,"turns":1.0},{"damage":12.0,"enemies":"Jaw Worm","floor":11.0,"turns":2.0},{"damage":0.0,"enemies":"Cultist","floor":12.0,"turns":3.0},{"damage":19.0,"enemies":"Lagavulin","floor":13.0,"turns":4.0},{"damage":20,"enemies":"Exordium Thugs","floor":14,"turns":1}],"seed_played":"-4695602134382571338","potions_obtained":[{"floor":1.0,"key":"SteroidPotion"},{"floor":12.0,"key":"EssenceOfSteel"},{"floor":13.0,"key":"SpeedPotion"}],"is_trial":false,"path_per_floor":["M","$","?","$","?","R","E","R","T","E","M","M","E"],"character_chosen":"DEFECT","items_purchased":["Panacea"],"campfire_rested":0,"item_purchase_floors":[2],"current_hp_per_floor":[64,64,43,43,43,43,43,43,43,43,31,31,12,0],"gold":163,"neow_bonus":"THREE_ENEMY_KILL","is_prod":false,"is_daily":false,"chose_seed":false,"campfire_upgraded":2,"win_rate":0,"timestamp":1539972958,"path_taken":["M","$","?","$","?","R","E","R","T","E","?","M","E","M"],"build_version":"2018-10-18","purchased_purges":0,"victory":false,"max_hp_per_floor":[71,71,71,71,71,71,71,71,71,71,71,71,71,71],"card_choices":[{"not_picked":["Capacitor","Hello World"],"picked":"Defragment","floor":1.0},{"not_picked":["Skim","Coolheaded"],"picked":"Electrodynamics","floor":7.0},{"not_picked":["Leap","Conserve Battery"],"picked":"Core Surge","floor":10.0},{"not_picked":["Rebound","Recycle"],"picked":"Leap","floor":11.0},{"not_picked":["Sweeping Beam","Steam"],"picked":"FTL","floor":12.0},{"not_picked":["Sunder","Amplify"],"picked":"Glacier","floor":13.0}],"player_experience":659433,"relics_obtained":[{"floor":7.0,"key":"Bronze Scales"},{"floor":9.0,"key":"Happy Flower"},{"floor":10.0,"key":"Regal Pillow"},{"floor":13.0,"key":"Juzu Bracelet"}],"event_choices":[{"damage_healed":0.0,"max_hp_gain":0.0,"max_hp_loss":0.0,"gold_gain":0.0,"event_name":"Shining Light","player_choice":"Entered Light","floor":3.0,"gold_loss":0.0,"damage_taken":21.0,"cards_upgraded":["Defend_B","Zap"]},{"cards_removed":["Defend_B"],"damage_healed":0.0,"max_hp_gain":0.0,"max_hp_loss":0.0,"gold_gain":0.0,"event_name":"Bonfire Elementals","player_choice":"Offered Basic","floor":5.0,"gold_loss":0.0,"damage_taken":0.0}],"is_beta":true,"boss_relics":[],"items_purged_floors":[],"is_endless":false,"potions_floor_spawned":[1,12,13],"killed_by":"Exordium Thugs","ascension_level":16}