{"gold_per_floor":[19,19,29,39,39,68,117,145,169,200,200,165,175,202,202,278,278,292,292,292,292,305,305,340,340,340,353,382,382,392,422,422,422],"floor_reached":33,"playtime":1169,"items_purged":[],"score":662,"play_id":"aa742607-1801-4f2d-968b-fdd9224ec336","local_time":"20190412202403","is_ascension_mode":true,"campfire_choices":[{"data":"Darkness","floor":15,"key":"SMITH"},{"data":"Zap","floor":23,"key":"SMITH"},{"floor":29,"key":"REST"},{"data":"Ghostly","floor":32,"key":"SMITH"}],"neow_cost":"NO_GOLD","seed_source_timestamp":35205723754969,"circlet_count":0,"master_deck":["AscendersBane","Strike_B+1","Defend_B+1","Defend_B+1","Defend_B+1","Defend_B+1","Zap+1","Dualcast","Electrodynamics+1","Rebound","Capacitor","Hologram","Coolheaded","Conserve Battery","Self Repair","Glacier","Doom and Gloom","Darkness+1","Fission+1","Barrage+1","Stack+1","Creative AI+1","Ball Lightning","Glacier","Coolheaded","Ghostly+1","Ghostly","Ghostly","Heatsinks+1","Coolheaded"],"relics":["Cracked Core","Orichalcum","Bag of Marbles","Smiling Mask","DataDisk","Juzu Bracelet","Blood Vial","Astrolabe","Bag of Preparation","Frozen Egg 2","FossilizedHelix","Cables"],"potions_floor_usage":[10,16,24,28,33],"damage_taken":[{"damage":0,"enemies":"Cultist","floor":1,"turns":3},{"damage":0,"enemies":"2 Louse","floor":3,"turns":2},{"damage":5,"enemies":"Jaw Worm","floor":4,"turns":4},{"damage":32,"enemies":"Lagavulin","floor":6,"turns":11},{"damage":13,"enemies":"3 Sentries","floor":8,"turns":3},{"damage":2,"enemies":"Gremlin Nob","floor":10,"turns":3},{"damage":13,"enemies":"Exordium Thugs","floor":13,"turns":4},{"damage":4,"enemies":"3 Sentries","floor":14,"turns":2},{"damage":32,"enemies":"Hexaghost","floor":16,"turns":12},{"damage":22,"enemies":"2 Thieves","floor":18,"turns":4},{"damage":15,"enemies":"3 Byrds","floor":22,"turns":4},{"damage":14,"enemies":"Slavers","floor":24,"turns":2},{"damage":0,"enemies":"Cultist and Chosen","floor":27,"turns":5},{"damage":25,"enemies":"Book of Stabbing","floor":28,"turns":7},{"damage":4,"enemies":"Centurion and Healer","floor":30,"turns":6},{"damage":12,"enemies":"Slavers","floor":31,"turns":6},{"damage":25,"enemies":"Collector","floor":33,"turns":8}],"seed_played":"7089845348618489684","potions_obtained":[{"floor":8,"key":"PowerPotion"},{"floor":10,"key":"Weak Potion"},{"floor":13,"key":"Poison Potion"},{"floor":16,"key":"Dexterity Potion"},{"floor":22,"key":"Fire Potion"},{"floor":27,"key":"Strength Potion"},{"floor":30,"key":"Fire Potion"}],"is_trial":false,"path_per_floor":["M","?","M","M","?","E","T","E","T","E","?","?","M","E","R","B",null,"M","?","?","?","M","R","E","?","T","M","E","R","M","E","R","B"],"character_chosen":"DEFECT","items_purchased":[],"campfire_rested":1,"item_purchase_floors":[],"current_hp_per_floor":[64,64,64,59,59,27,27,14,14,19,19,36,30,33,33,10,56,43,43,43,57,44,44,32,32,32,34,17,27,25,15,15,0],"gold":422,"neow_bonus":"THREE_RARE_CARDS","is_prod":false,"is_daily":false,"chose_seed":false,"campfire_upgraded":3,"win_rate":0,"timestamp":1555093443,"path_taken":["M","?","M","?","?","E","?","E","T","E","?","?","M","E","R","BOSS","M","?","?","?","M","R","E","?","T","M","E","R","M","E","R","BOSS"],"build_version":"2019-01-23","purchased_purges":0,"victory":false,"max_hp_per_floor":[71,71,71,71,71,71,71,71,71,71,71,71,71,71,71,71,71,71,71,71,71,71,71,71,35,35,35,35,35,35,35,35,35],"card_choices":[{"not_picked":["Machine Learning","Fission"],"picked":"Electrodynamics","floor":0},{"not_picked":["Streamline","Turbo"],"picked":"Rebound","floor":1},{"not_picked":["Sweeping Beam","Melter"],"picked":"Coolheaded","floor":3},{"not_picked":["Stack","Leap"],"picked":"Conserve Battery","floor":4},{"not_picked":["Rebound","Conserve Battery"],"picked":"Self Repair","floor":6},{"not_picked":["Static Discharge","BootSequence"],"picked":"Glacier","floor":8},{"not_picked":["Go for the Eyes","Rip and Tear","Hologram"],"picked":"SKIP","floor":10},{"not_picked":["Ball Lightning","Rip and Tear"],"picked":"Doom and Gloom","floor":13},{"not_picked":["Creative AI","Gash"],"picked":"Darkness","floor":14},{"not_picked":["Hyperbeam","Seek"],"picked":"Fission","floor":16},{"not_picked":["Tempest","Stack"],"picked":"Ball Lightning","floor":18},{"not_picked":["Sunder","Melter"],"picked":"Glacier","floor":22},{"not_picked":["Stack","Barrage+1"],"picked":"Coolheaded","floor":24},{"not_picked":["Hologram","Streamline","Gash"],"picked":"SKIP","floor":27},{"not_picked":["Seek","Rip and Tear+1"],"picked":"Heatsinks+1","floor":28},{"not_picked":["Self Repair+1","Beam Cell+1"],"picked":"Coolheaded","floor":30},{"not_picked":["Genetic Algorithm","Rebound","Barrage"],"picked":"SKIP","floor":31}],"player_experience":1592738,"relics_obtained":[{"floor":6,"key":"Orichalcum"},{"floor":7,"key":"Bag of Marbles"},{"floor":8,"key":"Smiling Mask"},{"floor":9,"key":"DataDisk"},{"floor":10,"key":"Juzu Bracelet"},{"floor":14,"key":"Blood Vial"},{"floor":24,"key":"Bag of Preparation"},{"floor":26,"key":"Frozen Egg 2"},{"floor":28,"key":"FossilizedHelix"},{"floor":31,"key":"Cables"}],"event_choices":[{"damage_healed":0,"gold_gain":0,"player_choice":"2 cards matched","damage_taken":0,"max_hp_gain":0,"max_hp_loss":0,"event_name":"Match and Keep!","floor":2,"gold_loss":0,"cards_obtained":["Capacitor","Hologram"]},{"damage_healed":0,"gold_gain":0,"player_choice":"Grow","damage_taken":0,"max_hp_gain":0,"max_hp_loss":0,"event_name":"Living Wall","floor":5,"gold_loss":0,"cards_upgraded":["Electrodynamics"]},{"damage_healed":0,"gold_gain":0,"player_choice":"Ignored","damage_taken":0,"max_hp_gain":0,"max_hp_loss":0,"event_name":"Shining Light","floor":11,"gold_loss":0},{"damage_healed":17,"gold_gain":0,"player_choice":"Healed","damage_taken":0,"max_hp_gain":0,"max_hp_loss":0,"event_name":"The Cleric","floor":12,"gold_loss":35},{"damage_healed":0,"gold_gain":0,"player_choice":"Simplicity","damage_taken":0,"max_hp_gain":0,"max_hp_loss":0,"event_name":"Back to Basics","floor":19,"gold_loss":0,"cards_upgraded":["Strike_B","Defend_B","Defend_B","Defend_B","Defend_B"]},{"damage_healed":0,"gold_gain":0,"player_choice":"Upgraded","damage_taken":0,"max_hp_gain":0,"max_hp_loss":0,"event_name":"Upgrade Shrine","floor":20,"gold_loss":0,"cards_upgraded":["Fission"]},{"damage_healed":14,"gold_gain":0,"player_choice":"Heal","damage_taken":0,"max_hp_gain":0,"max_hp_loss":0,"event_name":"The Library","floor":21,"gold_loss":0},{"damage_healed":0,"gold_gain":0,"player_choice":"Became a Ghost","damage_taken":0,"max_hp_gain":0,"max_hp_loss":36,"event_name":"Ghosts","floor":25,"gold_loss":0,"cards_obtained":["Ghostly","Ghostly","Ghostly"]}],"is_beta":false,"boss_relics":[{"not_picked":["Nuclear Battery","Runic Dome"],"picked":"Astrolabe"}],"items_purged_floors":[],"is_endless":false,"potions_floor_spawned":[8,10,13,16,22,27,30,31],"killed_by":"Collector","ascension_level":20}