{"gold_per_floor":[17,69,85,103,118,118,130,130,157,167,199,211,211,222,222,222],"floor_reached":16,"playtime":476,"items_purged":[],"score":184,"play_id":"72c0f561-6d65-49be-aa8f-ae85fb79253c","local_time":"20180916160532","is_ascension_mode":true,"campfire_choices":[{"data":"Armaments","floor":6.0,"key":"SMITH"},{"data":"Searing Blow","floor":8.0,"key":"SMITH"},{"data":"Searing Blow+1","floor":13.0,"key":"SMITH"},{"data":"Searing Blow+2","floor":15.0,"key":"SMITH"}],"neow_cost":"NO_GOLD","seed_source_timestamp":0,"circlet_count":0,"master_deck":["Strike_R","Strike_R","Strike_R","Strike_R","Strike_R","Defend_R","Defend_R","Defend_R","Defend_R","Bash","AscendersBane","Armaments+1","Battle Trance","Searing Blow+3","Clash","Iron Wave","Corruption","Flame Barrier"],"special_seed":0,"relics":["Burning Blood","Dream Catcher","Strawberry","Omamori"],"potions_floor_usage":[16],"damage_taken":[{"damage":6.0,"enemies":"Cultist","floor":1.0,"turns":4.0},{"damage":5.0,"enemies":"2 Louse","floor":3.0,"turns":4.0},{"damage":0.0,"enemies":"Small Slimes","floor":4.0,"turns":3.0},{"damage":7.0,"enemies":"Looter","floor":5.0,"turns":4.0},{"damage":6.0,"enemies":"Blue Slaver","floor":7.0,"turns":5.0},{"damage":0.0,"enemies":"Large Slime","floor":10.0,"turns":4.0},{"damage":59.0,"enemies":"Gremlin Nob","floor":11.0,"turns":5.0},{"damage":16.0,"enemies":"2 Fungi Beasts","floor":12.0,"turns":4.0},{"damage":15.0,"enemies":"Exordium Wildlife","floor":14.0,"turns":5.0},{"damage":34,"enemies":"Slime Boss","floor":16,"turns":7}],"seed_played":"-2017840116217856407","potions_obtained":[{"floor":4.0,"key":"GamblersBrew"},{"floor":10.0,"key":"Swift Potion"},{"floor":11.0,"key":"SkillPotion"}],"is_trial":false,"path_per_floor":["M","T","M","M","M","R","M","R","T","M","E","M","R","M","R"],"character_chosen":"IRONCLAD","items_purchased":[],"campfire_rested":0,"item_purchase_floors":[],"current_hp_per_floor":[88,88,89,95,94,94,94,94,101,103,50,40,40,31,31,0],"gold":222,"neow_bonus":"TWENTY_PERCENT_HP_BONUS","is_prod":false,"is_daily":false,"chose_seed":false,"campfire_upgraded":4,"win_rate":0,"timestamp":1537106732,"path_taken":["M","?","M","M","M","R","M","R","T","M","E","M","R","M","R","BOSS"],"build_version":"2018-09-12","purchased_purges":0,"victory":false,"max_hp_per_floor":[96,96,96,96,96,96,96,96,103,103,103,103,103,103,103,103],"card_choices":[{"not_picked":["Thunderclap","Disarm"],"picked":"Armaments","floor":1.0},{"not_picked":["True Grit","Clothesline"],"picked":"Battle Trance","floor":3.0},{"not_picked":["Rage","Inflame"],"picked":"Searing Blow","floor":4.0},{"not_picked":["Infernal Blade","Twin Strike","Intimidate"],"picked":"SKIP","floor":5.0},{"not_picked":["Sever Soul","Evolve"],"picked":"Clash","floor":7.0},{"not_picked":["Searing Blow","Flex"],"picked":"Iron Wave","floor":10.0},{"not_picked":["Flex","Clothesline"],"picked":"Corruption","floor":11.0},{"not_picked":["Combust","Sword Boomerang","Burning Pact"],"picked":"SKIP","floor":12.0},{"not_picked":["Ghostly Armor","Disarm"],"picked":"Flame Barrier","floor":14.0}],"player_experience":445767,"relics_obtained":[{"floor":2.0,"key":"Dream Catcher"},{"floor":9.0,"key":"Strawberry"},{"floor":11.0,"key":"Omamori"}],"event_choices":[],"is_beta":true,"boss_relics":[],"items_purged_floors":[],"is_endless":false,"potions_floor_spawned":[4,10,11,12,14],"killed_by":"Slime Boss","ascension_level":10}