{"gold_per_floor":[114,130,149,149,149,149,179,179,179,197,207,207],"floor_reached":12,"playtime":278,"items_purged":[],"score":160,"play_id":"cf9bc75b-0bc7-4c12-b418-76a4fb5ffa74","local_time":"20190723230155","is_ascension_mode":true,"campfire_choices":[{"floor":6.0,"key":"REST"},{"floor":8,"key":"REST"}],"neow_cost":"TEN_PERCENT_HP_LOSS","seed_source_timestamp":48093967447474,"circlet_count":0,"master_deck":["AscendersBane","Strike_R","Strike_R","Strike_R","Strike_R+1","Strike_R","Defend_R","Defend_R+1","Defend_R","Defend_R","Bash+1","Clothesline","Anger+1","Immolate","Ghostly Armor","Headbutt"],"special_seed":0,"relics":["Burning Blood","Shovel","Ice Cream","Whetstone","Kunai"],"potions_floor_usage":[12],"damage_taken":[{"damage":6.0,"enemies":"Cultist","floor":1.0,"turns":3.0},{"damage":9.0,"enemies":"Jaw Worm","floor":2.0,"turns":4.0},{"damage":7.0,"enemies":"2 Louse","floor":3.0,"turns":3.0},{"damage":32.0,"enemies":"Gremlin Nob","floor":7.0,"turns":4.0},{"damage":24,"enemies":"Exordium Thugs","floor":10,"turns":4},{"damage":0,"enemies":"2 Fungi Beasts","floor":11,"turns":2},{"damage":22,"enemies":"Lagavulin","floor":12,"turns":6}],"seed_played":"-3109982414181625340","potions_obtained":[{"floor":7,"key":"Dexterity Potion"},{"floor":10,"key":"BloodPotion"}],"is_trial":false,"path_per_floor":["M","M","M","?","?","R","E","R","T","M","M","E"],"character_chosen":"IRONCLAD","items_purchased":[],"campfire_rested":2,"item_purchase_floors":[],"current_hp_per_floor":[68,65,64,44,18,38,12,32,32,14,20,0],"gold":207,"neow_bonus":"ONE_RARE_RELIC","is_prod":false,"is_daily":false,"chose_seed":false,"campfire_upgraded":0,"win_rate":0,"timestamp":1563915715,"path_taken":["M","M","M","?","?","R","E","R","T","M","M","E"],"build_version":"2019-07-17","purchased_purges":0,"victory":false,"max_hp_per_floor":[68,68,68,68,68,68,68,68,68,68,68,68],"card_choices":[{"not_picked":["Headbutt","Flex"],"picked":"Clothesline","floor":1.0},{"not_picked":["Heavy Blade","Warcry"],"picked":"Anger","floor":2.0},{"not_picked":["Wild Strike","Clothesline","Sever Soul"],"picked":"SKIP","floor":3.0},{"not_picked":["Carnage","Dual Wield"],"picked":"Immolate","floor":7},{"not_picked":["True Grit","Burning Pact"],"picked":"Ghostly Armor","floor":10},{"not_picked":["Metallicize","Fire Breathing"],"picked":"Headbutt","floor":11}],"player_experience":1831089,"relics_obtained":[{"floor":7,"key":"Whetstone"},{"floor":9,"key":"Kunai"}],"event_choices":[{"damage_healed":0.0,"max_hp_gain":0.0,"max_hp_loss":0.0,"gold_gain":0.0,"event_name":"Shining Light","player_choice":"Entered Light","floor":4.0,"gold_loss":0.0,"damage_taken":20.0,"cards_upgraded":["Anger","Defend_R"]},{"damage_healed":0.0,"max_hp_gain":0.0,"max_hp_loss":0.0,"gold_gain":0.0,"event_name":"Scrap Ooze","player_choice":"Success","floor":5.0,"gold_loss":0.0,"damage_taken":26.0,"relics_obtained":["Ice Cream"]}],"is_beta":false,"boss_relics":[],"items_purged_floors":[],"is_endless":false,"potions_floor_spawned":[7,10],"killed_by":"Lagavulin","ascension_level":20}