{"gold_per_floor":[114,114,139,154,168,168,206,206,232,232,268,291,316,37,37,133,133,153,177,177,3,3,42,42,86,112,135,185,185],"floor_reached":29,"playtime":938,"items_purged":[],"score":606,"play_id":"51732c32-b881-4b48-a725-2c44c898cfd4","local_time":"20181026004516","is_ascension_mode":true,"campfire_choices":[{"data":"Genetic Algorithm","floor":6,"key":"SMITH"},{"data":"Electrodynamics","floor":8,"key":"SMITH"},{"data":"Zap","floor":10,"key":"SMITH"},{"data":"Dualcast","floor":15,"key":"SMITH"}],"neow_cost":"NONE","seed_source_timestamp":59929681989163,"circlet_count":0,"master_deck":["Defend_B","Defend_B","Defend_B","Zap+1","Dualcast+1","AscendersBane","Cold Snap","Genetic Algorithm+1","Core Surge","Gash","Electrodynamics+1","Sunder","Ball Lightning","Skim","Core Surge","FTL","Sweeping Beam","Bite","Bite","Bite","Bite","Bite","Buffer","BootSequence","Double Energy+1"],"relics":["Cracked Core","Golden Idol","Happy Flower","Bronze Scales","Mercury Hourglass","Runic Dome","Turnip","Bag of Marbles","Pen Nib"],"potions_floor_usage":[7,7,11,16,29],"damage_taken":[{"damage":1,"enemies":"2 Louse","floor":1,"turns":3},{"damage":0,"enemies":"Small Slimes","floor":3,"turns":3},{"damage":0,"enemies":"Cultist","floor":4,"turns":3},{"damage":1,"enemies":"2 Fungi Beasts","floor":5,"turns":4},{"damage":12,"enemies":"3 Sentries","floor":7,"turns":9},{"damage":14,"enemies":"Gremlin Nob","floor":11,"turns":3},{"damage":18,"enemies":"Large Slime","floor":12,"turns":4},{"damage":0,"enemies":"3 Louse","floor":13,"turns":1},{"damage":0,"enemies":"Slime Boss","floor":16,"turns":5},{"damage":14,"enemies":"Shell Parasite","floor":18,"turns":3},{"damage":0,"enemies":"3 Byrds","floor":19,"turns":2},{"damage":14,"enemies":"Gremlin Leader","floor":23,"turns":5},{"damage":42,"enemies":"Book of Stabbing","floor":25,"turns":5},{"damage":6,"enemies":"3 Cultists","floor":27,"turns":3},{"damage":22,"enemies":"Sentry and Sphere","floor":29,"turns":3}],"seed_played":"-2502043833340720575","potions_obtained":[{"floor":1,"key":"EssenceOfSteel"},{"floor":3,"key":"Swift Potion"},{"floor":7,"key":"Poison Potion"},{"floor":13,"key":"AttackPotion"},{"floor":19,"key":"Dexterity Potion"}],"is_trial":false,"path_per_floor":["M","?","M","M","M","R","E","R","T","R","E","M","M","$","R","B",null,"M","M","?","$","?","E","$","E","T","M","?"],"character_chosen":"DEFECT","items_purchased":["Mercury Hourglass","Buffer"],"campfire_rested":0,"item_purchase_floors":[14,21],"current_hp_per_floor":[70,70,70,70,69,69,57,57,57,57,43,27,29,29,29,31,61,49,51,51,51,51,47,47,9,9,9,9,0],"gold":185,"neow_bonus":"TEN_PERCENT_HP_BONUS","is_prod":false,"is_daily":false,"chose_seed":false,"campfire_upgraded":4,"win_rate":0,"timestamp":1540507516,"path_taken":["M","?","M","M","M","R","E","R","T","R","E","M","M","$","R","BOSS","M","?","?","$","?","E","?","E","T","M","?","M"],"build_version":"2018-10-25v2","purchased_purges":0,"victory":false,"max_hp_per_floor":[78,71,71,71,71,71,71,71,71,71,71,71,71,71,71,71,71,71,71,71,71,71,71,71,71,71,71,71,71],"card_choices":[{"not_picked":["Reprogram","Go for the Eyes"],"picked":"Cold Snap","floor":1},{"not_picked":["Streamline","Go for the Eyes"],"picked":"Genetic Algorithm","floor":3},{"not_picked":["Go for the Eyes","Turbo"],"picked":"Core Surge","floor":4},{"not_picked":["Hologram","Aggregate"],"picked":"Gash","floor":5},{"not_picked":["Go for the Eyes","Hyperbeam"],"picked":"Electrodynamics","floor":7},{"not_picked":["Reinforced Body","Streamline"],"picked":"Sunder","floor":11},{"not_picked":["Reprogram","Turbo"],"picked":"Ball Lightning","floor":12},{"not_picked":["Leap","Heatsinks"],"picked":"Skim","floor":13},{"not_picked":["Meteor Strike","Hyperbeam"],"picked":"Core Surge","floor":16},{"not_picked":["Ball Lightning","Barrage+1"],"picked":"FTL","floor":18},{"not_picked":["Doom and Gloom","Hello World"],"picked":"Sweeping Beam","floor":19},{"not_picked":["Undo","Stack","Force Field+1"],"picked":"SKIP","floor":23},{"not_picked":["Ball Lightning","Compile Driver"],"picked":"BootSequence","floor":25},{"not_picked":["Consume","Ball Lightning+1"],"picked":"Double Energy+1","floor":27}],"player_experience":679755,"relics_obtained":[{"floor":7,"key":"Happy Flower"},{"floor":9,"key":"Bronze Scales"},{"floor":11,"key":"Blood Vial"},{"floor":23,"key":"Turnip"},{"floor":25,"key":"Bag of Marbles"},{"floor":26,"key":"Pen Nib"}],"event_choices":[{"damage_healed":0,"gold_gain":0,"player_choice":"Lose Max HP","damage_taken":0,"relics_obtained":["Golden Idol"],"max_hp_gain":0,"max_hp_loss":7,"event_name":"Golden Idol","floor":2,"gold_loss":0},{"damage_healed":0,"gold_gain":0,"player_choice":"Became a vampire (Vial)","damage_taken":0,"max_hp_gain":0,"max_hp_loss":0,"event_name":"Vampires","floor":20,"relics_lost":["Blood Vial"],"gold_loss":0,"cards_obtained":["Bite","Bite","Bite","Bite","Bite"]},{"cards_removed":["Defend_B"],"damage_healed":0,"gold_gain":0,"player_choice":"Elegance","damage_taken":0,"max_hp_gain":0,"max_hp_loss":0,"event_name":"Back to Basics","floor":22,"gold_loss":0},{"damage_healed":0,"gold_gain":100,"player_choice":"Pray","damage_taken":0,"max_hp_gain":0,"max_hp_loss":0,"event_name":"Golden Shrine","floor":28,"gold_loss":0}],"is_beta":true,"boss_relics":[{"not_picked":["Tiny House","Snecko Eye"],"picked":"Runic Dome"}],"items_purged_floors":[],"is_endless":false,"potions_floor_spawned":[1,3,7,13,19],"killed_by":"Sentry and Sphere","ascension_level":16}