{"gold_per_floor":[110,110,110,110,135,135,169,169,252,252,123,158,121,160,160,160],"floor_reached":16,"playtime":379,"items_purged":["Strike_G"],"score":278,"play_id":"64573ace-0235-4a57-9c54-0fd6be4b8a39","local_time":"20190207223550","is_ascension_mode":true,"campfire_choices":[{"data":"Neutralize","floor":6,"key":"SMITH"},{"data":"Dash","floor":8,"key":"SMITH"},{"data":"Dagger Spray","floor":10,"key":"SMITH"},{"data":"Infinite Blades","floor":15,"key":"SMITH"}],"neow_cost":"NONE","seed_source_timestamp":44867686200675,"circlet_count":0,"master_deck":["AscendersBane","Defend_G","Defend_G","Defend_G","Defend_G","Defend_G","Strike_G","Strike_G","Strike_G","Strike_G","Survivor","Neutralize+1","Dash+1","PiercingWail","Dagger Spray+1","Poisoned Stab","Infinite Blades+1","PiercingWail"],"relics":["Ring of the Snake","NeowsBlessing","Art of War","Golden Idol","Strawberry","Tiny Chest","Unceasing Top","FossilizedHelix"],"potions_floor_usage":[14,16],"damage_taken":[{"damage":0,"enemies":"2 Louse","floor":1,"turns":1},{"damage":0,"enemies":"Jaw Worm","floor":5,"turns":1},{"damage":0,"enemies":"Gremlin Nob","floor":7,"turns":1},{"damage":10,"enemies":"3 Sentries","floor":12,"turns":8},{"damage":30,"enemies":"Gremlin Nob","floor":14,"turns":4},{"damage":13,"enemies":"Hexaghost","floor":16,"turns":11}],"seed_played":"2900331631268201377","potions_obtained":[{"floor":1,"key":"Fire Potion"},{"floor":7,"key":"PowerPotion"}],"is_trial":false,"path_per_floor":["M","?","?","?","M","R","E","R","T","R","$","E","$","E","R","B"],"character_chosen":"THE_SILENT","items_purchased":["Poisoned Stab","Infinite Blades"],"campfire_rested":0,"item_purchase_floors":[11,13],"current_hp_per_floor":[59,24,24,44,44,44,51,51,51,51,51,41,41,11,11,0],"gold":160,"neow_bonus":"THREE_ENEMY_KILL","is_prod":false,"is_daily":false,"chose_seed":false,"campfire_upgraded":4,"win_rate":0,"timestamp":1549575350,"path_taken":["M","?","?","?","M","R","E","R","T","R","?","E","$","E","R","BOSS"],"build_version":"2019-01-23","purchased_purges":1,"victory":false,"max_hp_per_floor":[66,66,60,60,60,60,67,67,67,67,67,67,67,67,67,67],"card_choices":[{"not_picked":["Eviscerate","Deflect"],"picked":"Dash","floor":1},{"not_picked":["Catalyst","Deflect"],"picked":"PiercingWail","floor":5},{"not_picked":["All Out Attack","Riddle With Holes"],"picked":"Dagger Spray","floor":7},{"not_picked":["Reflex","Blade Dance","Dagger Spray"],"picked":"SKIP","floor":12},{"not_picked":["Quick Slash","Dagger Throw"],"picked":"PiercingWail","floor":14}],"player_experience":1231864,"relics_obtained":[{"floor":7,"key":"Strawberry"},{"floor":9,"key":"Tiny Chest"},{"floor":12,"key":"Unceasing Top"},{"floor":14,"key":"FossilizedHelix"}],"event_choices":[{"damage_healed":0,"gold_gain":0,"player_choice":"Success","damage_taken":35,"relics_obtained":["Art of War"],"max_hp_gain":0,"max_hp_loss":0,"event_name":"Scrap Ooze","floor":2,"gold_loss":0},{"damage_healed":0,"gold_gain":0,"player_choice":"Lose Max HP","damage_taken":0,"relics_obtained":["Golden Idol"],"max_hp_gain":0,"max_hp_loss":6,"event_name":"Golden Idol","floor":3,"gold_loss":0},{"damage_healed":20,"gold_gain":0,"player_choice":"Banana","damage_taken":0,"max_hp_gain":0,"max_hp_loss":0,"event_name":"Big Fish","floor":4,"gold_loss":0}],"is_beta":false,"boss_relics":[],"items_purged_floors":[11],"is_endless":false,"potions_floor_spawned":[1,7],"killed_by":"Hexaghost","ascension_level":20}