{"path_per_floor":["M","?","?","?","M","E","R","E","T","M","$","R","E","M","R","B",null,"M","?","M","M","?","?"],"character_chosen":"IRONCLAD","items_purchased":["Vajra","Clash"],"gold_per_floor":[114,114,114,114,132,168,168,212,288,311,43,43,77,97,97,223,261,277,277,298,322,322,322,322],"floor_reached":24,"campfire_rested":1,"playtime":1664,"current_hp_per_floor":[80,80,60,60,65,24,48,25,25,29,29,29,35,39,39,16,85,71,71,35,13,13,13,0],"items_purged":["Defend_R"],"gold":322,"score":251,"play_id":"152942da-ba3e-4f51-b2fd-3e43944877c1","local_time":"20180515152043","is_prod":false,"is_daily":false,"chose_seed":false,"is_ascension_mode":true,"campfire_upgraded":2,"timestamp":1526390443,"path_taken":["M","?","?","?","M","E","R","E","T","M","?","R","E","M","R","BOSS","M","?","M","?","?","?","E"],"build_version":"2018-05-10","seed_source_timestamp":21034219058440,"purchased_purges":1,"victory":false,"master_deck":["Strike_R","Strike_R+1","Strike_R+1","Strike_R","Defend_R","Defend_R","Bash+1","Twin Strike+1","Barricade+1","Intimidate","Thunderclap","Whirlwind+1","Clash","Clash","Fire Breathing","Ghostly Armor","Body Slam","Cleave","Body Slam","Metallicize+1","Clash","Sword Boomerang"],"max_hp_per_floor":[80,80,80,80,80,80,80,80,80,80,80,80,80,80,80,80,85,85,85,85,85,85,85,85],"relics":["Burning Blood","Art of War","Golden Idol","Whetstone","Ginger","Toolbox","Vajra","Bronze Scales","Tiny House"],"card_choices":[{"not_picked":["Sword Boomerang","Armaments"],"picked":"Twin Strike","floor":1},{"not_picked":["Havoc","Power Through"],"picked":"Intimidate","floor":5},{"not_picked":["Flex","Feel No Pain"],"picked":"Thunderclap","floor":6},{"not_picked":["Thunderclap","Inflame"],"picked":"Whirlwind","floor":8},{"not_picked":["Pummel","Wild Strike"],"picked":"Clash","floor":10},{"not_picked":["Feel No Pain","Hemokinesis"],"picked":"Fire Breathing","floor":13},{"not_picked":["Pommel Strike","Havoc"],"picked":"Ghostly Armor","floor":14},{"not_picked":["Dark Embrace","Brutality"],"picked":"Berserk","floor":16},{"not_picked":["Rupture","Iron Wave"],"picked":"Body Slam","floor":17},{"not_picked":["Feel No Pain","Combust"],"picked":"Cleave","floor":18},{"not_picked":["Thunderclap","Fire Breathing"],"picked":"Metallicize","floor":20},{"not_picked":["Cleave","True Grit"],"picked":"Clash","floor":21}],"player_experience":86244,"potions_floor_usage":[16,16,16,24,24],"damage_taken":[{"damage":6,"enemies":"Jaw Worm","floor":1,"turns":6},{"damage":1,"enemies":"Cultist","floor":5,"turns":3},{"damage":47,"enemies":"3 Sentries","floor":6,"turns":12},{"damage":29,"enemies":"Lagavulin","floor":8,"turns":9},{"damage":2,"enemies":"Small Slimes","floor":10,"turns":3},{"damage":0,"enemies":"Gremlin Nob","floor":13,"turns":2},{"damage":2,"enemies":"Exordium Wildlife","floor":14,"turns":2},{"damage":29,"enemies":"Hexaghost","floor":16,"turns":6},{"damage":20,"enemies":"Spheric Guardian","floor":18,"turns":3},{"damage":42,"enemies":"2 Thieves","floor":20,"turns":3},{"damage":28,"enemies":"Slaver and Parasite","floor":21,"turns":5},{"damage":13,"enemies":"Book of Stabbing","floor":24,"turns":2}],"event_choices":[{"event_name":"Upgrade Shrine","player_choice":"Upgraded","floor":2,"damage_taken":0},{"event_name":"Golden Idol","player_choice":"Take Damage","floor":3,"damage_taken":0},{"event_name":"Living Wall","player_choice":"Change","floor":4,"damage_taken":0},{"event_name":"The Library","player_choice":"Read","floor":19,"damage_taken":0},{"event_name":"Transmorgrifier","player_choice":"Transform","floor":22,"damage_taken":0},{"event_name":"Purifier","player_choice":"One Purge","floor":23,"damage_taken":0}],"boss_relics":[{"not_picked":["Lizard Tail","Calling Bell"],"picked":"Tiny House"}],"potions_floor_spawned":[6,8,13,14,21],"seed_played":"-8755448907556703819","killed_by":"Book of Stabbing","ascension_level":1,"is_trial":false}