{"path_per_floor":["M","?","M","?","$","E","R","E","T","E","?","M","?","M","R","B",null,"M","M","?","$","M"],"character_chosen":"DEFECT","items_purchased":["Glacier","Mind Blast"],"gold_per_floor":[111,61,81,81,8,36,36,67,139,173,173,192,192,202,202,298,298,298,238,238,150,150,150],"floor_reached":23,"campfire_rested":1,"playtime":1042,"item_purchase_floors":[5,21],"current_hp_per_floor":[67,67,65,50,50,34,34,13,13,6,6,6,6,6,28,7,58,58,57,57,57,50,0],"items_purged":[],"gold":150,"score":282,"play_id":"c9f891eb-fb52-4aec-8916-a8bac3befb73","local_time":"20180607155038","is_prod":false,"is_daily":false,"chose_seed":false,"is_ascension_mode":true,"campfire_upgraded":1,"win_rate":0,"timestamp":1528379438,"campfire_choices":[{"data":"Echo Form","floor":7,"key":"SMITH"},{"floor":15,"key":"REST"}],"path_taken":["M","?","M","?","?","E","R","E","T","E","?","M","?","M","R","BOSS","M","M","?","$","M","E"],"build_version":"2018-06-06","seed_source_timestamp":25212957919419,"purchased_purges":0,"victory":false,"master_deck":["Strike_B","Strike_B","Strike_B","Defend_B","Defend_B","Defend_B+1","Zap+1","Dualcast+1","Redo+1","Leap","Glacier+1","Echo Form+1","Double Energy","Leap","Core Surge","Melter","Redo","Multi-Cast","Streamline+1","Doom and Gloom","Mind Blast","Rip and Tear"],"max_hp_per_floor":[75,75,75,75,75,75,75,75,75,75,75,75,75,75,75,75,75,75,75,75,75,75,75],"relics":["Cracked Core","War Paint","Shuriken","Pantograph","Bag of Preparation","Ectoplasm","Torii"],"card_choices":[{"not_picked":["Turbo","Stack"],"picked":"Redo","floor":1},{"not_picked":["Steam","Undo"],"picked":"Leap","floor":3},{"not_picked":["Steam Power","Aggregate"],"picked":"Echo Form","floor":6},{"not_picked":["Loop","Redo"],"picked":"Double Energy","floor":8},{"not_picked":["Sweeping Beam","Go for the Eyes"],"picked":"Leap","floor":10},{"not_picked":["Conserve Battery","Rebound"],"picked":"Melter","floor":12},{"not_picked":["Barrage","Coolheaded"],"picked":"Redo","floor":14},{"not_picked":["All For One","Reboot"],"picked":"Multi-Cast","floor":16},{"not_picked":["Undo","Scrape"],"picked":"Streamline+1","floor":18},{"not_picked":["FTL","Reinforced Body"],"picked":"Doom and Gloom","floor":19},{"not_picked":["Doom and Gloom","Cold Snap"],"picked":"Rip and Tear","floor":22}],"player_experience":290729,"potions_floor_usage":[8,8,10,14,22],"damage_taken":[{"damage":1,"enemies":"2 Louse","floor":1,"turns":3},{"damage":2,"enemies":"Jaw Worm","floor":3,"turns":3},{"damage":16,"enemies":"Lagavulin","floor":6,"turns":13},{"damage":21,"enemies":"Gremlin Nob","floor":8,"turns":4},{"damage":7,"enemies":"3 Sentries","floor":10,"turns":9},{"damage":0,"enemies":"Small Slimes","floor":12,"turns":3},{"damage":0,"enemies":"Blue Slaver","floor":14,"turns":3},{"damage":46,"enemies":"Hexaghost","floor":16,"turns":13},{"damage":0,"enemies":"Chosen","floor":18,"turns":4},{"damage":1,"enemies":"2 Thieves","floor":19,"turns":5},{"damage":7,"enemies":"Snake Plant","floor":22,"turns":4},{"damage":60,"enemies":"Gremlin Leader","floor":23,"turns":5}],"relics_obtained":[{"floor":6,"key":"War Paint"},{"floor":8,"key":"Shuriken"},{"floor":9,"key":"Pantograph"},{"floor":10,"key":"Bag of Preparation"}],"event_choices":[{"event_name":"The Cleric","player_choice":"Card Removal","floor":2,"damage_taken":0},{"event_name":"Shining Light","player_choice":"Entered Light","floor":4,"damage_taken":0},{"event_name":"Transmorgrifier","player_choice":"Transform","floor":11,"damage_taken":0},{"event_name":"Living Wall","player_choice":"Grow","floor":13,"damage_taken":0},{"event_name":"The Mausoleum","player_choice":"Yes","floor":20,"damage_taken":0}],"boss_relics":[{"not_picked":["Eternal Feather","Pandora\u0027s Box"],"picked":"Ectoplasm"}],"items_purged_floors":[],"potions_floor_spawned":[3,6,8,10,14,18],"seed_played":"-8648926908664341367","killed_by":"Gremlin Leader","ascension_level":7,"potions_obtained":[{"floor":3,"key":"SteroidPotion"},{"floor":6,"key":"Ancient Potion"},{"floor":8,"key":"Explosive Potion"},{"floor":10,"key":"SpeedPotion"},{"floor":14,"key":"Ancient Potion"},{"floor":18,"key":"Weak Potion"}],"is_trial":false}