{"path_per_floor":["M","M","M","M","$","E","R","M","T","R","E","M","M","M","R","B",null,"M","$","?","?","M","R","E","R","T","R"],"character_chosen":"DEFECT","items_purchased":["Pen Nib","Symbiotic Virus"],"gold_per_floor":[119,131,147,162,16,51,51,63,116,116,141,157,174,192,192,292,292,292,32,32,32,2,2,2,2,2,2,2],"floor_reached":28,"campfire_rested":1,"playtime":1080,"item_purchase_floors":[],"current_hp_per_floor":[60,65,68,66,66,68,68,68,68,68,58,58,39,38,38,30,59,64,64,64,64,53,53,22,42,42,42,0],"items_purged":[],"gold":2,"score":375,"play_id":"12ad857c-5a94-44dc-a98d-ac8cd53cba23","local_time":"20180622081501","is_prod":false,"is_daily":false,"chose_seed":false,"is_ascension_mode":true,"campfire_upgraded":5,"win_rate":0,"timestamp":1529648101,"campfire_choices":[{"data":"Zap","floor":7.0,"key":"SMITH"},{"data":"Defragment","floor":10.0,"key":"SMITH"},{"data":"Hello World","floor":15.0,"key":"SMITH"},{"data":"Dualcast","floor":23.0,"key":"SMITH"},{"floor":25.0,"key":"REST"},{"data":"Tempest","floor":27.0,"key":"SMITH"}],"path_taken":["M","M","M","M","$","E","R","M","T","R","E","M","M","M","R","BOSS","M","$","?","?","?","R","E","R","T","R","E"],"build_version":"2018-06-21","seed_source_timestamp":0,"purchased_purges":0,"circlet_count":0,"victory":false,"master_deck":["Strike_B","Strike_B","Strike_B","Strike_B","Defend_B","Defend_B","Defend_B","Defend_B","Zap+1","Dualcast+1","AscendersBane","Self Repair","Defragment+1","Glacier","Steam","Hello World+1","Static Discharge","Hyperbeam","Rip and Tear","Undo","FTL","Echo Form","Lockon","Tempest+1","Go for the Eyes"],"max_hp_per_floor":[68,68,68,68,68,68,68,68,68,68,68,68,68,68,68,68,68,68,68,68,68,68,68,68,68,68,68,68],"special_seed":0,"relics":["Cracked Core","Pen Nib","Omamori","Happy Flower","Meat on the Bone","Ectoplasm","Symbiotic Virus","Oddly Smooth Stone","Pantograph"],"card_choices":[{"not_picked":["Creative AI","Core Surge"],"picked":"Echo Form","floor":0.0},{"not_picked":["Tempest","Auto Shields"],"picked":"Self Repair","floor":1.0},{"not_picked":["Go for the Eyes","Barrage"],"picked":"Defragment","floor":2.0},{"not_picked":["Force Field","Steam"],"picked":"Glacier","floor":3.0},{"not_picked":["Rebound","Darkness"],"picked":"Steam","floor":4.0},{"not_picked":["Hologram","Rebound"],"picked":"Hello World","floor":6.0},{"not_picked":["Streamline","Stack"],"picked":"Static Discharge","floor":8.0},{"not_picked":["Ball Lightning","Recycle"],"picked":"Hyperbeam","floor":11.0},{"not_picked":["Gash","Doom and Gloom"],"picked":"Rip and Tear","floor":12.0},{"not_picked":["Streamline","Darkness"],"picked":"Undo","floor":13.0},{"not_picked":["Steam","Barrage"],"picked":"FTL","floor":14.0},{"not_picked":["Reboot","Fission"],"picked":"Echo Form","floor":16.0},{"not_picked":["Blizzard","Undo"],"picked":"Lockon","floor":18.0},{"not_picked":["Recycle","Melter"],"picked":"Tempest","floor":22.0},{"not_picked":["Glacier","Ball Lightning"],"picked":"Go for the Eyes","floor":24.0}],"player_experience":365419,"potions_floor_usage":[],"damage_taken":[{"damage":8.0,"enemies":"Jaw Worm","floor":1.0,"turns":4.0},{"damage":2.0,"enemies":"2 Louse","floor":2.0,"turns":3.0},{"damage":0.0,"enemies":"Small Slimes","floor":3.0,"turns":3.0},{"damage":9.0,"enemies":"Looter","floor":4.0,"turns":4.0},{"damage":4.0,"enemies":"Lagavulin","floor":6.0,"turns":8.0},{"damage":0.0,"enemies":"Blue Slaver","floor":8.0,"turns":4.0},{"damage":17.0,"enemies":"3 Sentries","floor":11.0,"turns":7.0},{"damage":7.0,"enemies":"Exordium Thugs","floor":12.0,"turns":5.0},{"damage":19.0,"enemies":"Gremlin Gang","floor":13.0,"turns":3.0},{"damage":1.0,"enemies":"3 Louse","floor":14.0,"turns":2.0},{"damage":27.0,"enemies":"Slime Boss","floor":16.0,"turns":7.0},{"damage":2.0,"enemies":"Chosen","floor":18.0,"turns":6.0},{"damage":11.0,"enemies":"2 Thieves","floor":22.0,"turns":2.0},{"damage":43.0,"enemies":"Slavers","floor":24.0,"turns":4.0},{"damage":47,"enemies":"Gremlin Leader","floor":28,"turns":2}],"relics_obtained":[{"floor":6.0,"key":"Omamori"},{"floor":9.0,"key":"Happy Flower"},{"floor":11.0,"key":"Meat on the Bone"},{"floor":24.0,"key":"Oddly Smooth Stone"},{"floor":26.0,"key":"Pantograph"}],"event_choices":[{"event_name":"Drug Dealer","player_choice":"Ignored","floor":20.0,"damage_taken":0.0},{"event_name":"Beggar","player_choice":"Ignored","floor":21.0,"damage_taken":0.0}],"boss_relics":[{"not_picked":["Fusion Hammer","Astrolabe"],"picked":"Ectoplasm"}],"items_purged_floors":[],"is_endless":false,"potions_floor_spawned":[1,2,4,6,11,13,22],"seed_played":"7683461570913551987","killed_by":"Gremlin Leader","ascension_level":10,"potions_obtained":[{"floor":1.0,"key":"Explosive Potion"},{"floor":2.0,"key":"AttackPotion"},{"floor":4.0,"key":"SteroidPotion"},{"floor":6.0,"key":"Poison Potion"},{"floor":11.0,"key":"Ancient Potion"},{"floor":13.0,"key":"GamblersBrew"},{"floor":22.0,"key":"GamblersBrew"}],"is_trial":false}