{"path_per_floor":["M","M","M","M","$","R","E","R","T","M","E","?","E","?","R","B",null,"M","$","M","M","?","R","E","R","T","R","M","R","$","M","R","B",null,"M","M","?","M","M","R","E","R","T","M","?","M","$","$","R","B"],"character_chosen":"THE_SILENT","items_purchased":["Omamori","Vajra","Flechettes","Snake Skull"],"gold_per_floor":[110,123,133,153,9,9,36,36,36,47,82,82,116,116,116,214,214,195,44,56,74,74,74,107,107,130,130,144,144,74,94,94,191,191,210,227,227,239,251,251,280,280,280,295,295,305,112,62,62,62],"floor_reached":51,"campfire_rested":1,"playtime":3159,"item_purchase_floors":[],"current_hp_per_floor":[63,61,61,65,65,65,49,49,49,48,32,61,66,66,66,43,83,76,76,76,76,76,76,63,63,63,63,51,51,51,47,47,19,77,77,77,58,35,35,35,32,60,60,60,96,96,96,96,96,57],"items_purged":["Defend_G","Defend_G"],"gold":62,"score":1254,"play_id":"41f8184f-020c-49ee-9d98-718a208e935e","local_time":"20180609115245","is_prod":false,"is_daily":false,"chose_seed":false,"is_ascension_mode":true,"campfire_upgraded":6,"win_rate":0,"timestamp":1528537965,"campfire_choices":[{"data":"Infinite Blades","floor":6.0,"key":"SMITH"},{"data":"Endless Agony","floor":8.0,"key":"SMITH"},{"data":"Venomology","floor":15.0,"key":"SMITH"},{"data":"Doppelganger","floor":23,"key":"SMITH"},{"data":"Infinite Blades","floor":25,"key":"SMITH"},{"floor":27,"key":"DIG"},{"floor":29,"key":"DIG"},{"data":"After Image","floor":32,"key":"SMITH"},{"floor":40,"key":"DIG"},{"floor":42,"key":"REST"},{"floor":49,"key":"DIG"}],"path_taken":["M","M","M","M","$","R","E","R","T","M","E","?","E","?","R","BOSS","M","$","M","M","?","R","E","R","T","R","M","R","$","M","R","BOSS","M","M","?","M","M","R","E","R","T","M","?","M","?","$","R","BOSS"],"build_version":"2018-06-08","seed_source_timestamp":0,"purchased_purges":2,"victory":true,"master_deck":["Defend_G","Defend_G","Strike_G","Strike_G","Strike_G","Strike_G","Strike_G","Survivor","Neutralize","Dagger Throw","Endless Agony+1","Predator","Infinite Blades+1","Blur","Calculated Gamble","Cloak And Dagger","Venomology+1","Crippling Poison+1","Slice","Dodge and Roll","Doppelganger+1","Infinite Blades+1","Concentrate","After Image+1","Storm of Steel","Noxious Fumes","Deadly Poison+1","Bane","Cloak And Dagger+1","Adrenaline","Underhanded Strike","Underhanded Strike+1","Sucker Punch+1","Acrobatics+1"],"max_hp_per_floor":[70,70,70,75,75,75,89,89,89,89,89,89,96,96,96,96,96,96,96,96,96,96,96,96,96,96,96,96,96,96,96,96,96,96,96,96,96,96,96,96,96,96,96,96,96,96,96,96,96,96],"relics":["Black Star","Omamori","Mango","Gambling Chip","Tingsha","Thread and Needle","Ginger","Strawberry","Potion Belt","Cursed Key","Vajra","Shovel","Du-Vu Doll","Oddly Smooth Stone","Pen Nib","Tough Bandages","Philosopher\u0027s Stone","Unceasing Top","Smiling Mask","Dream Catcher","Bag of Preparation","Happy Flower","Snake Skull","Art of War"],"card_choices":[{"not_picked":["Backflip","Eviscerate"],"picked":"Dagger Throw","floor":1.0},{"not_picked":["Outmaneuver","PiercingWail"],"picked":"Endless Agony","floor":2.0},{"not_picked":["Blur","Outmaneuver"],"picked":"Predator","floor":3.0},{"not_picked":["Sucker Punch","Acrobatics"],"picked":"Infinite Blades","floor":4.0},{"not_picked":["Slice","Escape Plan"],"picked":"Blur","floor":7.0},{"not_picked":["Slice","Backflip"],"picked":"Calculated Gamble","floor":10.0},{"not_picked":["Distraction","Deadly Poison"],"picked":"Cloak And Dagger","floor":11.0},{"not_picked":["PiercingWail","Slice"],"picked":"Venomology","floor":13.0},{"not_picked":["Deadly Poison","Terror"],"picked":"Crippling Poison+1","floor":18},{"not_picked":["Calculated Gamble+1","Predator"],"picked":"Slice","floor":20},{"not_picked":["Slice","Blur"],"picked":"Dodge and Roll","floor":21},{"not_picked":["Dagger Spray","Distraction"],"picked":"Infinite Blades","floor":24},{"not_picked":["Dagger Throw","Slice+1"],"picked":"Concentrate","floor":28},{"not_picked":["Crippling Poison","Dodge and Roll"],"picked":"After Image","floor":31},{"not_picked":["Wraith Form v2","Glass Knife"],"picked":"Storm of Steel","floor":33},{"not_picked":["Deflect","Flying Knee"],"picked":"Noxious Fumes","floor":35},{"not_picked":["Acrobatics+1","Quick Slash"],"picked":"Deadly Poison+1","floor":36},{"not_picked":["Caltrops+1","Dagger Throw"],"picked":"Bane","floor":37},{"not_picked":["Poisoned Stab+1","PiercingWail+1"],"picked":"Cloak And Dagger+1","floor":38},{"not_picked":["Terror","Catalyst+1"],"picked":"Adrenaline","floor":39},{"not_picked":["Poisoned Stab+1","Expertise+1"],"picked":"Underhanded Strike","floor":41},{"not_picked":["Dagger Throw","Sucker Punch+1"],"picked":"Underhanded Strike+1","floor":42},{"not_picked":["Backflip+1","Poisoned Stab+1"],"picked":"Sucker Punch+1","floor":44},{"not_picked":["Bane+1","Slice+1"],"picked":"Acrobatics+1","floor":46}],"player_experience":293941,"potions_floor_usage":[18,20,21,24,28,28,31,31,33,33,33,33,37,39,41,41,44,46,50,50,50,50,50],"damage_taken":[{"damage":0.0,"enemies":"Small Slimes","floor":1.0,"turns":3.0},{"damage":2.0,"enemies":"2 Louse","floor":2.0,"turns":3.0},{"damage":0.0,"enemies":"Cultist","floor":3.0,"turns":3.0},{"damage":1.0,"enemies":"2 Fungi Beasts","floor":4.0,"turns":3.0},{"damage":30.0,"enemies":"Lagavulin","floor":7.0,"turns":4.0},{"damage":1.0,"enemies":"Red Slaver","floor":10.0,"turns":3.0},{"damage":16.0,"enemies":"Gremlin Nob","floor":11.0,"turns":3.0},{"damage":2.0,"enemies":"Lagavulin","floor":13.0,"turns":5.0},{"damage":23.0,"enemies":"The Guardian","floor":16.0,"turns":13.0},{"damage":7,"enemies":"2 Thieves","floor":18,"turns":4},{"damage":0,"enemies":"3 Byrds","floor":20,"turns":3},{"damage":0,"enemies":"Cultist and Chosen","floor":21,"turns":6},{"damage":13,"enemies":"Book of Stabbing","floor":24,"turns":6},{"damage":12,"enemies":"Slaver and Parasite","floor":28,"turns":5},{"damage":4,"enemies":"Centurion and Healer","floor":31,"turns":5},{"damage":28,"enemies":"Collector","floor":33,"turns":10},{"damage":0,"enemies":"Orb Walker","floor":35,"turns":4},{"damage":0,"enemies":"Flame Bruiser 1 Orb","floor":36,"turns":5},{"damage":19,"floor":37,"turns":6},{"damage":23,"enemies":"3 Darklings","floor":38,"turns":4},{"damage":0,"enemies":"Maw","floor":39,"turns":6},{"damage":3,"enemies":"2 Orb Walkers","floor":41,"turns":4},{"damage":0,"enemies":"Transient","floor":44,"turns":5},{"damage":0,"enemies":"3 Darklings","floor":46,"turns":3},{"damage":39,"enemies":"Awakened One","floor":50,"turns":10}],"relics_obtained":[{"floor":7.0,"key":"Mango"},{"floor":7.0,"key":"Gambling Chip"},{"floor":9.0,"key":"Tingsha"},{"floor":11.0,"key":"Thread and Needle"},{"floor":11.0,"key":"Ginger"},{"floor":13.0,"key":"Strawberry"},{"floor":13.0,"key":"Potion Belt"},{"floor":24,"key":"Shovel"},{"floor":24,"key":"Du-Vu Doll"},{"floor":26,"key":"Oddly Smooth Stone"},{"floor":27,"key":"Pen Nib"},{"floor":29,"key":"Tough Bandages"},{"floor":37,"key":"Unceasing Top"},{"floor":40,"key":"Smiling Mask"},{"floor":41,"key":"Dream Catcher"},{"floor":41,"key":"Bag of Preparation"},{"floor":43,"key":"Happy Flower"},{"floor":49,"key":"Art of War"}],"event_choices":[{"event_name":"Big Fish","player_choice":"Banana","floor":12.0,"damage_taken":0.0},{"event_name":"The Lab","player_choice":"Got Potions","floor":14.0,"damage_taken":0.0},{"event_name":"Transmorgrifier","player_choice":"Transform","floor":22,"damage_taken":0},{"event_name":"MindBloom","player_choice":"Fight","floor":37,"damage_taken":0},{"event_name":"Bonfire Elementals","player_choice":"UNCOMMON","floor":45,"damage_taken":0}],"boss_relics":[{"not_picked":["Velvet Choker","Tiny House"],"picked":"Cursed Key"},{"not_picked":["Pandora\u0027s Box","Sozu"],"picked":"Philosopher\u0027s Stone"}],"items_purged_floors":[47,48],"potions_floor_spawned":[2,3,10,16,18,24,28,35,38,44,46],"seed_played":"5222723210853769261","ascension_level":7,"potions_obtained":[{"floor":2.0,"key":"SteroidPotion"},{"floor":3.0,"key":"Fruit Juice"},{"floor":10.0,"key":"AttackPotion"},{"floor":14.0,"key":"FairyPotion"},{"floor":14.0,"key":"Fire Potion"},{"floor":14.0,"key":"SteroidPotion"},{"floor":16.0,"key":"Block Potion"},{"floor":18,"key":"AttackPotion"},{"floor":24,"key":"GhostInAJar"},{"floor":28,"key":"Dexterity Potion"},{"floor":35,"key":"Dexterity Potion"},{"floor":44,"key":"AttackPotion"},{"floor":46,"key":"FearPotion"}],"is_trial":false}