{"gold_per_floor":[116,266,266,266,286,321,321,109,109,123,123,143,0,10,10,10],"floor_reached":16,"playtime":273,"items_purged":["Doubt","Strike_B"],"score":250,"play_id":"7c0c9878-69a6-4d8d-98e4-3a22a4611972","local_time":"20190720011940","is_ascension_mode":true,"campfire_choices":[{"data":"Electrodynamics","floor":7.0,"key":"SMITH"},{"data":"Zap","floor":11.0,"key":"SMITH"},{"data":"Capacitor","floor":15.0,"key":"SMITH"}],"neow_cost":"NONE","seed_source_timestamp":0,"circlet_count":0,"master_deck":["AscendersBane","Strike_B","Strike_B+1","Strike_B+1","Defend_B","Defend_B","Defend_B","Defend_B","Zap+1","Dualcast","Gash+1","Gash+1","Electrodynamics+1","Capacitor+1","Ball Lightning","Sunder","Glacier","Darkness","Compile Driver"],"special_seed":0,"relics":["Cracked Core","NeowsBlessing","Whetstone","Mummified Hand"],"potions_floor_usage":[16,16],"damage_taken":[{"damage":0.0,"enemies":"2 Louse","floor":1.0,"turns":1.0},{"damage":0.0,"enemies":"Small Slimes","floor":5.0,"turns":1.0},{"damage":0.0,"enemies":"Lagavulin","floor":6.0,"turns":1.0},{"damage":0.0,"enemies":"Cultist","floor":10.0,"turns":3.0},{"damage":6.0,"enemies":"Blue Slaver","floor":12.0,"turns":3.0},{"damage":15.0,"enemies":"Exordium Wildlife","floor":14.0,"turns":3.0},{"damage":29,"enemies":"The Guardian","floor":16,"turns":7}],"seed_played":"7266648542254633569","potions_obtained":[{"floor":1.0,"key":"Fire Potion"},{"floor":4.0,"key":"FairyPotion"},{"floor":4.0,"key":"FocusPotion"}],"is_trial":false,"path_per_floor":["M","?","?","?","M","E","R","$","T","M","R","M","$","M","R","B"],"character_chosen":"DEFECT","items_purchased":["Capacitor","Ball Lightning","Darkness"],"campfire_rested":0,"item_purchase_floors":[8,8,13],"current_hp_per_floor":[64,64,43,43,43,43,43,43,43,43,43,37,37,22,22,0],"gold":10,"neow_bonus":"THREE_ENEMY_KILL","is_prod":false,"is_daily":false,"chose_seed":false,"campfire_upgraded":3,"win_rate":0,"timestamp":1563578380,"path_taken":["M","?","?","?","M","E","R","$","T","?","R","M","$","M","R","BOSS"],"build_version":"2019-07-17","purchased_purges":2,"victory":false,"max_hp_per_floor":[71,71,71,71,71,71,71,71,71,71,71,71,71,71,71,71],"card_choices":[{"not_picked":["Genetic Algorithm","Rebound"],"picked":"Gash","floor":1.0},{"not_picked":["Turbo","Conserve Battery"],"picked":"Gash","floor":5.0},{"not_picked":["Compile Driver","Cold Snap"],"picked":"Electrodynamics","floor":6.0},{"not_picked":["Streamline","Tempest"],"picked":"Sunder","floor":10.0},{"not_picked":["Go for the Eyes","Barrage"],"picked":"Glacier","floor":12.0},{"not_picked":["Beam Cell","Redo"],"picked":"Compile Driver","floor":14.0}],"player_experience":1821529,"relics_obtained":[{"floor":6.0,"key":"Whetstone"},{"floor":9.0,"key":"Mummified Hand"}],"event_choices":[{"damage_healed":0.0,"max_hp_gain":0.0,"max_hp_loss":0.0,"gold_gain":150.0,"event_name":"Liars Game","player_choice":"AGREE","floor":2.0,"gold_loss":0.0,"damage_taken":0.0,"cards_obtained":["Doubt"]},{"damage_healed":0.0,"max_hp_gain":0.0,"max_hp_loss":0.0,"gold_gain":0.0,"event_name":"Shining Light","player_choice":"Entered Light","floor":3.0,"gold_loss":0.0,"damage_taken":21.0,"cards_upgraded":["Gash","Strike_B"]},{"damage_healed":0.0,"max_hp_gain":0.0,"max_hp_loss":0.0,"gold_gain":0.0,"event_name":"Lab","player_choice":"Got Potions","floor":4.0,"gold_loss":0.0,"damage_taken":0.0}],"is_beta":false,"boss_relics":[],"items_purged_floors":[8,13],"is_endless":false,"potions_floor_spawned":[1,5,10],"killed_by":"The Guardian","ascension_level":20}