{"gold_per_floor":[364,378,66,82,94,94,74,89,89,108,120,120,120,152,152,152],"floor_reached":16,"playtime":5522,"items_purged":["Strike_B"],"score":192,"play_id":"9cbe1eed-aae9-434c-ac1e-a42aed4d8ee7","local_time":"20181101203259","is_ascension_mode":true,"campfire_choices":[{"floor":6,"key":"REST"},{"floor":12,"key":"REST"},{"floor":15,"key":"REST"}],"neow_cost":"PERCENT_DAMAGE","seed_source_timestamp":9953351074120,"circlet_count":0,"master_deck":["AscendersBane","Strike_B","Strike_B","Strike_B","Defend_B","Defend_B","Defend_B","Defend_B","Zap","Dualcast","Capacitor","Compile Driver","Static Discharge","All For One","Gash","Cold Snap","Go for the Eyes","Gash","Self Repair","Decay","Barrage"],"relics":["Cracked Core","Darkstone Periapt","Pen Nib"],"potions_floor_usage":[16,16],"damage_taken":[{"damage":15,"enemies":"Small Slimes","floor":1,"turns":3},{"damage":1,"enemies":"Cultist","floor":2,"turns":3},{"damage":9,"enemies":"Jaw Worm","floor":4,"turns":4},{"damage":7,"enemies":"Exordium Thugs","floor":5,"turns":4},{"damage":15,"enemies":"Looter","floor":8,"turns":3},{"damage":14,"enemies":"3 Louse","floor":10,"turns":3},{"damage":0,"enemies":"2 Fungi Beasts","floor":11,"turns":2},{"damage":27,"enemies":"Lagavulin","floor":14,"turns":6},{"damage":38,"enemies":"The Guardian","floor":16,"turns":8}],"seed_played":"319479779485046336","potions_obtained":[{"floor":1,"key":"GamblersBrew"},{"floor":4,"key":"SteroidPotion"},{"floor":7,"key":"Strength Potion"},{"floor":11,"key":"AttackPotion"}],"is_trial":false,"path_per_floor":["M","M","$","M","M","R","?","M","T","M","M","R","?","E","R","B"],"character_chosen":"DEFECT","items_purchased":["Static Discharge","All For One"],"campfire_rested":3,"item_purchase_floors":[3,3],"current_hp_per_floor":[31,30,30,21,14,35,35,20,20,6,6,27,33,13,36,0],"gold":152,"neow_bonus":"TWO_FIFTY_GOLD","is_prod":false,"is_daily":false,"chose_seed":false,"campfire_upgraded":0,"win_rate":0,"timestamp":1541100779,"path_taken":["M","M","$","M","M","R","?","M","T","M","?","R","?","E","R","BOSS"],"build_version":"2018-10-31v2","purchased_purges":1,"victory":false,"max_hp_per_floor":[71,71,71,71,71,71,71,71,71,71,71,71,77,77,77,77],"card_choices":[{"not_picked":["Hello World","Go for the Eyes"],"picked":"Capacitor","floor":1},{"not_picked":["Gash","Fusion"],"picked":"Compile Driver","floor":2},{"not_picked":["Streamline","Steam"],"picked":"Gash","floor":4},{"not_picked":["Darkness","Compile Driver"],"picked":"Cold Snap","floor":5},{"not_picked":["Compile Driver","Conserve Battery"],"picked":"Go for the Eyes","floor":8},{"not_picked":["Rip and Tear","Cold Snap"],"picked":"Gash","floor":10},{"not_picked":["Barrage","Fusion"],"picked":"Self Repair","floor":11},{"not_picked":["Turbo","Aggregate"],"picked":"Barrage","floor":14}],"player_experience":740561,"relics_obtained":[{"floor":9,"key":"Darkstone Periapt"},{"floor":14,"key":"Pen Nib"}],"event_choices":[{"damage_healed":0,"gold_gain":0,"player_choice":"Bought 1 Potion","damage_taken":0,"max_hp_gain":0,"max_hp_loss":0,"event_name":"The Woman in Blue","floor":7,"gold_loss":0},{"damage_healed":0,"gold_gain":0,"player_choice":"Cursed","damage_taken":0,"max_hp_gain":0,"max_hp_loss":0,"event_name":"Wheel of Change","floor":13,"gold_loss":0,"cards_obtained":["Decay"]}],"is_beta":true,"boss_relics":[],"items_purged_floors":[3],"is_endless":false,"potions_floor_spawned":[1,4,10,11],"killed_by":"The Guardian","ascension_level":17}