{"gold_per_floor":[119,119,132,147,159,159,188,204,204,216,249,303,39,49,49,128,128,144,160,160,173,173],"floor_reached":22,"playtime":799,"items_purged":[],"score":400,"play_id":"2d810c22-cb36-416b-8b0e-4ec39ee0fb64","local_time":"20190425140927","is_ascension_mode":true,"campfire_choices":[{"data":"Skewer","floor":6.0,"key":"SMITH"},{"floor":15.0,"key":"REST"}],"neow_cost":"NONE","seed_source_timestamp":0,"circlet_count":0,"master_deck":["AscendersBane","Defend_G","Defend_G","Defend_G+1","Defend_G","Defend_G","Strike_G","Strike_G","Strike_G","Strike_G","Strike_G","Survivor","Neutralize","Skewer+1","Flying Knee","Dagger Spray","Bouncing Flask+1","Leg Sweep","PiercingWail","Poisoned Stab","Footwork","Deadly Poison","Footwork","Night Terror","Backflip"],"special_seed":0,"relics":["Ring of the Snake","CultistMask","Juzu Bracelet","Ninja Scroll","War Paint","Chemical X","Runic Pyramid","Nilry\u0027s Codex"],"potions_floor_usage":[22,22],"damage_taken":[{"damage":7.0,"enemies":"Jaw Worm","floor":1.0,"turns":7.0},{"damage":1.0,"enemies":"Cultist","floor":3.0,"turns":3.0},{"damage":3.0,"enemies":"Small Slimes","floor":4.0,"turns":3.0},{"damage":21.0,"enemies":"Exordium Thugs","floor":5.0,"turns":5.0},{"damage":19.0,"enemies":"Gremlin Nob","floor":7.0,"turns":4.0},{"damage":0.0,"enemies":"Looter","floor":8.0,"turns":3.0},{"damage":0.0,"enemies":"Lots of Slimes","floor":10.0,"turns":1.0},{"damage":7.0,"enemies":"Lagavulin","floor":11.0,"turns":8.0},{"damage":0.0,"enemies":"Exordium Wildlife","floor":14.0,"turns":2.0},{"damage":16.0,"enemies":"The Guardian","floor":16.0,"turns":8.0},{"damage":0.0,"enemies":"Chosen","floor":18.0,"turns":2.0},{"damage":11.0,"enemies":"Shell Parasite","floor":19.0,"turns":6.0},{"damage":4,"enemies":"Sentry and Sphere","floor":21,"turns":4},{"damage":19,"enemies":"Masked Bandits","floor":22,"turns":3}],"seed_played":"-3722512124586978896","potions_obtained":[{"floor":1.0,"key":"Poison Potion"},{"floor":4.0,"key":"Weak Potion"},{"floor":5.0,"key":"AttackPotion"},{"floor":10.0,"key":"EssenceOfSteel"}],"is_trial":false,"path_per_floor":["M","?","M","M","M","R","E","M","T","M","E","?","$","M","R","B",null,"M","M","?","M","?"],"character_chosen":"THE_SILENT","items_purchased":["Chemical X","Deadly Poison"],"campfire_rested":1,"item_purchase_floors":[13,13],"current_hp_per_floor":[52,52,51,48,27,27,8,8,8,8,1,1,1,1,20,4,51,51,40,19,15,0],"gold":173,"neow_bonus":"THREE_CARDS","is_prod":false,"is_daily":false,"chose_seed":false,"campfire_upgraded":1,"win_rate":0,"timestamp":1556194167,"path_taken":["M","?","M","?","M","R","E","M","T","M","E","?","?","M","R","BOSS","M","M","?","M","?"],"build_version":"2019-01-23","purchased_purges":0,"victory":false,"max_hp_per_floor":[66,66,66,66,66,66,66,66,66,66,66,66,66,66,66,66,66,66,66,66,66,66],"card_choices":[{"not_picked":["Cloak And Dagger","Blade Dance"],"picked":"Skewer","floor":0.0},{"not_picked":["Tactician","Acrobatics"],"picked":"Flying Knee","floor":1.0},{"not_picked":["Skewer","Flechettes"],"picked":"Dagger Spray","floor":3.0},{"not_picked":["Finisher","Footwork"],"picked":"Bouncing Flask","floor":4.0},{"not_picked":["Terror","Predator","Quick Slash"],"picked":"SKIP","floor":5.0},{"not_picked":["All Out Attack","Acrobatics"],"picked":"Leg Sweep","floor":7.0},{"not_picked":["Eviscerate","Deflect"],"picked":"PiercingWail","floor":8.0},{"not_picked":["PiercingWail","Cloak And Dagger"],"picked":"Poisoned Stab","floor":10.0},{"not_picked":["Skewer","Caltrops"],"picked":"Footwork","floor":11.0},{"not_picked":["Terror","Quick Slash"],"picked":"Footwork","floor":14.0},{"not_picked":["Glass Knife","Tools of the Trade"],"picked":"Night Terror","floor":16.0},{"not_picked":["Outmaneuver","Underhanded Strike","Bane"],"picked":"SKIP","floor":18.0},{"not_picked":["Outmaneuver","Slice","Dagger Spray"],"picked":"SKIP","floor":19.0},{"not_picked":["Skewer","Acrobatics"],"picked":"Backflip","floor":21}],"player_experience":1624087,"relics_obtained":[{"floor":7.0,"key":"Juzu Bracelet"},{"floor":9.0,"key":"Ninja Scroll"},{"floor":11.0,"key":"War Paint"},{"floor":20.0,"key":"Nilry\u0027s Codex"}],"event_choices":[{"damage_healed":0.0,"max_hp_gain":0.0,"max_hp_loss":0.0,"gold_gain":0.0,"event_name":"FaceTrader","player_choice":"Trade","floor":2.0,"gold_loss":0.0,"damage_taken":0.0,"relics_obtained":["CultistMask"]},{"damage_healed":0.0,"max_hp_gain":0.0,"max_hp_loss":0.0,"gold_gain":54.0,"event_name":"Golden Wing","player_choice":"Gained Gold","floor":12.0,"gold_loss":0.0,"damage_taken":0.0},{"damage_healed":0.0,"max_hp_gain":0.0,"max_hp_loss":0.0,"gold_gain":0.0,"event_name":"Cursed Tome","player_choice":"Obtained Book","floor":20.0,"gold_loss":0.0,"damage_taken":21.0},{"damage_healed":0,"gold_gain":0,"player_choice":"Fought Bandits","damage_taken":0,"max_hp_gain":0,"max_hp_loss":0,"event_name":"Masked Bandits","floor":22,"gold_loss":0}],"is_beta":false,"boss_relics":[{"not_picked":["Calling Bell","Ring of the Serpent"],"picked":"Runic Pyramid"}],"items_purged_floors":[],"is_endless":false,"potions_floor_spawned":[1,4,5,10,16,19],"killed_by":"Masked Bandits","ascension_level":20}