{"gold_per_floor":[114,189,189,204,204,204,229,242,266,226,251,278,289,305,305,376,376,352,372,372,241,291,291],"floor_reached":23,"playtime":1025,"items_purged":["Strike_R"],"score":448,"play_id":"05875941-79e7-44bf-8d8a-51297c89da89","local_time":"20190107233419","is_ascension_mode":true,"campfire_choices":[{"data":"Bash","floor":6.0,"key":"SMITH"},{"data":"1","floor":15.0,"key":"LIFT"}],"neow_cost":"NONE","seed_source_timestamp":0,"circlet_count":0,"master_deck":["AscendersBane","Strike_R","Strike_R","Strike_R","Defend_R","Defend_R","Defend_R","Defend_R","Bash+1","Anger","Disarm","Impervious","Iron Wave","Whirlwind","Shrug It Off","Heavy Blade","Disarm","Reaper","Pommel Strike+1","Pummel","Corruption"],"special_seed":0,"relics":["Burning Blood","NeowsBlessing","Pen Nib","Bronze Scales","Girya","Smiling Mask","Cursed Key"],"potions_floor_usage":[],"damage_taken":[{"damage":0.0,"enemies":"2 Louse","floor":1.0,"turns":1.0},{"damage":0.0,"enemies":"Small Slimes","floor":4.0,"turns":1.0},{"damage":0.0,"enemies":"Lagavulin","floor":7.0,"turns":1.0},{"damage":7.0,"enemies":"Jaw Worm","floor":8.0,"turns":4.0},{"damage":1.0,"enemies":"Looter","floor":10.0,"turns":4.0},{"damage":26.0,"enemies":"Gremlin Nob","floor":11.0,"turns":4.0},{"damage":6.0,"enemies":"Blue Slaver","floor":13.0,"turns":4.0},{"damage":5.0,"enemies":"Large Slime","floor":14.0,"turns":6.0},{"damage":39.0,"enemies":"The Guardian","floor":16.0,"turns":13.0},{"damage":17.0,"enemies":"2 Thieves","floor":18.0,"turns":4.0},{"damage":16.0,"enemies":"Spheric Guardian","floor":19.0,"turns":4.0},{"damage":9.0,"enemies":"Colosseum Slavers","floor":20.0,"turns":2.0},{"damage":70,"enemies":"Slavers","floor":23,"turns":5}],"seed_played":"8979392118869920085","potions_obtained":[{"floor":8.0,"key":"Weak Potion"},{"floor":11.0,"key":"LiquidBronze"},{"floor":18.0,"key":"AttackPotion"}],"is_trial":false,"path_per_floor":["M","?","?","M","?","R","E","M","T","M","E","T","M","M","R","B",null,"M","M","?","$","?","E"],"character_chosen":"IRONCLAD","items_purchased":["Corruption"],"campfire_rested":0,"item_purchase_floors":[21],"current_hp_per_floor":[74,63,58,64,57,57,63,62,62,67,47,47,47,48,48,15,60,59,49,46,46,46,0],"gold":291,"neow_bonus":"THREE_ENEMY_KILL","is_prod":false,"is_daily":false,"chose_seed":false,"campfire_upgraded":1,"win_rate":0,"timestamp":1546900459,"path_taken":["M","?","?","M","?","R","E","M","T","M","E","?","M","M","R","BOSS","M","M","?","$","?","E"],"build_version":"2019-01-03v4","purchased_purges":1,"victory":false,"max_hp_per_floor":[75,75,75,75,75,75,75,75,75,75,75,75,75,75,75,75,75,75,75,75,75,75,75],"card_choices":[{"not_picked":["Clash","True Grit"],"picked":"Anger","floor":1.0},{"not_picked":["Pummel","Heavy Blade"],"picked":"Disarm","floor":4.0},{"not_picked":["Clothesline","Armaments"],"picked":"Impervious","floor":7.0},{"not_picked":["Burning Pact","Evolve"],"picked":"Iron Wave","floor":8.0},{"not_picked":["Body Slam","Sword Boomerang"],"picked":"Whirlwind","floor":10.0},{"not_picked":["Body Slam","Sword Boomerang"],"picked":"Shrug It Off","floor":11.0},{"not_picked":["Sword Boomerang","Clothesline"],"picked":"Heavy Blade","floor":13.0},{"not_picked":["Evolve","Body Slam"],"picked":"Disarm","floor":14.0},{"not_picked":["Brutality","Feed"],"picked":"Reaper","floor":16.0},{"not_picked":["Warcry","Ghostly Armor"],"picked":"Pommel Strike+1","floor":18.0},{"not_picked":["Havoc","Rampage"],"picked":"Pummel","floor":19.0}],"player_experience":1084058,"relics_obtained":[{"floor":9.0,"key":"Bronze Scales"},{"floor":11.0,"key":"Girya"},{"floor":12.0,"key":"Smiling Mask"}],"event_choices":[{"damage_healed":0.0,"max_hp_gain":0.0,"max_hp_loss":0.0,"gold_gain":75.0,"event_name":"World of Goop","player_choice":"Gather Gold","floor":2.0,"gold_loss":0.0,"damage_taken":11.0},{"damage_healed":0.0,"max_hp_gain":0.0,"max_hp_loss":0.0,"gold_gain":0.0,"event_name":"Scrap Ooze","player_choice":"Success","floor":3.0,"gold_loss":0.0,"damage_taken":5.0,"relics_obtained":["Pen Nib"]},{"cards_removed":["Strike_R"],"damage_healed":0.0,"max_hp_gain":0.0,"max_hp_loss":0.0,"gold_gain":0.0,"event_name":"Golden Wing","player_choice":"Card Removal","floor":5.0,"gold_loss":0.0,"damage_taken":7.0},{"damage_healed":0.0,"max_hp_gain":0.0,"max_hp_loss":0.0,"gold_gain":0.0,"event_name":"Colosseum","player_choice":"Fight","floor":20.0,"gold_loss":0.0,"damage_taken":0.0},{"damage_healed":0.0,"max_hp_gain":0.0,"max_hp_loss":0.0,"gold_gain":0.0,"event_name":"Colosseum","player_choice":"Fled From Nobs","floor":20.0,"gold_loss":0.0,"damage_taken":0.0},{"damage_healed":0,"gold_gain":50,"player_choice":"Pray","damage_taken":0,"max_hp_gain":0,"max_hp_loss":0,"event_name":"Golden Shrine","floor":22,"gold_loss":0}],"is_beta":false,"boss_relics":[{"not_picked":["Calling Bell","Eternal Feather"],"picked":"Cursed Key"}],"items_purged_floors":[21],"is_endless":false,"potions_floor_spawned":[8,11,13,18],"killed_by":"Slavers","ascension_level":20}