{"gold_per_floor":[113,113,131,144,167,167,192,192,192,217,217,248,248,248],"floor_reached":14,"playtime":388,"items_purged":[],"score":201,"play_id":"767a83bb-aa50-4802-a9c7-38e633ec4c32","local_time":"20181016192652","is_ascension_mode":true,"campfire_choices":[{"data":"Hemokinesis","floor":6,"key":"SMITH"},{"data":"Inflame","floor":8,"key":"SMITH"},{"data":"Disarm","floor":11,"key":"SMITH"}],"neow_cost":"NONE","seed_source_timestamp":40702492723445,"circlet_count":0,"master_deck":["Strike_R","Strike_R","Strike_R","Strike_R","Strike_R","Defend_R","Defend_R","Defend_R","Defend_R","Bash","AscendersBane","Hemokinesis+1","Inflame+1","Bludgeon","Sword Boomerang","Disarm+1","Demon Form"],"relics":["Burning Blood","Vajra","Golden Idol","Bottled Tornado","Art of War","PreservedInsect"],"potions_floor_usage":[12,14],"damage_taken":[{"damage":1,"enemies":"Cultist","floor":1,"turns":3},{"damage":10,"enemies":"Jaw Worm","floor":3,"turns":2},{"damage":3,"enemies":"2 Louse","floor":4,"turns":2},{"damage":14,"enemies":"Blue Slaver","floor":5,"turns":5},{"damage":13,"enemies":"Looter","floor":7,"turns":2},{"damage":0,"enemies":"Gremlin Nob","floor":12,"turns":2},{"damage":29,"enemies":"Lagavulin","floor":14,"turns":3}],"seed_played":"1608371876119179744","potions_obtained":[{"floor":4,"key":"SteroidPotion"},{"floor":5,"key":"Swift Potion"}],"is_trial":false,"path_per_floor":["M","?","M","M","M","R","M","R","T","T","R","E","?"],"character_chosen":"IRONCLAD","items_purchased":[],"campfire_rested":0,"item_purchase_floors":[],"current_hp_per_floor":[73,47,43,46,38,38,31,31,31,31,31,37,26,0],"gold":248,"neow_bonus":"RANDOM_COMMON_RELIC","is_prod":false,"is_daily":false,"chose_seed":false,"campfire_upgraded":3,"win_rate":0,"timestamp":1539710812,"path_taken":["M","?","M","M","M","R","?","R","T","?","R","E","?","E"],"build_version":"2018-10-15v2","purchased_purges":0,"victory":false,"max_hp_per_floor":[75,75,75,75,75,75,75,75,75,75,75,75,75,75],"card_choices":[{"not_picked":["True Grit","Corruption"],"picked":"Hemokinesis","floor":1},{"not_picked":["Flex","Anger"],"picked":"Inflame","floor":3},{"not_picked":["Intimidate","Infernal Blade"],"picked":"Bludgeon","floor":4},{"not_picked":["Clash","Wild Strike"],"picked":"Sword Boomerang","floor":5},{"not_picked":["Sentinel","Second Wind"],"picked":"Disarm","floor":7},{"not_picked":["Wild Strike","Heavy Blade"],"picked":"Demon Form","floor":12}],"player_experience":625457,"relics_obtained":[{"floor":9,"key":"Bottled Tornado"},{"floor":10,"key":"Art of War"},{"floor":12,"key":"PreservedInsect"}],"event_choices":[{"event_name":"Golden Idol","player_choice":"Take Damage","floor":2,"damage_taken":0},{"event_name":"Scrap Ooze","player_choice":"unsuccessful","floor":13,"damage_taken":11}],"is_beta":true,"boss_relics":[],"items_purged_floors":[],"is_endless":false,"potions_floor_spawned":[4,5,7],"killed_by":"Lagavulin","ascension_level":15}