{"gold_per_floor":[113,113,131,151,151,151,183,333,415,435,435,435,21,33,33,107,107,126,15,34,34,49,49,49,79,104,104,118,132,145,145,145,221,221,238,238,248,261,280,314,314,340,340,360,385,395,395,414,414,414,414,414,414,142,142],"floor_reached":55,"playtime":2663,"items_purged":["Doubt","Bite"],"score":1962,"play_id":"d1d37344-0c2a-409c-b34a-61a4b1e1471e","local_time":"20190918172910","is_ascension_mode":true,"campfire_choices":[{"data":"Dagger Spray","floor":6.0,"key":"SMITH"},{"data":"Footwork","floor":11.0,"key":"SMITH"},{"data":"Apotheosis","floor":15.0,"key":"SMITH"},{"floor":23.0,"key":"REST"},{"floor":27.0,"key":"REST"},{"floor":32.0,"key":"REST"},{"floor":41,"key":"REST"},{"floor":47,"key":"RECALL"},{"floor":49,"key":"REST"},{"floor":53,"key":"REST"}],"neow_cost":"NONE","seed_source_timestamp":0,"circlet_count":0,"master_deck":["AscendersBane","Defend_G","Defend_G","Defend_G","Defend_G","Defend_G","Survivor","Neutralize","Footwork+1","Dagger Spray+1","Dagger Spray","Apotheosis+1","Deadly Poison","Corpse Explosion","PiercingWail","Catalyst","Poisoned Stab","PiercingWail","Prepared+1","Bite","Bite","Bite","Deflect+1","Night Terror","Escape Plan","PiercingWail+1","Dash","Footwork","Noxious Fumes","Forethought","Die Die Die","Dodge and Roll","PiercingWail","Backflip","Dodge and Roll"],"special_seed":0,"relics":["Ring of the Snake","Regal Pillow","Sundial","Membership Card","Paper Crane","Fusion Hammer","Ginger","Snake Skull","Runic Pyramid","Omamori","HornCleat","Boot","Lantern","Art of War"],"potions_floor_usage":[42,50,55],"damage_taken":[{"damage":3.0,"enemies":"Jaw Worm","floor":1.0,"turns":6.0},{"damage":0.0,"enemies":"Small Slimes","floor":3.0,"turns":5.0},{"damage":0.0,"enemies":"2 Louse","floor":4.0,"turns":3.0},{"damage":25.0,"enemies":"3 Sentries","floor":7.0,"turns":12.0},{"damage":12.0,"enemies":"Red Slaver","floor":10.0,"turns":8.0},{"damage":0.0,"enemies":"Looter","floor":14.0,"turns":5.0},{"damage":55.0,"enemies":"Slime Boss","floor":16.0,"turns":15.0},{"damage":30.0,"enemies":"Spheric Guardian","floor":18.0,"turns":5.0},{"damage":24.0,"enemies":"2 Thieves","floor":20.0,"turns":3.0},{"damage":12.0,"enemies":"Snake Plant","floor":22.0,"turns":5.0},{"damage":31.0,"enemies":"Slavers","floor":25.0,"turns":4.0},{"damage":13.0,"enemies":"Shelled Parasite and Fungi","floor":28.0,"turns":6.0},{"damage":39.0,"enemies":"Cultist and Chosen","floor":29.0,"turns":8.0},{"damage":25.0,"enemies":"Snecko","floor":30.0,"turns":6.0},{"damage":26.0,"enemies":"Champ","floor":33.0,"turns":14.0},{"damage":4.0,"enemies":"3 Darklings","floor":35.0,"turns":5.0},{"damage":0.0,"enemies":"Orb Walker","floor":37.0,"turns":4.0},{"damage":0.0,"enemies":"3 Darklings","floor":38.0,"turns":4.0},{"damage":47,"enemies":"Spire Growth","floor":39,"turns":7},{"damage":16,"enemies":"Giant Head","floor":40,"turns":5},{"damage":17,"enemies":"Reptomancer","floor":42,"turns":5},{"damage":4,"enemies":"4 Shapes","floor":44,"turns":6},{"damage":4,"enemies":"Nemesis","floor":45,"turns":7},{"damage":0,"enemies":"Writhing Mass","floor":46,"turns":7},{"damage":0,"enemies":"Maw","floor":48,"turns":7},{"damage":29,"enemies":"Time Eater","floor":50,"turns":8},{"damage":25,"enemies":"Donu and Deca","floor":51,"turns":7},{"damage":64,"enemies":"Shield and Spear","floor":55,"turns":4}],"seed_played":"-4081249351002127655","potions_obtained":[{"floor":1.0,"key":"Weak Potion"},{"floor":3.0,"key":"Fruit Juice"},{"floor":7.0,"key":"EssenceOfSteel"},{"floor":25.0,"key":"EntropicBrew"},{"floor":33.0,"key":"DuplicationPotion"},{"floor":46,"key":"AttackPotion"},{"floor":48,"key":"GhostInAJar"}],"is_trial":false,"path_per_floor":["M","?","M","M","?","R","E","?","T","M","R","?","$","M","R","B",null,"M","$","M","?","M","R","?","E","T","R","M","M","M","?","R","B",null,"M","?","M","M","M","E","R","E","T","M","E","M","R","M","R","B","B",null,"R","$","E"],"character_chosen":"THE_SILENT","items_purchased":["Membership Card","Paper Crane","Apotheosis","Catalyst","Poisoned Stab","PiercingWail","Lantern","Art of War","Weak Potion","Dodge and Roll"],"campfire_rested":6,"item_purchase_floors":[13,13,13,19,19,19,54,54,54,54],"current_hp_per_floor":[62,67,67,67,60,60,40,40,40,28,28,82,82,82,82,27,68,38,38,14,14,20,52,52,24,24,56,49,25,15,15,47,40,53,56,56,57,57,18,8,40,33,33,35,37,45,45,57,57,32,14,46,57,57,0],"gold":142,"neow_bonus":"TEN_PERCENT_HP_BONUS","is_prod":false,"is_daily":false,"chose_seed":false,"campfire_upgraded":3,"win_rate":0,"timestamp":1568820550,"path_taken":["M","?","M","M","?","R","E","?","T","M","R","?","$","?","R","BOSS","M","$","M","?","M","R","?","E","T","R","M","M","?","?","R","BOSS","M","?","M","M","?","E","R","E","T","M","E","M","R","M","R","BOSS","BOSS","R","$","E"],"build_version":"2019-09-17","purchased_purges":2,"victory":false,"max_hp_per_floor":[72,77,77,77,77,77,82,82,82,82,82,82,82,82,82,82,82,82,82,82,57,57,57,57,57,57,57,57,57,57,57,57,57,57,57,57,57,57,57,57,57,57,57,57,57,57,57,57,57,57,57,57,57,57,57],"card_choices":[{"not_picked":["Setup","Sucker Punch"],"picked":"Footwork","floor":1.0},{"not_picked":["Reflex","Choke"],"picked":"Flechettes","floor":3.0},{"not_picked":["Backflip","Endless Agony"],"picked":"Dagger Spray","floor":4.0},{"not_picked":["Underhanded Strike","Deflect"],"picked":"Endless Agony","floor":7.0},{"not_picked":["Catalyst","Quick Slash"],"picked":"Dagger Spray","floor":10.0},{"not_picked":["Leg Sweep","Poisoned Stab"],"picked":"Deadly Poison","floor":14.0},{"not_picked":["A Thousand Cuts","After Image"],"picked":"Corpse Explosion","floor":16.0},{"not_picked":["Noxious Fumes","Prepared"],"picked":"PiercingWail","floor":18.0},{"not_picked":["Endless Agony","Blade Dance+1"],"picked":"Prepared+1","floor":20.0},{"not_picked":["Outmaneuver","Poisoned Stab"],"picked":"Deflect+1","floor":22.0},{"not_picked":["Choke+1","Tools of the Trade"],"picked":"Escape Plan","floor":25.0},{"not_picked":["Bane","Slice"],"picked":"PiercingWail+1","floor":28.0},{"not_picked":["Grand Finale","Dagger Throw+1"],"picked":"Dash","floor":29.0},{"not_picked":["Eviscerate","Masterful Stab"],"picked":"Footwork","floor":30.0},{"not_picked":["Phantasmal Killer","Tools of the Trade"],"picked":"Die Die Die","floor":33.0},{"not_picked":["Acrobatics+1","Slice"],"picked":"Dodge and Roll","floor":35.0},{"not_picked":["Outmaneuver","Underhanded Strike","Predator"],"picked":"SKIP","floor":37.0},{"not_picked":["Dodge and Roll","Blade Dance","Dagger Spray"],"picked":"SKIP","floor":38.0},{"not_picked":["Underhanded Strike","Setup","Corpse Explosion"],"picked":"SKIP","floor":39},{"not_picked":["Heel Hook","Poisoned Stab+1","Skewer"],"picked":"SKIP","floor":40},{"not_picked":["Poisoned Stab","Tactician"],"picked":"PiercingWail","floor":42},{"not_picked":["Dagger Throw","Eviscerate","Accuracy"],"picked":"SKIP","floor":44},{"not_picked":["Eviscerate","Bane+1"],"picked":"Backflip","floor":45},{"not_picked":["Sucker Punch","Dagger Spray","Outmaneuver"],"picked":"SKIP","floor":46},{"not_picked":["Deflect","Infinite Blades","Choke"],"picked":"SKIP","floor":48}],"player_experience":2072294,"relics_obtained":[{"floor":7.0,"key":"Regal Pillow"},{"floor":9.0,"key":"Sundial"},{"floor":25.0,"key":"Ginger"},{"floor":26.0,"key":"Snake Skull"},{"floor":40,"key":"Omamori"},{"floor":42,"key":"HornCleat"},{"floor":45,"key":"Boot"}],"event_choices":[{"damage_healed":0.0,"max_hp_gain":5.0,"max_hp_loss":0.0,"gold_gain":0.0,"event_name":"Big Fish","player_choice":"Donut","floor":2.0,"gold_loss":0.0,"damage_taken":0.0},{"cards_removed":["Strike_G"],"damage_healed":0.0,"max_hp_gain":0.0,"max_hp_loss":0.0,"gold_gain":0.0,"event_name":"Golden Wing","player_choice":"Card Removal","floor":5.0,"gold_loss":0.0,"damage_taken":7.0},{"damage_healed":0.0,"max_hp_gain":0.0,"max_hp_loss":0.0,"gold_gain":150.0,"event_name":"Liars Game","player_choice":"AGREE","floor":8.0,"gold_loss":0.0,"damage_taken":0.0,"cards_obtained":["Doubt"]},{"cards_removed":["Flechettes"],"damage_healed":54.0,"max_hp_gain":0.0,"max_hp_loss":0.0,"gold_gain":0.0,"event_name":"Bonfire Elementals","player_choice":"Offered Uncommon","floor":12.0,"gold_loss":0.0,"damage_taken":0.0},{"damage_healed":0.0,"max_hp_gain":0.0,"max_hp_loss":25.0,"gold_gain":0.0,"event_name":"Vampires","player_choice":"Became a vampire","floor":21.0,"gold_loss":0.0,"damage_taken":0.0,"cards_obtained":["Bite","Bite","Bite","Bite","Bite"]},{"damage_healed":0.0,"max_hp_gain":0.0,"max_hp_loss":0.0,"gold_gain":0.0,"event_name":"Match and Keep!","player_choice":"1 cards matched","floor":24.0,"gold_loss":0.0,"damage_taken":0.0,"cards_obtained":["Night Terror"]},{"damage_healed":0.0,"max_hp_gain":0.0,"max_hp_loss":0.0,"gold_gain":0.0,"cards_transformed":["Endless Agony","Bite"],"event_name":"Drug Dealer","player_choice":"Became Test Subject","floor":31.0,"gold_loss":0.0,"damage_taken":0.0,"cards_obtained":["Noxious Fumes","Forethought"]},{"damage_healed":0.0,"max_hp_gain":0.0,"max_hp_loss":0.0,"gold_gain":0.0,"event_name":"Match and Keep!","player_choice":"0 cards matched","floor":36.0,"gold_loss":0.0,"damage_taken":0.0,"cards_obtained":[]}],"is_beta":true,"boss_relics":[{"not_picked":["SacredBark","SlaversCollar"],"picked":"Fusion Hammer"},{"not_picked":["HoveringKite","Black Star"],"picked":"Runic Pyramid"}],"items_purged_floors":[19,54],"is_endless":false,"potions_floor_spawned":[1,3,7,20,25,30,33,35,38,46,48],"killed_by":"Shield and Spear","ascension_level":20}