{"gold_per_floor":[116,133,151,151,170,170,499,499,499,3,37,37,37,37,37,109,109,69,69,100,112,28,28,28,28,28,28,28,53,67,12,12,12],"floor_reached":33,"playtime":3750,"items_purged":[],"score":578,"play_id":"55820a54-7fd3-44f5-a119-db6e895996f9","local_time":"20190213173346","is_ascension_mode":true,"campfire_choices":[{"data":"Zap","floor":6.0,"key":"SMITH"},{"data":"Dualcast","floor":8.0,"key":"SMITH"},{"data":"Clothesline","floor":13,"key":"SMITH"},{"data":"hubris:DuctTapeCard","floor":15,"key":"SMITH"},{"floor":24,"key":"REST"},{"data":"Whirlwind","floor":27,"key":"SMITH"},{"data":"Hello World","floor":32,"key":"SMITH"}],"neow_cost":"NONE","seed_source_timestamp":0,"circlet_count":0,"master_deck":["AscendersBane","Strike_B","Strike_B","Strike_B","Defend_B","Defend_B","Zap+1","Dualcast+1","Glacier","BootSequence","Ball Lightning","Steam","Gash","hubris:DuctTapeCard+2","Clothesline+1","Seek","Whirlwind+1","Heavy Blade+1","Sever Soul","Hello World+1","Writhe","Sword Boomerang","Caltrops"],"special_seed":0,"relics":["Cracked Core","Old Coin","hubris:DuctTape","Matryoshka","PrismaticShard","Juzu Bracelet","Peace Pipe","hubris:BlackHole","Red Mask","Darkstone Periapt","Centennial Puzzle","Oddly Smooth Stone","hubris:DisguiseKit"],"potions_floor_usage":[16,23,29,33],"damage_taken":[{"damage":11.0,"enemies":"2 Louse","floor":1.0,"turns":3.0},{"damage":2.0,"enemies":"Cultist","floor":2.0,"turns":5.0},{"damage":0.0,"enemies":"Small Slimes","floor":3.0,"turns":3.0},{"damage":2.0,"enemies":"Exordium Wildlife","floor":5.0,"turns":3.0},{"damage":16.0,"enemies":"3 Sentries","floor":7.0,"turns":8.0},{"damage":18,"enemies":"Lagavulin","floor":11,"turns":7},{"damage":7,"enemies":"The Guardian","floor":16,"turns":12},{"damage":9,"enemies":"2 Thieves","floor":18,"turns":5},{"damage":32,"enemies":"Masked Bandits","floor":20,"turns":4},{"damage":3,"enemies":"Spheric Guardian","floor":21,"turns":3},{"damage":3,"enemies":"Slavers","floor":23,"turns":2},{"damage":16,"enemies":"Book of Stabbing","floor":29,"turns":5},{"damage":8,"enemies":"3 Cultists","floor":30,"turns":4},{"damage":21,"enemies":"Collector","floor":33,"turns":2}],"seed_played":"-3667463773457824575","potions_obtained":[{"floor":2.0,"key":"Dexterity Potion"},{"floor":3.0,"key":"EssenceOfSteel"},{"floor":16,"key":"SmokeBomb"},{"floor":18,"key":"Fire Potion"},{"floor":30,"key":"Dexterity Potion"}],"is_trial":false,"path_per_floor":["M","M","M","?","M","R","E","R","T","$","E","?","R","?","R","B",null,"M","?","?","M","$","E","R","$","T","R","?","E","M","$","R","B"],"character_chosen":"DEFECT","items_purchased":["Matryoshka","PrismaticShard","Hello World","AttackPotion"],"campfire_rested":1,"item_purchase_floors":[10,10,22,31],"current_hp_per_floor":[53,51,51,51,49,49,33,33,33,33,15,15,15,15,15,8,55,46,46,14,11,11,8,29,29,29,29,35,19,11,11,11,0],"gold":12,"neow_bonus":"THREE_CARDS","is_prod":false,"is_daily":false,"chose_seed":false,"campfire_upgraded":6,"win_rate":0,"timestamp":1550075626,"path_taken":["M","M","M","?","M","R","E","R","T","$","E","?","R","?","R","BOSS","M","?","?","M","$","E","R","?","T","R","?","E","M","$","R","BOSS"],"build_version":"2019-01-23","purchased_purges":0,"victory":false,"max_hp_per_floor":[71,71,71,71,71,71,71,71,71,71,71,71,71,71,71,71,71,71,71,71,71,71,71,71,71,71,71,77,77,77,77,77,77],"card_choices":[{"not_picked":["Auto Shields","Sweeping Beam"],"picked":"Glacier","floor":0.0},{"not_picked":["Redo","Glacier"],"picked":"BootSequence","floor":1.0},{"not_picked":["Reinforced Body","Doom and Gloom"],"picked":"Ball Lightning","floor":2.0},{"not_picked":["Stack","Beam Cell","Leap"],"picked":"SKIP","floor":3.0},{"not_picked":["Heatsinks","Fusion"],"picked":"Steam","floor":5.0},{"not_picked":["BootSequence","Glacier"],"picked":"Gash","floor":7.0},{"not_picked":["Skewer","Pommel Strike"],"picked":"Clothesline","floor":11},{"not_picked":["Impervious","Core Surge"],"picked":"Seek","floor":16},{"not_picked":["Leap","Blood for Blood"],"picked":"Whirlwind","floor":18},{"not_picked":["Heatsinks+1","Headbutt"],"picked":"Heavy Blade+1","floor":20},{"not_picked":["Fire Breathing","Double Energy"],"picked":"Sever Soul","floor":21},{"not_picked":["Auto Shields","Gash"],"picked":"Sword Boomerang","floor":29},{"not_picked":["Conserve Battery+1","Flying Knee","Armaments"],"picked":"Caltrops","floor":30}],"player_experience":1250271,"relics_obtained":[{"floor":7.0,"key":"Old Coin"},{"floor":9.0,"key":"hubris:DuctTape"},{"floor":11,"key":"Juzu Bracelet"},{"floor":14,"key":"Peace Pipe"},{"floor":20,"key":"Red Mask"},{"floor":26,"key":"Darkstone Periapt"},{"floor":26,"key":"Centennial Puzzle"},{"floor":29,"key":"hubris:DisguiseKit"}],"event_choices":[{"cards_removed":["Defend_B"],"damage_healed":0.0,"max_hp_gain":0.0,"max_hp_loss":0.0,"gold_gain":0.0,"event_name":"Bonfire Elementals","player_choice":"Offered Basic","floor":4.0,"gold_loss":0.0,"damage_taken":0.0},{"damage_healed":0,"gold_gain":0,"player_choice":"Ignored","damage_taken":0,"max_hp_gain":0,"max_hp_loss":0,"event_name":"Shining Light","floor":12,"gold_loss":0},{"damage_healed":0,"gold_gain":0,"player_choice":"Ignored","damage_taken":0,"max_hp_gain":0,"max_hp_loss":0,"event_name":"Beggar","floor":19,"gold_loss":0},{"damage_healed":0,"gold_gain":0,"player_choice":"Fought Bandits","damage_taken":0,"max_hp_gain":0,"max_hp_loss":0,"event_name":"Masked Bandits","floor":20,"gold_loss":0},{"damage_healed":0,"gold_gain":0,"player_choice":"Opened","damage_taken":0,"relics_obtained":["Oddly Smooth Stone"],"max_hp_gain":0,"max_hp_loss":0,"event_name":"The Mausoleum","floor":28,"gold_loss":0,"cards_obtained":["Writhe"]}],"is_beta":false,"boss_relics":[{"not_picked":["hubris:GrandSneckoEye","White Beast Statue"],"picked":"hubris:BlackHole"}],"items_purged_floors":[],"is_endless":false,"potions_floor_spawned":[2,3,7,16,18,30],"killed_by":"Collector","ascension_level":20}