{"gold_per_floor":[219,10,10,20,33,65,65,79,152,152],"floor_reached":10,"playtime":275,"items_purged":[],"score":136,"play_id":"e6495074-67df-498c-911b-61999ddda56b","local_time":"20190827145853","is_ascension_mode":true,"campfire_choices":[{"floor":7,"key":"REST"}],"neow_cost":"NONE","seed_source_timestamp":18857486555454,"circlet_count":0,"master_deck":["AscendersBane","Strike_G","Strike_G","Strike_G","Strike_G","Defend_G","Defend_G","Defend_G","Defend_G","Defend_G","Survivor","Neutralize","Noxious Fumes","Poisoned Stab","Bane","Sucker Punch","Deadly Poison"],"relics":["Ring of the Snake","Membership Card","WingedGreaves","Mummified Hand"],"potions_floor_usage":[10],"damage_taken":[{"damage":4,"enemies":"Small Slimes","floor":1,"turns":3},{"damage":10,"enemies":"Cultist","floor":4,"turns":6},{"damage":3,"enemies":"Jaw Worm","floor":5,"turns":5},{"damage":38,"enemies":"Lagavulin","floor":6,"turns":9},{"damage":4,"enemies":"Blue Slaver","floor":8,"turns":4},{"damage":27,"enemies":"Gremlin Nob","floor":10,"turns":3}],"seed_played":"-7786105071987287474","potions_obtained":[{"floor":8,"key":"FearPotion"}],"is_trial":false,"path_per_floor":["M","$","?","M","M","E","R","M","T","E"],"character_chosen":"THE_SILENT","items_purchased":["Membership Card"],"campfire_rested":1,"item_purchase_floors":[2],"current_hp_per_floor":[55,55,55,45,42,4,23,19,19,0],"gold":152,"neow_bonus":"HUNDRED_GOLD","is_prod":false,"is_daily":false,"chose_seed":false,"campfire_upgraded":0,"win_rate":0,"timestamp":1566910733,"path_taken":["M","$","?","M","M","E","R","?","T","E"],"build_version":"2019-07-17","purchased_purges":0,"victory":false,"max_hp_per_floor":[66,66,66,66,66,66,66,66,66,66],"card_choices":[{"not_picked":["PiercingWail","Quick Slash"],"picked":"Noxious Fumes","floor":1},{"not_picked":["Choke","Deflect"],"picked":"Poisoned Stab","floor":4},{"not_picked":["Acrobatics","Backflip"],"picked":"Bane","floor":5},{"not_picked":["Concentrate","Prepared"],"picked":"Sucker Punch","floor":6},{"not_picked":["Distraction","Masterful Stab"],"picked":"Deadly Poison","floor":8}],"player_experience":1982832,"relics_obtained":[{"floor":6,"key":"WingedGreaves"},{"floor":9,"key":"Mummified Hand"}],"event_choices":[{"cards_removed":["Strike_G"],"damage_healed":0,"gold_gain":0,"player_choice":"Purged","damage_taken":0,"max_hp_gain":0,"max_hp_loss":0,"event_name":"Purifier","floor":3,"gold_loss":0}],"is_beta":false,"boss_relics":[],"items_purged_floors":[],"is_endless":false,"potions_floor_spawned":[8],"killed_by":"Gremlin Nob","ascension_level":20}