{"gold_per_floor":[109,109,184,201,201,201,80,80,80,119,131,143,166,206,218,304,316,340,363,388,400,2,2,34,34,60,10,45,62,95,109,109,186,186,200,200,220,236,236,236,271,271,294,328,328,343,443,116,116,116,116,116,116,41,74,74],"floor_reached":56,"playtime":2248,"items_purged":["Decay"],"score":2188,"play_id":"a39ce1e4-20e3-47c6-91e6-b0d3c74640b5","local_time":"20190124202142","is_ascension_mode":true,"campfire_choices":[{"data":"Dualcast","floor":6,"key":"SMITH"},{"data":"hubris:PowerSurge","floor":8,"key":"SMITH"},{"data":"hubris:Ukulele","floor":12,"key":"SMITH"},{"data":"Ball Lightning","floor":15,"key":"SMITH"},{"data":"hubris:PowerSurge","floor":23,"key":"SMITH"},{"floor":32,"key":"REST"},{"data":"Electrodynamics","floor":40,"key":"SMITH"},{"floor":42,"key":"REST"},{"data":"Biased Cognition","floor":45,"key":"SMITH"},{"floor":49,"key":"RECALL"},{"data":"Rainbow","floor":53,"key":"SMITH"}],"neow_cost":"NONE","seed_source_timestamp":33176588496245,"circlet_count":0,"master_deck":["AscendersBane","Defend_B","Defend_B","Defend_B","Zap+1","Dualcast+1","Coolheaded+1","BootSequence+1","hubris:PowerSurge+1","hubris:Ukulele+1","Core Surge+1","Ball Lightning+1","Ball Lightning+1","Rainbow+1","Coolheaded","Coolheaded","hubris:PowerSurge+1","Electrodynamics+1","Genetic Algorithm+1","Compile Driver","Tempest+1","Machine Learning","Buffer+1","Darkness+1","Stack+1","Capacitor","Static Discharge","Biased Cognition+1","Glacier","Hologram+1","Defragment"],"relics":["Cracked Core","NeowsBlessing","MawBank","Orichalcum","Whetstone","Snecko Eye","Runic Capacitor","Vajra","hubris:SlimyHat","Potion Belt","Kunai","Astrolabe","Mercury Hourglass","DataDisk","Torii","Calipers","Bag of Preparation"],"potions_floor_usage":[33,41,41,41],"damage_taken":[{"damage":0,"enemies":"Cultist","floor":1,"turns":1},{"damage":0,"enemies":"Jaw Worm","floor":4,"turns":1},{"damage":0,"enemies":"Gremlin Nob","floor":10,"turns":1},{"damage":0,"enemies":"2 Louse","floor":13,"turns":2},{"damage":15,"enemies":"3 Sentries","floor":14,"turns":4},{"damage":3,"enemies":"Hexaghost","floor":16,"turns":5},{"damage":14,"enemies":"Shell Parasite","floor":18,"turns":3},{"damage":14,"enemies":"3 Byrds","floor":19,"turns":4},{"damage":0,"enemies":"Shelled Parasite and Fungi","floor":20,"turns":4},{"damage":7,"enemies":"Gremlin Leader","floor":24,"turns":2},{"damage":1,"enemies":"Book of Stabbing","floor":28,"turns":5},{"damage":0,"enemies":"Centurion and Healer","floor":29,"turns":4},{"damage":0,"enemies":"Gremlin Leader","floor":30,"turns":4},{"damage":2,"enemies":"Snake Plant","floor":31,"turns":3},{"damage":33,"enemies":"Champ","floor":33,"turns":7},{"damage":0,"enemies":"3 Shapes","floor":35,"turns":4},{"damage":4,"enemies":"Orb Walker","floor":37,"turns":3},{"damage":13,"enemies":"Writhing Mass","floor":38,"turns":5},{"damage":36,"enemies":"Nemesis","floor":41,"turns":7},{"damage":2,"enemies":"Reptomancer","floor":44,"turns":4},{"damage":0,"enemies":"Maw","floor":46,"turns":4},{"damage":0,"enemies":"Mind Bloom Boss Battle","floor":47,"turns":3},{"damage":0,"enemies":"Awakened One","floor":50,"turns":13},{"damage":0,"enemies":"hubris:GrandSnecko","floor":51,"turns":7},{"damage":7,"enemies":"Shield and Spear","floor":55,"turns":3},{"damage":76,"enemies":"The Heart","floor":56,"turns":3}],"seed_played":"-4831923666876783757","potions_obtained":[{"floor":1,"key":"Energy Potion"},{"floor":13,"key":"FearPotion"},{"floor":16,"key":"PowerPotion"},{"floor":20,"key":"FocusPotion"},{"floor":33,"key":"Weak Potion"},{"floor":37,"key":"Fruit Juice"},{"floor":41,"key":"SpeedPotion"},{"floor":46,"key":"Ancient Potion"},{"floor":47,"key":"LiquidBronze"},{"floor":55,"key":"Ancient Potion"}],"is_trial":false,"path_per_floor":["M","?","?","M","?","R","$","R","T","E","$","R","M","E","R","B",null,"M","M","M","?","$","R","E","$","T","?","E","M","E","M","R","B",null,"M","?","M","M","?","R","E","R","T","E","R","M","?","$","R","B","B",null,"R","$","E","B"],"character_chosen":"DEFECT","items_purchased":["hubris:PowerSurge","hubris:Ukulele","Runic Capacitor","Electrodynamics","Calipers"],"campfire_rested":2,"item_purchase_floors":[7,7,22,22,48],"current_hp_per_floor":[64,64,53,53,32,32,32,32,32,32,32,32,32,17,17,14,57,43,29,29,29,29,29,22,22,22,22,21,21,21,19,40,7,55,55,55,51,38,38,38,7,29,29,27,27,27,27,27,27,27,27,64,64,64,57,0],"gold":74,"neow_bonus":"THREE_ENEMY_KILL","is_prod":false,"is_daily":false,"chose_seed":false,"campfire_upgraded":8,"win_rate":0,"timestamp":1548357702,"path_taken":["M","?","?","M","?","R","?","R","T","E","$","R","?","E","R","BOSS","M","M","M","?","$","R","E","$","T","?","E","?","E","M","R","BOSS","M","?","?","M","?","R","E","R","T","E","R","M","?","$","R","BOSS","BOSS","R","$","E","BOSS"],"build_version":"2019-01-23","purchased_purges":1,"victory":false,"max_hp_per_floor":[71,71,71,71,71,71,71,71,71,71,71,71,71,71,71,71,71,71,71,71,71,71,71,71,71,71,71,71,71,71,71,71,71,71,71,71,71,71,71,71,76,76,76,76,76,76,76,76,76,76,76,76,76,76,76,76],"card_choices":[{"not_picked":["Lockon","Auto Shields"],"picked":"Coolheaded","floor":1},{"not_picked":["Beam Cell","Go for the Eyes"],"picked":"BootSequence","floor":4},{"not_picked":["Go for the Eyes","Loop"],"picked":"Core Surge","floor":10},{"not_picked":["Barrage","Doom and Gloom"],"picked":"Ball Lightning","floor":13},{"not_picked":["Beam Cell","Cold Snap"],"picked":"Ball Lightning","floor":14},{"not_picked":["Buffer","hubris:SpecializedCircuitry"],"picked":"Rainbow","floor":16},{"not_picked":["Barrage","Stack+1"],"picked":"Coolheaded","floor":18},{"not_picked":["Force Field+1","Lockon"],"picked":"Coolheaded","floor":19},{"not_picked":["FTL","Compile Driver"],"picked":"hubris:PowerSurge","floor":20},{"not_picked":["Coolheaded","Beam Cell","Sunder"],"picked":"SKIP","floor":24},{"not_picked":["Ball Lightning","Go for the Eyes"],"picked":"Genetic Algorithm+1","floor":28},{"not_picked":["Stack","Aggregate"],"picked":"Compile Driver","floor":29},{"not_picked":["Gash","Steam Power"],"picked":"Tempest+1","floor":30},{"not_picked":["Sweeping Beam","Streamline","Gash"],"picked":"SKIP","floor":31},{"not_picked":["Rainbow","hubris:SpecializedCircuitry"],"picked":"Machine Learning","floor":33},{"not_picked":["Rebound","Conserve Battery","Stack+1"],"picked":"SKIP","floor":35},{"not_picked":["Gash","Conserve Battery","Barrage"],"picked":"SKIP","floor":37},{"not_picked":["Aggregate+1","Streamline"],"picked":"Static Discharge","floor":38},{"not_picked":["Fusion+1","Redo"],"picked":"Biased Cognition","floor":41},{"not_picked":["Fusion","Lockon+1","Barrage"],"picked":"SKIP","floor":44},{"not_picked":["Stack","Chill"],"picked":"Glacier","floor":46},{"not_picked":["Streamline","Compile Driver"],"picked":"Hologram+1","floor":47},{"not_picked":["Tempest+1","BootSequence"],"picked":"Defragment","floor":55}],"player_experience":1160769,"relics_obtained":[{"floor":9,"key":"MawBank"},{"floor":10,"key":"Orichalcum"},{"floor":14,"key":"Whetstone"},{"floor":24,"key":"Vajra"},{"floor":26,"key":"hubris:SlimyHat"},{"floor":28,"key":"Potion Belt"},{"floor":30,"key":"Kunai"},{"floor":41,"key":"Mercury Hourglass"},{"floor":44,"key":"DataDisk"},{"floor":47,"key":"Torii"},{"floor":55,"key":"Bag of Preparation"}],"event_choices":[{"damage_healed":0,"gold_gain":0,"player_choice":"Grow","damage_taken":0,"max_hp_gain":0,"max_hp_loss":0,"event_name":"Living Wall","floor":2,"gold_loss":0,"cards_upgraded":["Zap"]},{"damage_healed":0,"gold_gain":75,"player_choice":"Gather Gold","damage_taken":11,"max_hp_gain":0,"max_hp_loss":0,"event_name":"World of Goop","floor":3,"gold_loss":0},{"damage_healed":0,"gold_gain":0,"player_choice":"Entered Light","damage_taken":21,"max_hp_gain":0,"max_hp_loss":0,"event_name":"Shining Light","floor":5,"gold_loss":0,"cards_upgraded":["BootSequence","Coolheaded"]},{"damage_healed":0,"gold_gain":0,"player_choice":"Smashed Altar","damage_taken":0,"max_hp_gain":0,"max_hp_loss":0,"event_name":"Forgotten Altar","floor":21,"gold_loss":0,"cards_obtained":["Decay"]},{"damage_healed":0,"gold_gain":0,"player_choice":"Bet on Murderer","damage_taken":0,"max_hp_gain":0,"max_hp_loss":0,"event_name":"The Joust","floor":27,"gold_loss":50},{"damage_healed":0,"gold_gain":0,"cards_transformed":["Strike_B"],"player_choice":"Transformed","damage_taken":0,"max_hp_gain":0,"max_hp_loss":0,"event_name":"Transmorgrifier","floor":36,"gold_loss":0,"cards_obtained":["Capacitor"]},{"cards_removed":["Defend_B"],"damage_healed":0,"gold_gain":0,"player_choice":"Removed Skill","damage_taken":0,"max_hp_gain":0,"max_hp_loss":0,"event_name":"Falling","floor":39,"gold_loss":0},{"damage_healed":0,"gold_gain":0,"player_choice":"Fight","damage_taken":0,"max_hp_gain":0,"max_hp_loss":0,"event_name":"MindBloom","floor":47,"gold_loss":0}],"is_beta":false,"boss_relics":[{"not_picked":["Tiny House","Runic Dome"],"picked":"Snecko Eye"},{"not_picked":["Black Star","Lizard Tail"],"picked":"Astrolabe"}],"items_purged_floors":[54],"is_endless":false,"potions_floor_spawned":[1,13,16,18,20,33,37,41,46,47,55],"killed_by":"The Heart","ascension_level":20}