{"gold_per_floor":[116,116,130,145,159,159,190,206,278,303,18,36,36,36,36,138,138,148,168,168,168,184,218,231,231,231,87,103,137,137,151,151,253,253,268,268,168,185,60,60,92,92,118,136,136],"floor_reached":45,"playtime":6300,"items_purged":["Strike_G+1","Strike_G+1","Strike_G+1"],"score":572,"play_id":"8112e6a0-32ba-4e80-81ee-1d42fa44868c","local_time":"20190920215442","is_ascension_mode":true,"campfire_choices":[{"data":"Neutralize","floor":6,"key":"SMITH"},{"data":"Predator","floor":13,"key":"SMITH"},{"data":"Footwork","floor":15,"key":"SMITH"},{"data":"Corpse Explosion","floor":25,"key":"SMITH"},{"floor":30,"key":"REST"},{"data":"Poisoned Stab","floor":32,"key":"SMITH"},{"data":"After Image","floor":40,"key":"SMITH"},{"floor":42,"key":"RECALL"}],"neow_cost":"TEN_PERCENT_HP_LOSS","seed_source_timestamp":773775497438400,"circlet_count":0,"master_deck":["Strike_G+1","Strike_G+1","Defend_G+1","Defend_G+1","Defend_G+1","Defend_G+1","Defend_G+1","Survivor","Neutralize+1","Corpse Explosion+1","Poisoned Stab+1","Swift Strike","Quick Slash","Well Laid Plans","Predator+1","Acrobatics","Footwork+1","Tactician+1","Deflect+1","Die Die Die","Normality","Injury","Doubt","Prepared+1","Prepared+1","All Out Attack","Dodge and Roll+1","Footwork","Die Die Die","Backstab","After Image+1","Dodge and Roll+1","Blade Dance+1"],"relics":["Ring of the Snake","Pear","WingedGreaves","Toxic Egg 2","Calling Bell","Pocketwatch","Paper Crane","Anchor","Bag of Preparation","Ninja Scroll","Kunai","Snecko Eye","Molten Egg 2","Pantograph","Happy Flower"],"potions_floor_usage":[8,10,23,28,29,31,33,33,41],"damage_taken":[{"damage":0,"enemies":"Small Slimes","floor":1,"turns":4},{"damage":0,"enemies":"Cultist","floor":3,"turns":3},{"damage":0,"enemies":"2 Louse","floor":4,"turns":2},{"damage":0,"enemies":"Blue Slaver","floor":5,"turns":3},{"damage":12,"enemies":"Gremlin Nob","floor":7,"turns":4},{"damage":18,"enemies":"Large Slime","floor":8,"turns":4},{"damage":17,"enemies":"Lagavulin","floor":10,"turns":6},{"damage":2,"enemies":"Looter","floor":12,"turns":3},{"damage":12,"enemies":"Hexaghost","floor":16,"turns":11},{"damage":10,"enemies":"3 Byrds","floor":18,"turns":4},{"damage":3,"enemies":"2 Thieves","floor":19,"turns":2},{"damage":1,"enemies":"Snecko","floor":22,"turns":6},{"damage":40,"enemies":"Gremlin Leader","floor":23,"turns":7},{"damage":5,"enemies":"Shelled Parasite and Fungi","floor":24,"turns":8},{"damage":6,"enemies":"Snake Plant","floor":28,"turns":8},{"damage":0,"enemies":"Book of Stabbing","floor":29,"turns":8},{"damage":12,"enemies":"Centurion and Healer","floor":31,"turns":7},{"damage":13,"enemies":"Champ","floor":33,"turns":14},{"damage":0,"enemies":"3 Shapes","floor":35,"turns":1},{"damage":0,"enemies":"3 Darklings","floor":38,"turns":2},{"damage":41,"enemies":"Nemesis","floor":41,"turns":9},{"damage":0,"enemies":"4 Shapes","floor":44,"turns":3},{"damage":39,"enemies":"Writhing Mass","floor":45,"turns":7}],"seed_played":"5025050709006875937","potions_obtained":[{"floor":1,"key":"EssenceOfSteel"},{"floor":7,"key":"Regen Potion"},{"floor":10,"key":"SkillPotion"},{"floor":12,"key":"Poison Potion"},{"floor":16,"key":"SneckoOil"},{"floor":23,"key":"SpeedPotion"},{"floor":28,"key":"Weak Potion"},{"floor":29,"key":"Regen Potion"},{"floor":33,"key":"FearPotion"},{"floor":35,"key":"Fruit Juice"},{"floor":44,"key":"Explosive Potion"}],"is_trial":false,"path_per_floor":["M","?","M","M","M","R","E","M","T","E","$","M","R","?","R","B",null,"M","M","?","?","M","E","M","R","T","$","M","E","R","M","R","B",null,"M","?","$","M","$","R","E","R","T","M","M"],"character_chosen":"THE_SILENT","items_purchased":["Toxic Egg 2","Tactician+1","Footwork"],"campfire_rested":1,"item_purchase_floors":[11,11,27],"current_hp_per_floor":[63,63,63,63,63,63,61,43,43,41,41,39,39,39,39,27,73,63,60,60,60,59,19,14,14,14,14,8,8,29,32,32,19,73,73,73,73,73,73,73,37,37,37,37,0],"gold":136,"neow_bonus":"THREE_RARE_CARDS","is_prod":false,"is_daily":false,"chose_seed":false,"campfire_upgraded":6,"win_rate":0,"timestamp":1569027282,"path_taken":["M","?","M","M","M","R","E","M","T","E","$","?","R","?","R","BOSS","M","M","?","?","M","E","M","R","T","$","M","E","R","M","R","BOSS","M","?","$","?","$","R","E","R","T","M","M"],"build_version":"2019-07-17","purchased_purges":3,"victory":false,"max_hp_per_floor":[63,63,63,63,63,63,73,73,73,73,73,73,73,73,73,73,73,73,73,73,73,73,73,73,73,73,73,73,73,73,73,73,73,73,73,73,73,73,73,73,78,78,78,78,78],"card_choices":[{"not_picked":["Burst","Unload"],"picked":"Corpse Explosion","floor":0},{"not_picked":["Blade Dance","Eviscerate"],"picked":"Poisoned Stab","floor":1},{"not_picked":["Blur","Blade Dance"],"picked":"Quick Slash","floor":3},{"not_picked":["All Out Attack","Caltrops"],"picked":"Well Laid Plans","floor":4},{"not_picked":["Blade Dance","Sucker Punch"],"picked":"Predator","floor":5},{"not_picked":["Poisoned Stab","Deflect"],"picked":"Acrobatics","floor":7},{"not_picked":["Flying Knee","Prepared","Outmaneuver"],"picked":"SKIP","floor":8},{"not_picked":["Underhanded Strike","Dagger Throw"],"picked":"Footwork","floor":10},{"not_picked":["Corpse Explosion+1","Prepared+1"],"picked":"Deflect+1","floor":12},{"not_picked":["A Thousand Cuts","Adrenaline+1"],"picked":"Die Die Die","floor":16},{"not_picked":["Slice","Skewer+1"],"picked":"Prepared+1","floor":18},{"not_picked":["Backstab","Acrobatics+1"],"picked":"Prepared+1","floor":19},{"not_picked":["Quick Slash","Sucker Punch+1"],"picked":"All Out Attack","floor":22},{"not_picked":["Flying Knee","Well Laid Plans+1"],"picked":"Dodge and Roll+1","floor":23},{"not_picked":["Caltrops+1","Masterful Stab","Predator+1"],"picked":"SKIP","floor":24},{"not_picked":["Quick Slash+1","Sucker Punch"],"picked":"Die Die Die","floor":28},{"not_picked":["PiercingWail+1","Deadly Poison+1"],"picked":"Backstab","floor":29},{"not_picked":["Distraction+1","Bane","Flying Knee"],"picked":"SKIP","floor":31},{"not_picked":["Malaise+1","Bullet Time+1"],"picked":"After Image","floor":33},{"not_picked":["Dagger Spray+1","Dagger Throw+1","Choke+1"],"picked":"SKIP","floor":35},{"not_picked":["Crippling Poison+1","Sucker Punch+1","Riddle With Holes+1"],"picked":"SKIP","floor":38},{"not_picked":["Quick Slash+1","Tools of the Trade"],"picked":"Dodge and Roll+1","floor":41},{"not_picked":["Blur+1","Dagger Throw+1"],"picked":"Blade Dance+1","floor":44}],"player_experience":68450,"relics_obtained":[{"floor":7,"key":"Pear"},{"floor":10,"key":"WingedGreaves"},{"floor":17,"key":"Pocketwatch"},{"floor":17,"key":"Paper Crane"},{"floor":17,"key":"Anchor"},{"floor":23,"key":"Bag of Preparation"},{"floor":26,"key":"Ninja Scroll"},{"floor":29,"key":"Kunai"},{"floor":41,"key":"Pantograph"},{"floor":43,"key":"Happy Flower"}],"event_choices":[{"damage_healed":0,"gold_gain":0,"player_choice":"1 cards matched","damage_taken":0,"max_hp_gain":0,"max_hp_loss":0,"event_name":"Match and Keep!","floor":2,"gold_loss":0,"cards_obtained":["Swift Strike"]},{"damage_healed":0,"gold_gain":0,"player_choice":"Ignored","damage_taken":0,"max_hp_gain":0,"max_hp_loss":0,"event_name":"Liars Game","floor":14,"gold_loss":0},{"damage_healed":0,"gold_gain":0,"player_choice":"Simplicity","damage_taken":0,"max_hp_gain":0,"max_hp_loss":0,"event_name":"Back to Basics","floor":20,"gold_loss":0,"cards_upgraded":["Strike_G","Strike_G","Strike_G","Strike_G","Strike_G","Defend_G","Defend_G","Defend_G","Defend_G","Defend_G"]},{"damage_healed":0,"gold_gain":0,"player_choice":"Ignored","damage_taken":0,"max_hp_gain":0,"max_hp_loss":0,"event_name":"Vampires","floor":21,"gold_loss":0},{"damage_healed":0,"gold_gain":0,"player_choice":"Gave Potion","damage_taken":0,"relics_obtained":["Molten Egg 2"],"max_hp_gain":0,"max_hp_loss":0,"event_name":"WeMeetAgain","floor":36,"gold_loss":0}],"is_beta":false,"boss_relics":[{"not_picked":["Velvet Choker","Tiny House"],"picked":"Calling Bell"},{"not_picked":["Cursed Key","Eternal Feather"],"picked":"Snecko Eye"}],"items_purged_floors":[27,37,39],"is_endless":false,"potions_floor_spawned":[1,7,10,12,16,19,23,28,29,33,35,44],"killed_by":"Writhing Mass","ascension_level":1}