{"gold_per_floor":[19,30,30,40,52,52,71,71,95,95,95,114,114,144,144,144],"floor_reached":16,"playtime":536,"items_purged":[],"score":254,"play_id":"bb8293e4-c2ae-42ad-ac09-30edaa6eea58","local_time":"20190127123510","is_ascension_mode":true,"campfire_choices":[{"data":"Glass Knife","floor":6.0,"key":"SMITH"},{"data":"Neutralize","floor":10.0,"key":"SMITH"},{"data":"Bouncing Flask","floor":15,"key":"SMITH"}],"neow_cost":"NO_GOLD","seed_source_timestamp":0,"circlet_count":0,"master_deck":["AscendersBane","Defend_G","Defend_G","Defend_G","Defend_G","Defend_G","Strike_G","Strike_G","Strike_G","Strike_G","Strike_G","Survivor","Neutralize+1","Glass Knife+1","Bouncing Flask+1","Blur","PiercingWail","Dagger Spray","Dodge and Roll","Neutralize","Blade Dance","Poisoned Stab"],"special_seed":0,"relics":["Ring of the Snake","Centennial Puzzle","Omamori","Art of War"],"potions_floor_usage":[14],"damage_taken":[{"damage":2.0,"enemies":"Jaw Worm","floor":1.0,"turns":3.0},{"damage":0.0,"enemies":"Cultist","floor":2.0,"turns":3.0},{"damage":1.0,"enemies":"Small Slimes","floor":4.0,"turns":3.0},{"damage":16.0,"enemies":"Gremlin Gang","floor":5.0,"turns":6.0},{"damage":0.0,"enemies":"3 Louse","floor":7.0,"turns":4.0},{"damage":23.0,"enemies":"Exordium Thugs","floor":12.0,"turns":7.0},{"damage":0,"enemies":"Gremlin Nob","floor":14,"turns":3},{"damage":16,"enemies":"Hexaghost","floor":16,"turns":7}],"seed_played":"-7150964524957874722","potions_obtained":[{"floor":4.0,"key":"FearPotion"},{"floor":7.0,"key":"SteroidPotion"},{"floor":12.0,"key":"Fire Potion"}],"is_trial":false,"path_per_floor":["M","M","?","M","M","R","M","$","T","R","?","M","?","E","R","B"],"character_chosen":"THE_SILENT","items_purchased":[],"campfire_rested":0,"item_purchase_floors":[],"current_hp_per_floor":[57,57,31,30,14,14,14,14,14,14,36,13,13,13,13,0],"gold":144,"neow_bonus":"THREE_RARE_CARDS","is_prod":false,"is_daily":false,"chose_seed":false,"campfire_upgraded":3,"win_rate":0,"timestamp":1548588910,"path_taken":["M","M","?","M","M","R","M","$","T","R","?","M","?","E","R","BOSS"],"build_version":"2019-01-23","purchased_purges":0,"victory":false,"max_hp_per_floor":[66,66,66,66,66,66,66,66,66,66,66,66,66,66,66,66],"card_choices":[{"not_picked":["Bullet Time","Adrenaline"],"picked":"Glass Knife","floor":0.0},{"not_picked":["Acrobatics","Calculated Gamble"],"picked":"Bouncing Flask","floor":1.0},{"not_picked":["Setup","Sucker Punch"],"picked":"Blur","floor":2.0},{"not_picked":["Backflip","Eviscerate"],"picked":"PiercingWail","floor":4.0},{"not_picked":["Underhanded Strike","Flechettes","Cloak And Dagger"],"picked":"SKIP","floor":5.0},{"not_picked":["Flying Knee","Escape Plan"],"picked":"Dagger Spray","floor":7.0},{"not_picked":["A Thousand Cuts","hubris:SlightOfHand"],"picked":"Dodge and Roll","floor":12.0},{"not_picked":["Deflect","A Thousand Cuts"],"picked":"Poisoned Stab","floor":14}],"player_experience":1172085,"relics_obtained":[{"floor":9.0,"key":"Omamori"},{"floor":14,"key":"Art of War"}],"event_choices":[{"damage_healed":0.0,"max_hp_gain":0.0,"max_hp_loss":0.0,"gold_gain":0.0,"event_name":"Scrap Ooze","player_choice":"Success","floor":3.0,"gold_loss":0.0,"damage_taken":26.0,"relics_obtained":["Centennial Puzzle"]},{"damage_healed":22.0,"max_hp_gain":0.0,"max_hp_loss":0.0,"gold_gain":0.0,"event_name":"Big Fish","player_choice":"Banana","floor":11.0,"gold_loss":0.0,"damage_taken":0.0},{"damage_healed":0.0,"max_hp_gain":0.0,"max_hp_loss":0.0,"gold_gain":0.0,"event_name":"Match and Keep!","player_choice":"2 cards matched","floor":13.0,"gold_loss":0.0,"damage_taken":0.0,"cards_obtained":["Neutralize","Blade Dance"]}],"is_beta":false,"boss_relics":[],"items_purged_floors":[],"is_endless":false,"potions_floor_spawned":[4,7,12],"killed_by":"Hexaghost","ascension_level":20}