{"gold_per_floor":[112,112,112,131,150,150,181,206,283,328,428,428,51,69,69,163,163,142,142,157,172,172,172,211,211,211,211,231,256,319,333,333,333],"floor_reached":33,"playtime":4670,"items_purged":["Strike_G"],"score":602,"play_id":"d8d9a572-d2e9-4d52-956d-5e5316f6401c","local_time":"20181120153857","is_ascension_mode":true,"campfire_choices":[{"data":"Deadly Poison","floor":6,"key":"SMITH"},{"data":"Malaise","floor":12,"key":"SMITH"},{"data":"Catalyst","floor":15,"key":"SMITH"},{"data":"Well Laid Plans","floor":23,"key":"SMITH"},{"floor":25,"key":"REST"},{"data":"Catalyst","floor":27,"key":"SMITH"},{"floor":32,"key":"REST"}],"neow_cost":"NONE","seed_source_timestamp":23122386497751,"circlet_count":0,"master_deck":["AscendersBane","Defend_G","Defend_G","Defend_G","Defend_G","Defend_G","Strike_G","Strike_G","Strike_G","Strike_G","Survivor","Neutralize+1","Dash","Deadly Poison+1","Backstab","Bane","Well Laid Plans+1","Malaise+1","Backflip","Catalyst+1","Night Terror","Crippling Poison","Deadly Poison","Catalyst+1","Malaise","Well Laid Plans"],"relics":["Ring of the Snake","NeowsBlessing","Golden Idol","Prayer Wheel","Mummified Hand","Art of War","Bottled Tornado","Philosopher\u0027s Stone","SsserpentHead","Vajra","Bottled Flame"],"potions_floor_usage":[7,16,31,33],"damage_taken":[{"damage":0,"enemies":"Jaw Worm","floor":1,"turns":1},{"damage":0,"enemies":"Small Slimes","floor":4,"turns":1},{"damage":0,"enemies":"Cultist","floor":5,"turns":1},{"damage":13,"enemies":"Gremlin Nob","floor":7,"turns":4},{"damage":0,"enemies":"Lots of Slimes","floor":8,"turns":3},{"damage":0,"enemies":"Exordium Thugs","floor":14,"turns":4},{"damage":0,"enemies":"The Guardian","floor":16,"turns":8},{"damage":12,"enemies":"2 Thieves","floor":18,"turns":5},{"damage":6,"enemies":"3 Byrds","floor":20,"turns":4},{"damage":0,"enemies":"Cultist and Chosen","floor":21,"turns":8},{"damage":26,"enemies":"Slavers","floor":24,"turns":6},{"damage":9,"enemies":"Snake Plant","floor":28,"turns":4},{"damage":5,"enemies":"Shelled Parasite and Fungi","floor":29,"turns":4},{"damage":6,"enemies":"Centurion and Healer","floor":30,"turns":6},{"damage":18,"enemies":"3 Cultists","floor":31,"turns":7},{"damage":29,"enemies":"Automaton","floor":33,"turns":4}],"seed_played":"8116728644375207599","potions_obtained":[{"floor":4,"key":"Poison Potion"},{"floor":7,"key":"GamblersBrew"},{"floor":8,"key":"PowerPotion"},{"floor":20,"key":"FairyPotion"},{"floor":31,"key":"Swift Potion"}],"is_trial":false,"path_per_floor":["M","?","?","M","M","R","E","M","T","T","?","R","$","M","R","B",null,"M","?","M","M","?","R","E","R","T","R","M","M","M","M","R","B"],"character_chosen":"THE_SILENT","items_purchased":["Backflip","Bottled Tornado"],"campfire_rested":2,"item_purchase_floors":[13,13],"current_hp_per_floor":[59,59,59,59,59,59,46,46,46,46,46,46,46,46,46,46,57,45,45,39,39,39,39,13,31,31,31,22,17,11,6,24,0],"gold":333,"neow_bonus":"THREE_ENEMY_KILL","is_prod":false,"is_daily":false,"chose_seed":false,"campfire_upgraded":5,"win_rate":0,"timestamp":1542724737,"path_taken":["M","?","?","?","?","R","E","M","T","?","?","R","$","M","R","BOSS","M","?","M","M","?","R","E","R","T","R","M","M","?","M","R","BOSS"],"build_version":"2018-11-15","purchased_purges":1,"victory":false,"max_hp_per_floor":[66,60,60,60,60,60,60,60,60,60,60,60,60,60,60,60,60,60,60,60,60,60,60,60,60,60,60,60,60,60,60,60,60],"card_choices":[{"not_picked":["Acrobatics","Concentrate"],"picked":"Dash","floor":1},{"not_picked":["Concentrate","Endless Agony"],"picked":"Deadly Poison","floor":4},{"not_picked":["Cloak And Dagger","Quick Slash"],"picked":"Backstab","floor":5},{"not_picked":["Backstab","Blade Dance"],"picked":"Bane","floor":7},{"not_picked":["Acrobatics","Deflect"],"picked":"Well Laid Plans","floor":8},{"not_picked":["Reflex","Dagger Throw"],"picked":"Malaise","floor":8},{"not_picked":["Concentrate","Sucker Punch"],"picked":"Catalyst","floor":14},{"not_picked":["Slice","Finisher","Eviscerate"],"picked":"SKIP","floor":14},{"not_picked":["Venomology","Tools of the Trade"],"picked":"Night Terror","floor":16},{"not_picked":["Underhanded Strike+1","Deflect"],"picked":"Crippling Poison","floor":18},{"not_picked":["Bane","Underhanded Strike","Sucker Punch+1"],"picked":"SKIP","floor":18},{"not_picked":["Deflect","Cloak And Dagger","Underhanded Strike+1"],"picked":"SKIP","floor":20},{"not_picked":["Blade Dance","Poisoned Stab","Deflect"],"picked":"SKIP","floor":20},{"not_picked":["Quick Slash","Dodge and Roll"],"picked":"Deadly Poison","floor":21},{"not_picked":["Terror","Reflex"],"picked":"Catalyst","floor":21},{"not_picked":["Quick Slash","Deadly Poison","Tactician"],"picked":"SKIP","floor":24},{"not_picked":["Escape Plan","Distraction"],"picked":"Malaise","floor":28},{"not_picked":["Setup","Flying Knee","Blade Dance+1"],"picked":"SKIP","floor":28},{"not_picked":["Poisoned Stab","Prepared","Terror"],"picked":"SKIP","floor":29},{"not_picked":["Underhanded Strike+1","Terror","All Out Attack"],"picked":"SKIP","floor":29},{"not_picked":["Blade Dance+1","Setup","Flying Knee"],"picked":"SKIP","floor":30},{"not_picked":["Blade Dance","Quick Slash","Riddle With Holes"],"picked":"SKIP","floor":30},{"not_picked":["Dagger Throw","Tactician"],"picked":"Well Laid Plans","floor":31},{"not_picked":["Blade Dance","Envenom","Bane"],"picked":"SKIP","floor":31}],"player_experience":839601,"relics_obtained":[{"floor":7,"key":"Prayer Wheel"},{"floor":9,"key":"Mummified Hand"},{"floor":10,"key":"Art of War"},{"floor":24,"key":"Vajra"},{"floor":26,"key":"Bottled Flame"}],"event_choices":[{"damage_healed":0,"gold_gain":0,"player_choice":"Lose Max HP","damage_taken":0,"relics_obtained":["Golden Idol"],"max_hp_gain":0,"max_hp_loss":6,"event_name":"Golden Idol","floor":2,"gold_loss":0},{"damage_healed":0,"gold_gain":0,"player_choice":"Upgraded","damage_taken":0,"max_hp_gain":0,"max_hp_loss":0,"event_name":"Upgrade Shrine","floor":3,"gold_loss":0,"cards_upgraded":["Neutralize"]},{"damage_healed":0,"gold_gain":100,"player_choice":"Gold","damage_taken":0,"max_hp_gain":0,"max_hp_loss":0,"event_name":"Wheel of Change","floor":11,"gold_loss":0},{"damage_healed":0,"gold_gain":0,"player_choice":"Ignored","damage_taken":0,"max_hp_gain":0,"max_hp_loss":0,"event_name":"Vampires","floor":19,"gold_loss":0},{"damage_healed":0,"gold_gain":0,"player_choice":"Trade","damage_taken":0,"relics_obtained":["SsserpentHead"],"max_hp_gain":0,"max_hp_loss":0,"event_name":"FaceTrader","floor":22,"gold_loss":0}],"is_beta":true,"boss_relics":[{"not_picked":["WristBlade","Calling Bell"],"picked":"Philosopher\u0027s Stone"}],"items_purged_floors":[13],"is_endless":false,"potions_floor_spawned":[4,7,8,20,24,29,31],"killed_by":"Automaton","ascension_level":15}