{"path_per_floor":["M","M","?","M","$","R","E","R","T","R","M","M","E","?","R","B",null,"M","?","M","M","$","E","R","E","T","$","?","$","M","E","R","B",null,"M","M","M","?","M","E","R","E","T","M","R","$","E","?","R","B"],"character_chosen":"DEFECT","items_purchased":["Mind Blast","Mind Blast","All For One","Sunder","Trip","Secret Weapon"],"gold_per_floor":[119,131,131,145,55,55,87,87,87,87,106,123,155,120,120,221,221,237,237,248,267,161,196,196,231,231,78,78,0,17,45,45,150,150,165,179,196,196,214,249,249,277,300,315,315,32,96,0,0,0],"floor_reached":51,"campfire_rested":0,"playtime":2317,"item_purchase_floors":[5,22,27,29,46,46],"current_hp_per_floor":[75,75,75,73,73,73,65,65,65,65,61,52,40,58,58,44,75,73,37,35,32,32,22,22,19,19,19,19,19,15,14,14,22,37,37,35,35,35,35,35,35,35,35,34,34,34,20,20,20,27],"items_purged":[],"gold":0,"score":969,"play_id":"7b4d444d-f382-4220-b730-f8d972076bc1","local_time":"20180519223332","is_prod":false,"is_daily":false,"chose_seed":false,"is_ascension_mode":true,"campfire_upgraded":9,"timestamp":1526762012,"campfire_choices":[{"data":"Mind Blast","floor":6,"key":"SMITH"},{"data":"Dualcast","floor":8,"key":"SMITH"},{"data":"Chaos","floor":10,"key":"SMITH"},{"data":"White Noise","floor":15,"key":"SMITH"},{"data":"Mind Blast","floor":24,"key":"SMITH"},{"data":"Double Energy","floor":32,"key":"SMITH"},{"data":"Electrodynamics","floor":41,"key":"SMITH"},{"data":"Loop","floor":45,"key":"SMITH"},{"data":"Buffer","floor":49,"key":"SMITH"}],"path_taken":["M","M","?","M","$","R","E","R","T","R","M","M","E","?","R","BOSS","M","?","M","M","$","E","R","E","T","$","?","$","M","E","R","BOSS","M","M","M","?","M","E","R","E","T","M","R","$","E","?","R","BOSS"],"build_version":"2018-05-18","seed_source_timestamp":47969092918996,"purchased_purges":0,"victory":true,"master_deck":["Strike_B+1","Strike_B+1","Strike_B+1","Strike_B+1","Defend_B+1","Defend_B+1","Defend_B+1","Defend_B+1","Zap+1","Dualcast+1","Chaos+1","Sweeping Beam","Chill","Mind Blast+1","Ball Lightning","White Noise+1","Tempest","Redo","Buffer+1","Sweeping Beam+1","Ghostly","Ghostly","Ghostly","Ghostly","Ghostly","Hologram+1","Auto Shields","Mind Blast+1","Genetic Algorithm","Turbo","All For One+1","Sunder+1","Double Energy+1","Loop+1","Electrodynamics+1","Storm+1","Double Energy+1","Tempest","Consume+1","Electrodynamics","Heatsinks+1","Hologram+1","Trip","Secret Weapon","Thunder Strike"],"max_hp_per_floor":[75,75,75,75,75,75,75,75,75,75,75,75,75,75,75,75,75,75,37,37,37,37,37,37,37,37,37,37,37,37,37,37,37,37,37,37,37,37,37,37,37,37,37,37,37,37,37,37,37,37],"relics":["Cracked Core","War Paint","Question Card","Blue Candle","Dream Catcher","Sozu","Orichalcum","Mercury Hourglass","Pantograph","Unceasing Top","Black Star","Art of War","Bag of Marbles","Oddly Smooth Stone","Regal Pillow","Juzu Bracelet","Tiny Chest","Whetstone","Red Mask"],"card_choices":[{"not_picked":["Undo","Axe Kick"],"picked":"Chaos","floor":1},{"not_picked":["Melter","Steam Power"],"picked":"Sweeping Beam","floor":2},{"not_picked":["Turbo","Coolheaded"],"picked":"Chill","floor":4},{"not_picked":["Streamline","Barrage"],"picked":"Ball Lightning","floor":7},{"not_picked":["Echo Form","Loop","Streamline"],"picked":"White Noise","floor":11},{"not_picked":["Beam Cell","Lockon","Glacier"],"picked":"Tempest","floor":12},{"not_picked":["Go for the Eyes","Axe Kick","Rebound"],"picked":"Redo","floor":13},{"not_picked":["Amplify","Meteor Strike","Seek"],"picked":"Buffer","floor":16},{"not_picked":["Darkness","BootSequence","Rebound"],"picked":"Sweeping Beam+1","floor":18},{"not_picked":["Rebound","Capacitor","Recycle"],"picked":"Hologram+1","floor":20},{"not_picked":["Cold Snap","Ball Lightning","Streamline"],"picked":"Auto Shields","floor":21},{"not_picked":["Steam","Storm","Sweeping Beam"],"picked":"Genetic Algorithm","floor":23},{"not_picked":["Leap","Steam","Undo"],"picked":"Turbo","floor":25},{"not_picked":["Steam Power","Axe Kick","Creative AI"],"picked":"Double Energy","floor":30},{"not_picked":["Skim","Rebound","Leap"],"picked":"Loop","floor":31},{"not_picked":["Machine Learning","Rainbow","Creative AI"],"picked":"Electrodynamics","floor":33},{"not_picked":["Capacitor+1","Coolheaded+1","Beam Cell"],"picked":"Storm+1","floor":35},{"not_picked":["Tempest","Stack+1","Steam"],"picked":"Double Energy+1","floor":36},{"not_picked":["Streamline+1","Gash","Sunder"],"picked":"Tempest","floor":37},{"not_picked":["Skim","Capacitor","Defragment"],"picked":"Consume+1","floor":39},{"not_picked":["Chill","Consume","Static Discharge"],"picked":"Electrodynamics","floor":40},{"not_picked":["Sweeping Beam+1","Axe Kick+1","Consume+1"],"picked":"Heatsinks+1","floor":42},{"not_picked":["Rebound+1","Stack","Beam Cell"],"picked":"Hologram+1","floor":44},{"not_picked":["Creative AI","Static Discharge","Consume"],"picked":"Thunder Strike","floor":47}],"player_experience":173517,"potions_floor_usage":[16],"damage_taken":[{"damage":0,"enemies":"Jaw Worm","floor":1,"turns":3},{"damage":0,"enemies":"2 Louse","floor":2,"turns":3},{"damage":2,"enemies":"Small Slimes","floor":4,"turns":3},{"damage":8,"enemies":"Lagavulin","floor":7,"turns":5},{"damage":4,"enemies":"2 Fungi Beasts","floor":11,"turns":3},{"damage":9,"enemies":"Red Slaver","floor":12,"turns":4},{"damage":12,"enemies":"3 Sentries","floor":13,"turns":4},{"damage":14,"enemies":"Hexaghost","floor":16,"turns":8},{"damage":2,"enemies":"Chosen","floor":18,"turns":4},{"damage":2,"enemies":"Shell Parasite","floor":20,"turns":4},{"damage":3,"enemies":"Snake Plant","floor":21,"turns":4},{"damage":10,"enemies":"Slavers","floor":23,"turns":5},{"damage":3,"enemies":"Gremlin Leader","floor":25,"turns":7},{"damage":4,"enemies":"3 Cultists","floor":30,"turns":4},{"damage":1,"enemies":"Slavers","floor":31,"turns":3},{"damage":22,"enemies":"Automaton","floor":33,"turns":9},{"damage":0,"enemies":"Flame Bruiser 1 Orb","floor":35,"turns":2},{"damage":2,"enemies":"Orb Walker","floor":36,"turns":2},{"damage":0,"enemies":"Maw","floor":37,"turns":6},{"damage":0,"enemies":"Flame Bruiser 2 Orb","floor":39,"turns":3},{"damage":0,"enemies":"Nemesis","floor":40,"turns":3},{"damage":0,"enemies":"Giant Head","floor":42,"turns":4},{"damage":1,"enemies":"3 Darklings","floor":44,"turns":2},{"damage":14,"enemies":"2 Orb Walkers","floor":47,"turns":2},{"damage":10,"enemies":"Awakened One","floor":50,"turns":8}],"relics_obtained":[{"floor":7,"key":"Question Card"},{"floor":9,"key":"Blue Candle"},{"floor":13,"key":"Dream Catcher"},{"floor":23,"key":"Orichalcum"},{"floor":25,"key":"Mercury Hourglass"},{"floor":26,"key":"Pantograph"},{"floor":31,"key":"Unceasing Top"},{"floor":40,"key":"Art of War"},{"floor":40,"key":"Bag of Marbles"},{"floor":42,"key":"Oddly Smooth Stone"},{"floor":42,"key":"Regal Pillow"},{"floor":43,"key":"Juzu Bracelet"},{"floor":47,"key":"Tiny Chest"},{"floor":47,"key":"Whetstone"}],"event_choices":[{"event_name":"Living Wall","player_choice":"Grow","floor":3,"damage_taken":0},{"event_name":"The Cleric","player_choice":"Healed","floor":14,"damage_taken":0},{"event_name":"Ghosts","player_choice":"Became a Ghost","floor":19,"damage_taken":0},{"event_name":"Back to Basics","player_choice":"Simplicity","floor":28,"damage_taken":0},{"event_name":"The Woman in Blue","player_choice":"Bought 0 Potions","floor":38,"damage_taken":0},{"event_name":"Tomb of Lord Red Mask","player_choice":"Paid","floor":48,"damage_taken":0}],"boss_relics":[{"not_picked":["Snecko Eye","Calling Bell"],"picked":"Sozu"},{"not_picked":["Tiny House","White Beast Statue"],"picked":"Black Star"}],"items_purged_floors":[],"potions_floor_spawned":[1,2,12,23,31,33,36,37,39,44,47],"seed_played":"-704892808768844622","ascension_level":1,"potions_obtained":[{"floor":1,"key":"Ancient Potion"},{"floor":2,"key":"SneckoOil"},{"floor":12,"key":"Weak Potion"}],"is_trial":false}