{"path_per_floor":["M","?","$","M","M","E","R","E","T","R","?","R","T","?","R","B",null,"M","?","M","M","$","E","R","E","T"],"character_chosen":"DEFECT","items_purchased":["Ball Lightning","Runic Capacitor","Echo Form"],"gold_per_floor":[111,286,160,178,193,220,220,250,250,250,250,250,273,273,273,373,373,390,390,408,419,128,157,157,187,261,261],"floor_reached":27,"campfire_rested":0,"playtime":1230,"item_purchase_floors":[3,22,22],"current_hp_per_floor":[73,73,73,63,69,48,48,40,40,40,40,40,40,40,40,34,75,75,75,75,65,65,44,44,15,15,0],"items_purged":["Doubt"],"gold":261,"score":296,"play_id":"68f6ca60-30bd-474f-a93d-408c95ba1a33","local_time":"20180603200233","is_prod":false,"is_daily":false,"chose_seed":false,"is_ascension_mode":true,"campfire_upgraded":5,"win_rate":0,"timestamp":1528048953,"campfire_choices":[{"data":"Multi-Cast","floor":7,"key":"SMITH"},{"data":"Zap","floor":10,"key":"SMITH"},{"data":"Self Repair","floor":12,"key":"SMITH"},{"data":"Leap","floor":15,"key":"SMITH"},{"data":"Echo Form","floor":24,"key":"SMITH"}],"path_taken":["M","?","$","M","M","E","R","E","T","R","?","R","?","?","R","BOSS","M","?","M","M","$","E","R","E","T","M"],"build_version":"2018-05-30v2","seed_source_timestamp":2546609504850,"purchased_purges":1,"victory":false,"master_deck":["Strike_B+1","Strike_B+1","Strike_B+1","Strike_B+1","Defend_B+1","Defend_B+1","Defend_B+1","Zap+1","Dualcast+1","Multi-Cast+1","Self Repair+1","Ball Lightning","Conserve Battery","Chill","Leap+1","Hyperbeam","Biased Cognition","White Noise","Tempest","Capacitor+1","Echo Form+1","Go for the Eyes+1","Amplify"],"max_hp_per_floor":[75,75,75,75,75,75,75,75,75,75,75,75,75,75,75,75,75,75,75,75,75,75,75,75,75,75,75],"relics":["Cracked Core","Cables","Whetstone","Blue Candle","Omamori","Nuclear Battery","Runic Capacitor","Bronze Scales","Singing Bowl","Toolbox"],"card_choices":[{"not_picked":["Rebound","Compile Driver"],"picked":"Self Repair","floor":1},{"not_picked":["Compile Driver","Blizzard"],"picked":"Conserve Battery","floor":4},{"not_picked":["Ball Lightning","Streamline"],"picked":"Chill","floor":5},{"not_picked":["Stack","Hologram"],"picked":"Leap","floor":6},{"not_picked":["Recycle","Rebound"],"picked":"Hyperbeam","floor":8},{"not_picked":["Reboot","Meteor Strike"],"picked":"Biased Cognition","floor":16},{"not_picked":["Ball Lightning","Rip and Tear"],"picked":"White Noise","floor":18},{"not_picked":["Undo","Stack"],"picked":"Tempest","floor":20},{"not_picked":["Stack","Genetic Algorithm+1"],"picked":"Capacitor+1","floor":21},{"not_picked":["Turbo","Cold Snap"],"picked":"Go for the Eyes+1","floor":23},{"not_picked":["Conserve Battery","Rebound"],"picked":"Amplify","floor":25}],"player_experience":268869,"potions_floor_usage":[8,16,16,20,23,27,27],"damage_taken":[{"damage":2,"enemies":"Jaw Worm","floor":1,"turns":3},{"damage":17,"enemies":"2 Louse","floor":4,"turns":3},{"damage":1,"enemies":"Cultist","floor":5,"turns":3},{"damage":28,"enemies":"Lagavulin","floor":6,"turns":8},{"damage":15,"enemies":"Gremlin Nob","floor":8,"turns":4},{"damage":16,"enemies":"The Guardian","floor":16,"turns":9},{"damage":6,"enemies":"Shell Parasite","floor":18,"turns":4},{"damage":0,"enemies":"Chosen","floor":20,"turns":5},{"damage":20,"enemies":"Snecko","floor":21,"turns":4},{"damage":41,"enemies":"Slavers","floor":23,"turns":4},{"damage":39,"enemies":"Book of Stabbing","floor":25,"turns":6},{"damage":15,"enemies":"Slaver and Parasite","floor":27,"turns":2}],"relics_obtained":[{"floor":6,"key":"Cables"},{"floor":8,"key":"Whetstone"},{"floor":9,"key":"Blue Candle"},{"floor":13,"key":"Omamori"},{"floor":23,"key":"Bronze Scales"},{"floor":25,"key":"Singing Bowl"},{"floor":26,"key":"Toolbox"}],"event_choices":[{"event_name":"Liars Game","player_choice":"agreed","floor":2,"damage_taken":0},{"event_name":"Living Wall","player_choice":"Grow","floor":11,"damage_taken":0},{"event_name":"The Lab","player_choice":"Got Potions","floor":14,"damage_taken":0},{"event_name":"Back to Basics","player_choice":"Simplicity","floor":19,"damage_taken":0}],"boss_relics":[{"not_picked":["Philosopher\u0027s Stone","Runic Pyramid"],"picked":"Nuclear Battery"}],"items_purged_floors":[3],"potions_floor_spawned":[4,6,18,20,25],"seed_played":"-9079582222101758480","killed_by":"Slaver and Parasite","ascension_level":3,"potions_obtained":[{"floor":4,"key":"SmokeBomb"},{"floor":6,"key":"AttackPotion"},{"floor":14,"key":"PowerPotion"},{"floor":14,"key":"FocusPotion"},{"floor":14,"key":"Energy Potion"},{"floor":18,"key":"PowerPotion"},{"floor":20,"key":"Energy Potion"},{"floor":25,"key":"Weak Potion"}],"is_trial":false}