{"gold_per_floor":[361,373,373,216,234,234,60,76,76,119,195,195],"floor_reached":12,"playtime":398,"items_purged":["Strike_R"],"score":156,"play_id":"6de72dfd-bc51-4766-8574-aca993d58bd7","local_time":"20190330220142","is_ascension_mode":true,"campfire_choices":[{"data":"Bash","floor":6,"key":"SMITH"}],"neow_cost":"PERCENT_DAMAGE","seed_source_timestamp":49730617985839,"circlet_count":0,"master_deck":["AscendersBane","Strike_R","Strike_R","Strike_R","Strike_R","Defend_R","Defend_R","Defend_R","Defend_R","Bash+1","True Grit","Heavy Blade","Sword Boomerang","Immolate","Ghostly Armor","Metallicize","Rampage"],"relics":["Burning Blood","Golden Idol","Girya","Matryoshka","Bottled Flame"],"potions_floor_usage":[11,12],"damage_taken":[{"damage":8,"enemies":"Small Slimes","floor":1,"turns":4},{"damage":14,"enemies":"Jaw Worm","floor":2,"turns":5},{"damage":0,"enemies":"Cultist","floor":5,"turns":3},{"damage":9,"enemies":"Looter","floor":8,"turns":4},{"damage":23,"enemies":"3 Sentries","floor":10,"turns":5},{"damage":10,"enemies":"3 Sentries","floor":11,"turns":4},{"damage":28,"enemies":"Gremlin Nob","floor":12,"turns":3}],"seed_played":"4389442025293452052","potions_obtained":[{"floor":2,"key":"Dexterity Potion"},{"floor":10,"key":"PowerPotion"}],"is_trial":false,"path_per_floor":["M","M","?","$","M","R","$","M","T","E","?","E"],"character_chosen":"IRONCLAD","items_purchased":["Sword Boomerang","Fire Potion","Immolate"],"campfire_rested":0,"item_purchase_floors":[4,4,7],"current_hp_per_floor":[48,40,40,40,46,46,46,43,43,26,22,0],"gold":195,"neow_bonus":"TWO_FIFTY_GOLD","is_prod":false,"is_daily":false,"chose_seed":false,"campfire_upgraded":1,"win_rate":0,"timestamp":1553979702,"path_taken":["M","M","?","$","M","R","$","M","T","E","?","E"],"build_version":"2019-01-23","purchased_purges":1,"victory":false,"max_hp_per_floor":[75,75,68,68,68,68,68,68,68,68,68,68],"card_choices":[{"not_picked":["Burning Pact","hubris:ReadiedAction"],"picked":"True Grit","floor":1},{"not_picked":["Battle Trance","Infernal Blade"],"picked":"Heavy Blade","floor":2},{"not_picked":["True Grit","Burning Pact","Entrench"],"picked":"SKIP","floor":5},{"not_picked":["Thunderclap","Combust"],"picked":"Ghostly Armor","floor":8},{"not_picked":["Combust","Flex"],"picked":"Metallicize","floor":10},{"not_picked":["Clothesline","Flex"],"picked":"Rampage","floor":11}],"player_experience":1511580,"relics_obtained":[{"floor":9,"key":"Girya"},{"floor":10,"key":"Matryoshka"},{"floor":11,"key":"Bottled Flame"}],"event_choices":[{"damage_healed":0,"gold_gain":0,"player_choice":"Lose Max HP","damage_taken":0,"relics_obtained":["Golden Idol"],"max_hp_gain":0,"max_hp_loss":7,"event_name":"Golden Idol","floor":3,"gold_loss":0},{"damage_healed":0,"gold_gain":0,"player_choice":"Searched \u00271\u0027 times","damage_taken":0,"max_hp_gain":0,"max_hp_loss":0,"event_name":"Dead Adventurer","floor":11,"gold_loss":0}],"is_beta":false,"boss_relics":[],"items_purged_floors":[4],"is_endless":false,"potions_floor_spawned":[2,10],"killed_by":"Gremlin Nob","ascension_level":20}