{"path_per_floor":["M","M","$","M","?","E","R","E","T","M","M","R","?","M","R","B",null,"M","?","M","M","$","R"],"character_chosen":"THE_SILENT","items_purchased":["Pen Nib","Bandage Up","Dagger Spray"],"gold_per_floor":[213,229,85,97,272,302,302,328,407,417,429,429,429,445,445,543,543,562,477,493,503,304,304,304],"floor_reached":24,"campfire_rested":0,"playtime":1758,"item_purchase_floors":[3,22,22],"current_hp_per_floor":[70,70,70,65,65,52,52,15,15,15,15,15,15,12,12,8,70,61,61,61,60,60,60,0],"items_purged":["Doubt"],"gold":304,"score":250,"play_id":"b606f068-0021-4b6a-a0d2-a47d2cf9450e","local_time":"20180520234513","is_prod":false,"is_daily":false,"chose_seed":false,"is_ascension_mode":true,"campfire_upgraded":4,"timestamp":1526852713,"campfire_choices":[{"data":"Prepared","floor":7,"key":"SMITH"},{"data":"Skewer","floor":12,"key":"SMITH"},{"data":"Leg Sweep","floor":15,"key":"SMITH"},{"data":"Infinite Blades","floor":23,"key":"SMITH"}],"path_taken":["M","M","$","M","?","E","R","E","T","M","M","R","?","M","R","BOSS","M","?","M","?","$","R","E"],"build_version":"2018-05-18","seed_source_timestamp":15919197580999,"purchased_purges":1,"victory":false,"master_deck":["Defend_G","Defend_G","Defend_G","Defend_G","Defend_G","Strike_G","Strike_G","Strike_G","Strike_G","Strike_G","Survivor","Neutralize","Dagger Throw","Predator","Prepared+1","PiercingWail","Distraction+1","Distraction","Skewer+1","Finisher","Underhanded Strike","Leg Sweep+1","Cloak And Dagger","Burst","Quick Slash","Caltrops","Flying Knee","Night Terror","Flying Knee","Infinite Blades+1","Bandage Up","Dagger Spray"],"max_hp_per_floor":[70,70,70,70,70,70,70,70,70,70,70,70,70,70,70,70,70,70,70,70,70,70,70,70],"relics":["Ring of the Snake","Pen Nib","Prayer Wheel","Bag of Marbles","Letter Opener","White Beast Statue","Orichalcum"],"card_choices":[{"not_picked":["Backflip","Deadly Poison"],"picked":"Dagger Throw","floor":1},{"not_picked":["Bane","Flying Knee"],"picked":"Predator","floor":2},{"not_picked":["Bane","Deflect"],"picked":"Prepared","floor":4},{"not_picked":["Acrobatics","Poisoned Stab"],"picked":"PiercingWail","floor":6},{"not_picked":["Night Terror","Slice"],"picked":"Distraction","floor":8},{"not_picked":["All Out Attack","Outmaneuver"],"picked":"Distraction","floor":10},{"not_picked":["Escape Plan","Setup"],"picked":"Skewer","floor":10},{"not_picked":["Predator","Deadly Poison"],"picked":"Finisher","floor":11},{"not_picked":["PiercingWail","Footwork"],"picked":"Underhanded Strike","floor":11},{"not_picked":["Terror","Prepared"],"picked":"Leg Sweep","floor":14},{"not_picked":["Underhanded Strike","Quick Slash"],"picked":"Cloak And Dagger","floor":14},{"not_picked":["Corpse Explosion","Grand Finale"],"picked":"Burst","floor":16},{"not_picked":["Cloak And Dagger","Dodge and Roll"],"picked":"Quick Slash","floor":18},{"not_picked":["Acrobatics","Skewer"],"picked":"Caltrops","floor":18},{"not_picked":["Riddle With Holes","Deflect"],"picked":"Flying Knee","floor":20},{"not_picked":["Expertise","Acrobatics"],"picked":"Night Terror","floor":20},{"not_picked":["Leg Sweep","Backflip"],"picked":"Flying Knee","floor":21},{"not_picked":["Heel Hook","Deflect"],"picked":"Infinite Blades","floor":21}],"player_experience":179773,"potions_floor_usage":[8,16,16,21,21,24,24],"damage_taken":[{"damage":0,"enemies":"2 Louse","floor":1,"turns":3},{"damage":0,"enemies":"Jaw Worm","floor":2,"turns":4},{"damage":5,"enemies":"Small Slimes","floor":4,"turns":3},{"damage":13,"enemies":"3 Sentries","floor":6,"turns":9},{"damage":52,"enemies":"Lagavulin","floor":8,"turns":9},{"damage":0,"enemies":"2 Fungi Beasts","floor":10,"turns":4},{"damage":0,"enemies":"Red Slaver","floor":11,"turns":1},{"damage":3,"enemies":"3 Louse","floor":14,"turns":4},{"damage":4,"enemies":"Slime Boss","floor":16,"turns":10},{"damage":9,"enemies":"3 Byrds","floor":18,"turns":7},{"damage":0,"enemies":"Chosen","floor":20,"turns":3},{"damage":1,"enemies":"3 Cultists","floor":21,"turns":5},{"damage":82,"enemies":"Gremlin Leader","floor":24,"turns":5}],"relics_obtained":[{"floor":6,"key":"Prayer Wheel"},{"floor":8,"key":"Bag of Marbles"},{"floor":9,"key":"Letter Opener"}],"event_choices":[{"event_name":"Liars Game","player_choice":"agreed","floor":5,"damage_taken":0},{"event_name":"Living Wall","player_choice":"Grow","floor":13,"damage_taken":0},{"event_name":"Addict","player_choice":"Obtained Relic","floor":19,"damage_taken":0}],"boss_relics":[{"not_picked":["Pandora\u0027s Box","Eternal Feather"],"picked":"White Beast Statue"}],"items_purged_floors":[22],"potions_floor_spawned":[2,8,10,14,16,18,20,21],"seed_played":"1842870688294595873","killed_by":"Gremlin Leader","ascension_level":4,"potions_obtained":[{"floor":2,"key":"Regen Potion"},{"floor":8,"key":"GhostInAJar"},{"floor":10,"key":"Fire Potion"},{"floor":14,"key":"AttackPotion"},{"floor":16,"key":"SneckoOil"},{"floor":18,"key":"Regen Potion"},{"floor":20,"key":"PowerPotion"},{"floor":21,"key":"SneckoOil"}],"is_trial":false}