{"path_per_floor":["M","?","?","M","M","R","E","R","T","R","M","E","M","E","R","B",null,"M","?","M","M","?","R","M","R","T","E","$","M","?"],"character_chosen":"DEFECT","items_purchased":["Centennial Puzzle","FTL+1"],"gold_per_floor":[118,118,118,133,148,148,177,177,251,251,267,298,317,343,343,438,438,456,456,472,489,489,489,508,508,508,539,213,232,147,147],"floor_reached":31,"campfire_rested":1,"playtime":3050,"item_purchase_floors":[28,28],"current_hp_per_floor":[74,59,59,59,59,59,37,37,37,37,37,37,37,27,49,45,75,70,70,57,49,33,33,33,33,33,24,24,22,22,0],"items_purged":[],"gold":147,"score":330,"play_id":"f55ea7dd-6945-4d09-ab8a-31b20e8e56df","local_time":"20180521194702","is_prod":false,"is_daily":false,"chose_seed":false,"is_ascension_mode":true,"campfire_upgraded":5,"timestamp":1526924822,"campfire_choices":[{"data":"Zap","floor":6,"key":"SMITH"},{"data":"Dualcast","floor":8,"key":"SMITH"},{"data":"Axe Kick","floor":10,"key":"SMITH"},{"floor":15,"key":"REST"},{"data":"Sunder","floor":23,"key":"SMITH"},{"data":"White Noise","floor":25,"key":"SMITH"}],"path_taken":["M","?","?","M","M","R","E","R","T","R","M","E","M","E","R","BOSS","M","?","M","M","?","R","M","R","T","E","?","M","?","E"],"build_version":"2018-05-18","seed_source_timestamp":1381659549573,"purchased_purges":0,"victory":false,"master_deck":["Strike_B","Strike_B","Strike_B","Strike_B","Defend_B+1","Defend_B+1","Defend_B","Zap+1","Dualcast+1","Sweeping Beam","Doom and Gloom","Chaos+1","Axe Kick+1","Reinforced Body","Undo","Sweeping Beam","Beam Cell","All For One","Stack","White Noise+1","Sunder+1","Meteor Strike","Rebound+1","FTL+1","Doom and Gloom+1"],"max_hp_per_floor":[75,75,75,75,75,75,75,75,75,75,75,75,75,75,75,75,75,75,75,75,75,75,75,75,75,75,75,75,75,75,75],"relics":["Cracked Core","Art of War","Vajra","Matryoshka","Oddly Smooth Stone","Happy Flower","Inserter","Enchiridion","Darkstone Periapt","Smiling Mask","Molten Egg 2","Centennial Puzzle","Ancient Tea Set"],"card_choices":[{"not_picked":["Barrage","Steam"],"picked":"Sweeping Beam","floor":1},{"not_picked":["Leap","Hello World"],"picked":"Doom and Gloom","floor":4},{"not_picked":["Steam","Rebound"],"picked":"Chaos","floor":5},{"not_picked":["Go for the Eyes","Chill"],"picked":"Axe Kick","floor":7},{"not_picked":["Glacier","Axe Kick"],"picked":"Reinforced Body","floor":11},{"not_picked":["Storm","Axe Kick"],"picked":"Undo","floor":12},{"not_picked":["Cold Snap","Capacitor"],"picked":"Sweeping Beam","floor":13},{"not_picked":["Capacitor","Barrage"],"picked":"Beam Cell","floor":14},{"not_picked":["Biased Cognition","Nova"],"picked":"All For One","floor":16},{"not_picked":["Steam","Recycle"],"picked":"Stack","floor":18},{"not_picked":["Skim+1","Barrage"],"picked":"White Noise","floor":20},{"not_picked":["Ball Lightning+1","Sweeping Beam"],"picked":"Sunder","floor":21},{"not_picked":["Capacitor+1","Skim"],"picked":"Meteor Strike","floor":24},{"not_picked":["Conserve Battery","Cold Snap"],"picked":"Rebound","floor":27},{"not_picked":["Stack","Beam Cell+1"],"picked":"Doom and Gloom+1","floor":29}],"player_experience":181531,"potions_floor_usage":[21,27,27,31],"damage_taken":[{"damage":1,"enemies":"Cultist","floor":1,"turns":3},{"damage":0,"enemies":"Jaw Worm","floor":4,"turns":3},{"damage":0,"enemies":"Small Slimes","floor":5,"turns":2},{"damage":22,"enemies":"Lagavulin","floor":7,"turns":6},{"damage":0,"enemies":"3 Louse","floor":11,"turns":2},{"damage":0,"enemies":"Gremlin Nob","floor":12,"turns":3},{"damage":0,"enemies":"Blue Slaver","floor":13,"turns":3},{"damage":10,"enemies":"3 Sentries","floor":14,"turns":3},{"damage":4,"enemies":"Slime Boss","floor":16,"turns":6},{"damage":5,"enemies":"Shell Parasite","floor":18,"turns":5},{"damage":13,"enemies":"Spheric Guardian","floor":20,"turns":4},{"damage":8,"enemies":"3 Cultists","floor":21,"turns":4},{"damage":0,"enemies":"Centurion and Healer","floor":24,"turns":4},{"damage":9,"enemies":"Book of Stabbing","floor":27,"turns":5},{"damage":2,"enemies":"Sentry and Sphere","floor":29,"turns":3},{"damage":23,"enemies":"Slavers","floor":31,"turns":1}],"relics_obtained":[{"floor":7,"key":"Vajra"},{"floor":9,"key":"Matryoshka"},{"floor":12,"key":"Oddly Smooth Stone"},{"floor":14,"key":"Happy Flower"},{"floor":22,"key":"Enchiridion"},{"floor":26,"key":"Darkstone Periapt"},{"floor":26,"key":"Smiling Mask"},{"floor":27,"key":"Molten Egg 2"}],"event_choices":[{"event_name":"Shining Light","player_choice":"Entered Light","floor":2,"damage_taken":0},{"event_name":"Purifier","player_choice":"One Purge","floor":3,"damage_taken":0},{"event_name":"Upgrade Shrine","player_choice":"Upgraded","floor":19,"damage_taken":0},{"event_name":"Cursed Tome","player_choice":"Obtained Book","floor":22,"damage_taken":0},{"event_name":"Addict","player_choice":"Obtained Relic","floor":30,"damage_taken":0}],"boss_relics":[{"not_picked":["Snecko Eye","Eternal Feather"],"picked":"Inserter"}],"items_purged_floors":[],"potions_floor_spawned":[12,13,14,18,21],"seed_played":"8668635355571075961","killed_by":"Slavers","ascension_level":2,"potions_obtained":[{"floor":12,"key":"SteroidPotion"},{"floor":13,"key":"Ancient Potion"},{"floor":14,"key":"Weak Potion"},{"floor":18,"key":"AttackPotion"},{"floor":21,"key":"Energy Potion"}],"is_trial":false}