{"path_per_floor":["M","?","M","M","T","R","E","R","T","M","M","R","M","M","R","B",null,"M","?","M","M","M","R","E","M","T","R","$","M","E","$","R","B",null,"M","?","M","?","?","E","T","E","T","?","R","M","E","$","R"],"character_chosen":"DEFECT","items_purchased":["Mummified Hand","Defragment+1"],"gold_per_floor":[114,74,92,112,164,164,191,191,273,290,308,308,318,331,331,430,430,430,430,385,385,385,385,385,385,385,385,55,55,55,55,55,55,55,55,55,55,0,0,0,0,0,0,0,0,0,0,0,0,0],"floor_reached":50,"campfire_rested":4,"playtime":2314,"item_purchase_floors":[28,28],"current_hp_per_floor":[31,36,36,33,33,57,33,33,33,45,32,32,54,60,60,70,80,80,64,48,48,56,56,51,40,40,40,40,50,23,23,49,57,87,73,63,66,66,66,38,38,41,41,41,67,77,57,57,83,0],"items_purged":[],"gold":0,"score":765,"play_id":"482c6777-d290-4624-8d06-15e9a061396b","local_time":"20180601235107","is_prod":false,"is_daily":false,"chose_seed":false,"is_ascension_mode":true,"campfire_upgraded":5,"win_rate":0,"timestamp":1527889867,"campfire_choices":[{"floor":6,"key":"REST"},{"data":"Creative AI","floor":8,"key":"SMITH"},{"data":"Electrodynamics","floor":12,"key":"SMITH"},{"data":"Storm","floor":15,"key":"SMITH"},{"data":"Dualcast","floor":23,"key":"SMITH"},{"data":"Zap","floor":27,"key":"SMITH"},{"floor":32,"key":"REST"},{"floor":45,"key":"REST"},{"floor":49,"key":"REST"}],"path_taken":["M","?","M","M","?","R","E","R","T","?","M","R","M","M","R","BOSS","M","?","M","?","M","R","E","M","T","R","$","M","E","$","R","BOSS","M","?","M","?","?","E","?","E","T","?","R","?","E","$","R","BOSS"],"build_version":"2018-05-30v2","seed_source_timestamp":50522471269726,"purchased_purges":0,"victory":false,"master_deck":["Strike_B","Strike_B","Strike_B","Strike_B","Defend_B","Defend_B","Defend_B","Defend_B","Zap+1","Dualcast+1","Electrodynamics+1","Consume","Cold Snap","Storm+1","Creative AI+1","Hello World+1","Self Repair+1","Glacier","Scrape","Creative AI+1","Chill","Necronomicurse","Storm+1","Hello World+1","Defragment+1","Hello World+1","Heatsinks+1","Seek","Tempest+1","Magnetism+1","Bandage Up+1","Master of Strategy","Creative AI+1","Zap","Coolheaded+1","Hello World+1","Auto Shields+1"],"max_hp_per_floor":[75,80,80,80,80,80,80,80,80,80,80,80,80,80,80,80,80,80,80,80,80,80,80,87,87,87,87,87,87,87,87,87,87,87,87,87,87,87,87,87,87,87,87,87,87,87,87,87,87,87],"relics":["Cracked Core","Vajra","Meat on the Bone","Frozen Egg 2","Ectoplasm","Necronomicon","Strawberry","Blue Candle","Mummified Hand","Peace Pipe","Snecko Eye","Red Mask","Pen Nib","Cables","Bronze Scales","Art of War","Mercury Hourglass"],"card_choices":[{"not_picked":["Amplify","Fission"],"picked":"Electrodynamics","floor":0},{"not_picked":["Conserve Battery","Beam Cell"],"picked":"Consume","floor":1},{"not_picked":["Streamline","Compile Driver"],"picked":"Cold Snap","floor":3},{"not_picked":["Stack","Barrage"],"picked":"Storm","floor":4},{"not_picked":["Rebound","Chill"],"picked":"Creative AI","floor":7},{"not_picked":["Gash","Turbo"],"picked":"Hello World+1","floor":10},{"not_picked":["Heatsinks+1","Turbo"],"picked":"Self Repair+1","floor":11},{"not_picked":["Steam","Leap"],"picked":"Glacier","floor":13},{"not_picked":["Go for the Eyes","Conserve Battery"],"picked":"Scrape","floor":14},{"not_picked":["Reboot","Buffer+1"],"picked":"Creative AI+1","floor":16},{"not_picked":["Compile Driver","Chaos+1"],"picked":"Chill","floor":18},{"not_picked":["Streamline","Redo"],"picked":"Storm+1","floor":20},{"not_picked":["Streamline","Scrape","Conserve Battery"],"picked":"SKIP","floor":21},{"not_picked":["Chaos","BootSequence+1","Hologram"],"picked":"SKIP","floor":22},{"not_picked":["Seek","Cold Snap"],"picked":"Hello World+1","floor":24},{"not_picked":["Chaos","Beam Cell","Steam"],"picked":"SKIP","floor":25},{"not_picked":["Lockon","Cold Snap"],"picked":"Hello World+1","floor":29},{"not_picked":["Hello World+1","Force Field"],"picked":"Heatsinks+1","floor":30},{"not_picked":["Reboot","All For One"],"picked":"Seek","floor":33},{"not_picked":["Loop+1","Sweeping Beam+1"],"picked":"Tempest+1","floor":35},{"not_picked":["Swift Strike","Apotheosis"],"picked":"Magnetism+1","floor":36},{"not_picked":["Swift Strike","Thinking Ahead"],"picked":"Bandage Up","floor":36},{"not_picked":["Trip","Apotheosis"],"picked":"Master of Strategy","floor":36},{"not_picked":["Steam+1","Conserve Battery","Beam Cell+1"],"picked":"SKIP","floor":37},{"not_picked":["Doom and Gloom","Hologram"],"picked":"Coolheaded+1","floor":40},{"not_picked":["Steam Power+1","Hologram+1"],"picked":"Hello World+1","floor":42},{"not_picked":["Barrage","Stack","Auto Shields"],"picked":"SKIP","floor":46},{"not_picked":["BootSequence","Multi-Cast"],"picked":"Auto Shields+1","floor":47}],"player_experience":260316,"potions_floor_usage":[2,3,3,7,14,14,25,25,29,30,33,40,50],"damage_taken":[{"damage":7,"enemies":"Jaw Worm","floor":1,"turns":3},{"damage":0,"enemies":"Cultist","floor":3,"turns":3},{"damage":3,"enemies":"2 Louse","floor":4,"turns":2},{"damage":24,"enemies":"Gremlin Nob","floor":7,"turns":4},{"damage":0,"enemies":"2 Fungi Beasts","floor":10,"turns":2},{"damage":25,"enemies":"Gremlin Gang","floor":11,"turns":2},{"damage":0,"enemies":"Large Slime","floor":13,"turns":4},{"damage":16,"enemies":"Lots of Slimes","floor":14,"turns":4},{"damage":0,"enemies":"Slime Boss","floor":16,"turns":6},{"damage":0,"enemies":"3 Byrds","floor":18,"turns":1},{"damage":28,"enemies":"2 Thieves","floor":20,"turns":3},{"damage":0,"enemies":"3 Cultists","floor":21,"turns":2},{"damage":14,"enemies":"Cultist and Chosen","floor":22,"turns":5},{"damage":24,"enemies":"Book of Stabbing","floor":24,"turns":4},{"damage":23,"enemies":"Centurion and Healer","floor":25,"turns":3},{"damage":12,"enemies":"Snake Plant","floor":29,"turns":2},{"damage":49,"enemies":"Slavers","floor":30,"turns":3},{"damage":14,"enemies":"Automaton","floor":33,"turns":6},{"damage":24,"enemies":"3 Darklings","floor":35,"turns":3},{"damage":11,"enemies":"3 Shapes","floor":37,"turns":2},{"damage":50,"enemies":"Giant Head","floor":40,"turns":6},{"damage":23,"enemies":"Nemesis","floor":42,"turns":4},{"damage":0,"enemies":"Spire Growth","floor":46,"turns":2},{"damage":20,"enemies":"2 Orb Walkers","floor":47,"turns":3},{"damage":92,"enemies":"Awakened One","floor":50,"turns":6}],"relics_obtained":[{"floor":5,"key":"Vajra"},{"floor":7,"key":"Meat on the Bone"},{"floor":9,"key":"Frozen Egg 2"},{"floor":19,"key":"Necronomicon"},{"floor":24,"key":"Strawberry"},{"floor":26,"key":"Blue Candle"},{"floor":30,"key":"Peace Pipe"},{"floor":40,"key":"Pen Nib"},{"floor":41,"key":"Cables"},{"floor":42,"key":"Bronze Scales"},{"floor":43,"key":"Art of War"},{"floor":47,"key":"Mercury Hourglass"}],"event_choices":[{"event_name":"The Woman in Blue","player_choice":"Bought 3 Potions","floor":2,"damage_taken":0},{"event_name":"Cursed Tome","player_choice":"Obtained Book","floor":19,"damage_taken":0},{"event_name":"SensoryStone","player_choice":"Memory 3","floor":36,"damage_taken":0},{"event_name":"Tomb of Lord Red Mask","player_choice":"Paid","floor":38,"damage_taken":0},{"event_name":"Match and Keep!","player_choice":"2 cards matched","floor":39,"damage_taken":0},{"event_name":"Upgrade Shrine","player_choice":"Upgraded","floor":44,"damage_taken":0}],"boss_relics":[{"not_picked":["Astrolabe","Sozu"],"picked":"Ectoplasm"},{"not_picked":["Philosopher\u0027s Stone","Tiny House"],"picked":"Snecko Eye"}],"items_purged_floors":[],"potions_floor_spawned":[1,3,10,16,22,24,25,30,37,40,46],"seed_played":"-8033143296060665501","killed_by":"Awakened One","ascension_level":3,"potions_obtained":[{"floor":1,"key":"Fruit Juice"},{"floor":2,"key":"AttackPotion"},{"floor":2,"key":"PowerPotion"},{"floor":2,"key":"Energy Potion"},{"floor":3,"key":"Poison Potion"},{"floor":10,"key":"FocusPotion"},{"floor":16,"key":"SpeedPotion"},{"floor":22,"key":"GamblersBrew"},{"floor":24,"key":"Fire Potion"},{"floor":25,"key":"Swift Potion"},{"floor":30,"key":"SteroidPotion"},{"floor":37,"key":"Explosive Potion"},{"floor":40,"key":"FearPotion"},{"floor":46,"key":"Explosive Potion"}],"is_trial":false}