{"gold_per_floor":[20,30,50,50,69,69,96,96,146,146,163,189,201,201,201,296,296,312,312,222,222,243,243,266,41,41,41,61,61,61,82,82,82],"floor_reached":33,"playtime":3375,"items_purged":[],"score":437,"play_id":"157f251a-579b-4f51-bbe6-95ba8d12e35f","local_time":"20180930005521","is_ascension_mode":true,"campfire_choices":[{"data":"Tempest","floor":6,"key":"SMITH"},{"floor":8,"key":"REST"},{"data":"White Noise","floor":10,"key":"SMITH"},{"floor":15,"key":"REST"},{"data":"Storm","floor":23,"key":"SMITH"},{"data":"1","floor":27,"key":"LIFT"},{"data":"2","floor":29,"key":"LIFT"},{"data":"3","floor":32,"key":"LIFT"}],"neow_cost":"NO_GOLD","seed_source_timestamp":56168505414391,"circlet_count":0,"master_deck":["Strike_B","Strike_B","Strike_B","Strike_B","Defend_B","Defend_B","Defend_B","Defend_B","Zap","Dualcast","AscendersBane","Electrodynamics+1","Tempest+1","Gash","White Noise+1","Machine Learning","Hello World","Lockon","Self Repair","Steam","Glacier","Amplify","Storm+1","Melter","Self Repair","Defragment","Normality","BootSequence+1","Normality","Static Discharge"],"relics":["Cracked Core","Ornamental Fan","Blood Vial","Dream Catcher","Golden Idol","Cursed Key","MutagenicStrength","Regal Pillow","Girya","Bag of Marbles"],"potions_floor_usage":[5,13,16,33],"damage_taken":[{"damage":1,"enemies":"Cultist","floor":1,"turns":3},{"damage":0,"enemies":"2 Louse","floor":2,"turns":2},{"damage":9,"enemies":"Jaw Worm","floor":3,"turns":3},{"damage":10,"enemies":"2 Fungi Beasts","floor":5,"turns":3},{"damage":36,"enemies":"Lagavulin","floor":7,"turns":7},{"damage":7,"enemies":"Looter","floor":11,"turns":4},{"damage":29,"enemies":"Gremlin Nob","floor":12,"turns":4},{"damage":0,"enemies":"Large Slime","floor":13,"turns":3},{"damage":24,"enemies":"The Guardian","floor":16,"turns":16},{"damage":0,"enemies":"Spheric Guardian","floor":18,"turns":3},{"damage":3,"enemies":"Chosen","floor":22,"turns":3},{"damage":20,"enemies":"Shelled Parasite and Fungi","floor":24,"turns":2},{"damage":7,"enemies":"Cultist and Chosen","floor":28,"turns":3},{"damage":21,"enemies":"Snake Plant","floor":31,"turns":3},{"damage":54,"enemies":"Champ","floor":33,"turns":3}],"seed_played":"7214295674291595428","potions_obtained":[{"floor":1,"key":"FocusPotion"},{"floor":3,"key":"Fire Potion"},{"floor":7,"key":"Swift Potion"},{"floor":13,"key":"Energy Potion"},{"floor":18,"key":"PowerPotion"}],"is_trial":false,"path_per_floor":["M","M","M","?","M","R","E","R","T","R","M","E","M","?","R","B",null,"M","?","?","?","M","R","M","$","T","R","M","R","T","M","R"],"character_chosen":"DEFECT","items_purchased":["Defragment","Regal Pillow"],"campfire_rested":2,"item_purchase_floors":[25,25],"current_hp_per_floor":[63,63,54,59,49,49,13,35,35,35,30,3,12,12,34,19,62,64,64,64,64,63,63,45,45,45,45,47,47,47,42,42,0],"gold":82,"neow_bonus":"THREE_RARE_CARDS","is_prod":false,"is_daily":false,"chose_seed":false,"campfire_upgraded":3,"win_rate":0,"timestamp":1538261721,"path_taken":["M","M","?","?","M","R","E","R","T","R","M","E","M","?","R","BOSS","M","?","?","?","M","R","M","$","T","R","M","R","?","M","R","BOSS"],"build_version":"2018-09-27","purchased_purges":0,"victory":false,"max_hp_per_floor":[71,71,71,76,76,76,76,76,76,76,76,76,76,76,76,76,76,76,76,76,76,76,76,76,76,76,76,76,76,76,76,76,76],"card_choices":[{"not_picked":["Seek","Reboot"],"picked":"Electrodynamics","floor":0},{"not_picked":["White Noise","Blizzard"],"picked":"Tempest","floor":1},{"not_picked":["Reprogram","Coolheaded"],"picked":"Gash","floor":2},{"not_picked":["Go for the Eyes","Rebound"],"picked":"White Noise","floor":3},{"not_picked":["Rebound","Aggregate"],"picked":"Machine Learning","floor":5},{"not_picked":["Beam Cell","Leap"],"picked":"Hello World","floor":7},{"not_picked":["Compile Driver","Hologram"],"picked":"Lockon","floor":11},{"not_picked":["Go for the Eyes","Turbo"],"picked":"Self Repair","floor":12},{"not_picked":["Fusion","Reprogram"],"picked":"Steam","floor":13},{"not_picked":["Barrage","Stack"],"picked":"Glacier","floor":15},{"not_picked":["Seek","Reboot"],"picked":"Amplify","floor":16},{"not_picked":["Force Field","Compile Driver"],"picked":"Storm","floor":18},{"not_picked":["Glacier","Streamline"],"picked":"Self Repair","floor":22},{"not_picked":["Melter","Beam Cell","Turbo"],"picked":"SKIP","floor":24},{"not_picked":["Hologram","Stack"],"picked":"BootSequence+1","floor":28},{"not_picked":["Conserve Battery+1","Leap+1"],"picked":"Static Discharge","floor":31}],"player_experience":558281,"relics_obtained":[{"floor":7,"key":"Ornamental Fan"},{"floor":9,"key":"Blood Vial"},{"floor":12,"key":"Dream Catcher"},{"floor":26,"key":"Girya"},{"floor":30,"key":"Bag of Marbles"}],"event_choices":[{"event_name":"Big Fish","player_choice":"Donut","floor":4,"damage_taken":0},{"event_name":"Golden Idol","player_choice":"Take Wound","floor":14,"damage_taken":0},{"event_name":"The Library","player_choice":"Read","floor":19,"damage_taken":0},{"event_name":"Designer","player_choice":"Full Service","floor":20,"damage_taken":0},{"event_name":"Drug Dealer","player_choice":"Inject Mutagens","floor":21,"damage_taken":0}],"is_beta":true,"boss_relics":[{"not_picked":["Fusion Hammer","Tiny House"],"picked":"Cursed Key"}],"items_purged_floors":[],"is_endless":false,"potions_floor_spawned":[1,3,7,13,18,24,28,31],"killed_by":"Champ","ascension_level":14}