{"gold_per_floor":[111,111,111,132,145,145,145,180,180,195,195,211,211],"floor_reached":13,"playtime":2938,"items_purged":[],"score":153,"play_id":"5ce3a421-59fc-49ff-8d0d-0bd53d3fa8cb","local_time":"20181017190012","is_ascension_mode":true,"campfire_choices":[{"data":"Streamline","floor":7,"key":"SMITH"},{"data":"Zap","floor":11,"key":"SMITH"}],"neow_cost":"TEN_PERCENT_HP_LOSS","seed_source_timestamp":34758746237501,"circlet_count":0,"master_deck":["Strike_B","Strike_B","Strike_B","Strike_B","Defend_B","Defend_B","Defend_B","Defend_B","Zap+1","Dualcast","AscendersBane","Compile Driver","Injury","Streamline+1","Ball Lightning","Coolheaded","Streamline","Ball Lightning"],"relics":["Cracked Core","Turnip","Golden Idol","Gambling Chip","GremlinMask","Vajra","Meat on the Bone"],"potions_floor_usage":[8],"damage_taken":[{"damage":2,"enemies":"Jaw Worm","floor":1,"turns":3},{"damage":1,"enemies":"Cultist","floor":4,"turns":3},{"damage":3,"enemies":"2 Louse","floor":5,"turns":2},{"damage":30,"enemies":"3 Sentries","floor":8,"turns":7},{"damage":0,"enemies":"Large Slime","floor":10,"turns":4},{"damage":12,"enemies":"Red Slaver","floor":12,"turns":3},{"damage":23,"enemies":"Lagavulin","floor":13,"turns":3}],"seed_played":"2778271534181155237","potions_obtained":[{"floor":4,"key":"GamblersBrew"},{"floor":8,"key":"Swift Potion"}],"is_trial":false,"path_per_floor":["M","?","?","M","M","?","R","E","T","M","R","M"],"character_chosen":"DEFECT","items_purchased":[],"campfire_rested":0,"item_purchase_floors":[],"current_hp_per_floor":[62,62,44,43,40,40,40,10,10,22,22,22,0],"gold":211,"neow_bonus":"ONE_RARE_RELIC","is_prod":false,"is_daily":false,"chose_seed":false,"campfire_upgraded":2,"win_rate":0,"timestamp":1539795612,"path_taken":["M","?","?","M","?","?","R","E","T","M","R","M","E"],"build_version":"2018-10-16","purchased_purges":0,"victory":false,"max_hp_per_floor":[64,64,64,64,64,64,64,64,64,64,64,64,64],"card_choices":[{"not_picked":["Hologram","Stack"],"picked":"Compile Driver","floor":1},{"not_picked":["Beam Cell","Compile Driver"],"picked":"Streamline","floor":4},{"not_picked":["Leap","Blizzard"],"picked":"Ball Lightning","floor":5},{"not_picked":["Double Energy","Steam"],"picked":"Coolheaded","floor":8},{"not_picked":["Rebound","Beam Cell"],"picked":"Streamline","floor":10},{"not_picked":["Tempest","Leap"],"picked":"Ball Lightning","floor":12}],"player_experience":637446,"relics_obtained":[{"floor":8,"key":"Vajra"},{"floor":9,"key":"Meat on the Bone"}],"event_choices":[{"damage_healed":0,"gold_gain":0,"player_choice":"Take Wound","damage_taken":0,"relics_obtained":["Golden Idol"],"max_hp_gain":0,"max_hp_loss":0,"event_name":"Golden Idol","floor":2,"gold_loss":0,"cards_obtained":["Injury"]},{"damage_healed":0,"gold_gain":0,"player_choice":"Success","damage_taken":18,"relics_obtained":["Gambling Chip"],"max_hp_gain":0,"max_hp_loss":0,"event_name":"Scrap Ooze","floor":3,"gold_loss":0},{"damage_healed":0,"gold_gain":0,"player_choice":"Trade","damage_taken":0,"relics_obtained":["GremlinMask"],"max_hp_gain":0,"max_hp_loss":0,"event_name":"FaceTrader","floor":6,"gold_loss":0}],"is_beta":true,"boss_relics":[],"items_purged_floors":[],"is_endless":false,"potions_floor_spawned":[4,8],"killed_by":"Lagavulin","ascension_level":16}