{"gold_per_floor":[113,7,25,25,25,50,50,78,155,155,170,195,195,195],"floor_reached":14,"playtime":572,"items_purged":[],"score":191,"play_id":"f2fc2153-336d-453f-babf-51142d865494","local_time":"20181114173538","is_ascension_mode":true,"campfire_choices":[{"data":"Limit Break","floor":7.0,"key":"SMITH"},{"data":"Flex","floor":13,"key":"SMITH"}],"neow_cost":"CURSE","seed_source_timestamp":0,"circlet_count":0,"master_deck":["AscendersBane","Strike_R","Strike_R","Strike_R","Strike_R","Defend_R","Defend_R","Defend_R","Defend_R","Bash","Injury","Reaper","Spot Weakness","Shrug It Off","Pommel Strike","Anger","Limit Break+1","Thunderclap","Flex+1","Pommel Strike","Seeing Red"],"special_seed":0,"relics":["Burning Blood","Omamori","Bag of Preparation","Self Forming Clay","Happy Flower"],"potions_floor_usage":[],"damage_taken":[{"damage":14.0,"enemies":"Jaw Worm","floor":1.0,"turns":4.0},{"damage":0.0,"enemies":"Cultist","floor":3.0,"turns":4.0},{"damage":40.0,"enemies":"Lagavulin","floor":6.0,"turns":7.0},{"damage":42,"enemies":"3 Sentries","floor":8,"turns":8},{"damage":18,"enemies":"Small Slimes","floor":11,"turns":3},{"damage":14,"enemies":"Lagavulin","floor":12,"turns":6},{"damage":36,"enemies":"Gremlin Nob","floor":14,"turns":4}],"seed_played":"-1324085993318962126","potions_obtained":[{"floor":1.0,"key":"Poison Potion"},{"floor":3.0,"key":"Swift Potion"}],"is_trial":false,"path_per_floor":["M","$","M","?","$","E","R","E","T","?","M","E","R","E"],"character_chosen":"IRONCLAD","items_purchased":["Shrug It Off","Pommel Strike"],"campfire_rested":0,"item_purchase_floors":[2,2],"current_hp_per_floor":[60,60,73,73,73,39,39,15,15,15,15,24,24,0],"gold":195,"neow_bonus":"THREE_RARE_CARDS","is_prod":false,"is_daily":false,"chose_seed":false,"campfire_upgraded":2,"win_rate":0,"timestamp":1542213338,"path_taken":["M","$","M","?","?","E","R","E","T","?","M","E","R","E"],"build_version":"2018-11-13","purchased_purges":0,"victory":false,"max_hp_per_floor":[75,75,75,75,75,75,75,75,75,75,75,75,75,75],"card_choices":[{"not_picked":["Barricade","Exhume"],"picked":"Reaper","floor":0.0},{"not_picked":["Havoc","Pummel"],"picked":"Spot Weakness","floor":1.0},{"not_picked":["Thunderclap","Wild Strike"],"picked":"Anger","floor":3.0},{"not_picked":["Reckless Charge","Wild Strike"],"picked":"Thunderclap","floor":6.0},{"not_picked":["Sentinel","Clash"],"picked":"Flex","floor":8},{"not_picked":["Wild Strike","Body Slam"],"picked":"Pommel Strike","floor":11},{"not_picked":["Bloodletting","Whirlwind"],"picked":"Seeing Red","floor":12}],"player_experience":803829,"relics_obtained":[{"floor":6.0,"key":"Omamori"},{"floor":8,"key":"Bag of Preparation"},{"floor":9,"key":"Self Forming Clay"},{"floor":12,"key":"Happy Flower"}],"event_choices":[{"damage_healed":0.0,"max_hp_gain":0.0,"max_hp_loss":0.0,"gold_gain":0.0,"cards_transformed":["Strike_R"],"event_name":"Transmorgrifier","player_choice":"Transformed","floor":4.0,"gold_loss":0.0,"damage_taken":0.0,"cards_obtained":["Limit Break"]},{"damage_healed":0,"gold_gain":0,"player_choice":"0 cards matched","damage_taken":0,"max_hp_gain":0,"max_hp_loss":0,"event_name":"Match and Keep!","floor":10,"gold_loss":0,"cards_obtained":[]}],"is_beta":true,"boss_relics":[],"items_purged_floors":[],"is_endless":false,"potions_floor_spawned":[1,3],"killed_by":"Gremlin Nob","ascension_level":16}