{"gold_per_floor":[113,288,304,320,334,365,365,365,365,365,377,397,416,64,64,167,167,181,181,199,213,213,226,226,254,254,254,274,274,25,42,42,142,142,158,85,97,117,117],"floor_reached":39,"playtime":1984,"items_purged":["Doubt"],"score":432,"play_id":"ae77f04e-0ec6-4924-9f8b-f2b54060171e","local_time":"20190726010350","is_ascension_mode":false,"campfire_choices":[{"data":"Neutralize","floor":8,"key":"SMITH"},{"data":"Dash","floor":10,"key":"SMITH"},{"floor":15,"key":"REST"},{"floor":24,"key":"REST"},{"floor":27,"key":"REST"},{"floor":32,"key":"REST"}],"neow_cost":"NONE","seed_source_timestamp":1212419715193706,"circlet_count":0,"master_deck":["Strike_G","Strike_G","Strike_G","Defend_G","Defend_G","Defend_G","Defend_G","Defend_G","Survivor","Neutralize+1","Dash+1","Accuracy","Dagger Spray","Deadly Poison","Poisoned Stab","Cloak And Dagger","Poisoned Stab","Deadly Poison","Accuracy","Infinite Blades","Blade Dance","Bouncing Flask","Madness","Die Die Die","Flying Knee+1","Backflip","Backstab+1","Blade Dance","Leg Sweep+1","Noxious Fumes+1","Bane","Blade Dance","Tools of the Trade+1","Caltrops+1","Catalyst","Bouncing Flask+1","Well Laid Plans+1"],"special_seed":0,"relics":["Ring of the Snake","Strawberry","Lizard Tail","MutagenicStrength","Ornamental Fan","Orichalcum","Letter Opener","Frozen Egg 2","WristBlade"],"potions_floor_usage":[6,21,25,33],"damage_taken":[{"damage":0.0,"enemies":"Jaw Worm","floor":1.0,"turns":4.0},{"damage":0,"enemies":"2 Louse","floor":3,"turns":2},{"damage":3,"enemies":"Cultist","floor":4,"turns":5},{"damage":4,"enemies":"Exordium Thugs","floor":5,"turns":5},{"damage":15,"enemies":"Lagavulin","floor":6,"turns":6},{"damage":11,"enemies":"Large Slime","floor":11,"turns":6},{"damage":0,"enemies":"Red Slaver","floor":12,"turns":3},{"damage":0,"enemies":"Lots of Slimes","floor":13,"turns":2},{"damage":5,"enemies":"Slime Boss","floor":16,"turns":10},{"damage":22,"enemies":"2 Thieves","floor":18,"turns":5},{"damage":17,"enemies":"Chosen","floor":20,"turns":5},{"damage":10,"enemies":"Snake Plant","floor":21,"turns":4},{"damage":13,"enemies":"Snecko","floor":23,"turns":7},{"damage":39,"enemies":"Gremlin Leader","floor":25,"turns":9},{"damage":1,"enemies":"3 Cultists","floor":28,"turns":5},{"damage":17,"enemies":"Sentry and Sphere","floor":31,"turns":4},{"damage":63,"enemies":"Automaton","floor":33,"turns":11},{"damage":30,"enemies":"3 Darklings","floor":35,"turns":5},{"damage":3,"enemies":"3 Shapes","floor":37,"turns":5},{"damage":32,"enemies":"Sphere and 2 Shapes","floor":38,"turns":6},{"damage":12,"enemies":"4 Shapes","floor":39,"turns":2}],"seed_played":"-7870326422083673793","potions_obtained":[{"floor":1.0,"key":"SteroidPotion"},{"floor":4,"key":"Poison Potion"},{"floor":12,"key":"Block Potion"},{"floor":16,"key":"Explosive Potion"},{"floor":23,"key":"SkillPotion"},{"floor":33,"key":"Explosive Potion"},{"floor":38,"key":"SkillPotion"}],"is_trial":false,"path_per_floor":["M","?","M","M","M","E","?","R","T","R","M","M","M","$","R","B",null,"M","?","M","M","?","M","R","E","T","R","M","?","$","M","R","B",null,"M","$","M","M","M"],"character_chosen":"THE_SILENT","items_purchased":["Infinite Blades","Blade Dance","Bouncing Flask","Madness","Frozen Egg 2","Catalyst"],"campfire_rested":4,"item_purchase_floors":[14,14,14,14,30,36],"current_hp_per_floor":[70,70,70,67,63,55,55,55,55,55,44,44,44,44,67,62,77,55,55,38,28,28,15,38,38,38,61,60,60,60,43,66,3,77,47,47,44,12,0],"gold":117,"neow_bonus":"TRANSFORM_CARD","is_prod":false,"is_daily":false,"chose_seed":false,"campfire_upgraded":2,"win_rate":0,"timestamp":1564070630,"path_taken":["M","?","M","M","M","E","?","R","T","R","M","?","M","$","R","BOSS","M","?","M","M","?","?","R","E","T","R","M","?","$","M","R","BOSS","M","?","M","M","M"],"build_version":"2019-07-17","purchased_purges":1,"victory":false,"max_hp_per_floor":[70,70,70,70,70,77,77,77,77,77,77,77,77,77,77,77,77,77,77,77,77,77,77,77,77,77,77,77,77,77,77,77,77,77,77,77,77,77,77],"card_choices":[{"not_picked":["Flechettes","Infinite Blades"],"picked":"Accuracy","floor":1.0},{"not_picked":["Flechettes","Tactician"],"picked":"Dagger Spray","floor":3},{"not_picked":["Dagger Throw","Sucker Punch"],"picked":"Deadly Poison","floor":4},{"not_picked":["Footwork","Crippling Poison"],"picked":"Poisoned Stab","floor":5},{"not_picked":["Slice","Terror"],"picked":"Cloak And Dagger","floor":6},{"not_picked":["Underhanded Strike","Flying Knee"],"picked":"Poisoned Stab","floor":11},{"not_picked":["Sucker Punch","Bane"],"picked":"Deadly Poison","floor":12},{"not_picked":["Unload","Heel Hook"],"picked":"Accuracy","floor":13},{"not_picked":["Doppelganger","Phantasmal Killer"],"picked":"Die Die Die","floor":16},{"not_picked":["Prepared","Predator"],"picked":"Flying Knee+1","floor":18},{"not_picked":["Outmaneuver","Deflect+1"],"picked":"Backflip","floor":20},{"not_picked":["Dagger Throw+1","Dash+1"],"picked":"Backstab+1","floor":21},{"not_picked":["Endless Agony","Expertise"],"picked":"Blade Dance","floor":23},{"not_picked":["Bane","Dagger Throw"],"picked":"Leg Sweep+1","floor":25},{"not_picked":["Deadly Poison","Acrobatics"],"picked":"Noxious Fumes+1","floor":28},{"not_picked":["Terror+1","Bane"],"picked":"Blade Dance","floor":31},{"not_picked":["After Image+1","Storm of Steel"],"picked":"Tools of the Trade+1","floor":33},{"not_picked":["Tactician","Reflex"],"picked":"Caltrops+1","floor":35},{"not_picked":["Quick Slash","Terror+1"],"picked":"Bouncing Flask+1","floor":37},{"not_picked":["Backstab","Acrobatics"],"picked":"Well Laid Plans+1","floor":38}],"player_experience":213912,"relics_obtained":[{"floor":6,"key":"Strawberry"},{"floor":25,"key":"Orichalcum"},{"floor":26,"key":"Letter Opener"}],"event_choices":[{"damage_healed":0.0,"max_hp_gain":0.0,"max_hp_loss":0.0,"gold_gain":175.0,"event_name":"Liars Game","player_choice":"AGREE","floor":2.0,"gold_loss":0.0,"damage_taken":0.0,"cards_obtained":["Doubt"]},{"damage_healed":0,"gold_gain":0,"player_choice":"Ignored","damage_taken":0,"max_hp_gain":0,"max_hp_loss":0,"event_name":"NoteForYourself","floor":7,"gold_loss":0},{"damage_healed":0,"gold_gain":0,"player_choice":"Inject Mutagens","damage_taken":0,"relics_obtained":["MutagenicStrength"],"max_hp_gain":0,"max_hp_loss":0,"event_name":"Drug Dealer","floor":19,"gold_loss":0},{"damage_healed":0,"gold_gain":0,"player_choice":"Gave Potion","damage_taken":0,"relics_obtained":["Ornamental Fan"],"max_hp_gain":0,"max_hp_loss":0,"event_name":"WeMeetAgain","floor":22,"gold_loss":0},{"damage_healed":0,"gold_gain":0,"cards_transformed":["Strike_G"],"player_choice":"Transformed","damage_taken":0,"max_hp_gain":0,"max_hp_loss":0,"event_name":"Transmorgrifier","floor":29,"gold_loss":0,"cards_obtained":["Bane"]}],"is_beta":false,"boss_relics":[{"not_picked":["Empty Cage","Velvet Choker"],"picked":"Lizard Tail"},{"not_picked":["Calling Bell","Busted Crown"],"picked":"WristBlade"}],"items_purged_floors":[14],"is_endless":false,"potions_floor_spawned":[1,4,12,16,18,23,33,38],"killed_by":"4 Shapes","ascension_level":0}