{"gold_per_floor":[119,135,145,163,163,206,356,356,356,356],"floor_reached":10,"playtime":487,"items_purged":[],"score":136,"play_id":"54e8348a-3541-46b5-9209-b1e429ec446f","local_time":"20190220171441","is_ascension_mode":true,"campfire_choices":[],"neow_cost":"PERCENT_DAMAGE","seed_source_timestamp":24062104073600,"circlet_count":0,"master_deck":["AscendersBane","Strike_R","Strike_R","Strike_R","Strike_R","Strike_R","Defend_R","Defend_R","Defend_R","Defend_R","Bash","Headbutt","Spot Weakness","Shrug It Off","Armaments","Doubt"],"relics":["Burning Blood","Torii","Golden Idol","Art of War","Smiling Mask"],"potions_floor_usage":[10,10],"damage_taken":[{"damage":2,"enemies":"2 Louse","floor":1,"turns":4},{"damage":2,"enemies":"Jaw Worm","floor":2,"turns":5},{"damage":10,"enemies":"Small Slimes","floor":3,"turns":3},{"damage":10,"enemies":"3 Louse","floor":4,"turns":6},{"damage":32,"enemies":"Lagavulin","floor":6,"turns":9},{"damage":21,"enemies":"Large Slime","floor":10,"turns":8}],"seed_played":"-2499399970161131585","potions_obtained":[{"floor":1,"key":"SpeedPotion"},{"floor":4,"key":"Regen Potion"},{"floor":6,"key":"Block Potion"}],"is_trial":false,"path_per_floor":["M","M","M","M","?","E","?","?","T","M"],"character_chosen":"IRONCLAD","items_purchased":[],"campfire_rested":0,"item_purchase_floors":[],"current_hp_per_floor":[54,58,54,50,50,24,24,6,6,0],"gold":356,"neow_bonus":"ONE_RARE_RELIC","is_prod":false,"is_daily":false,"chose_seed":false,"campfire_upgraded":0,"win_rate":0,"timestamp":1550679281,"path_taken":["M","M","M","M","?","E","?","?","T","M"],"build_version":"2019-01-23","purchased_purges":0,"victory":false,"max_hp_per_floor":[75,75,75,75,68,68,68,68,68,68],"card_choices":[{"not_picked":["Reckless Charge","True Grit"],"picked":"Headbutt","floor":1},{"not_picked":["Sword Boomerang","Whirlwind"],"picked":"Spot Weakness","floor":2},{"not_picked":["Armaments","Headbutt"],"picked":"Shrug It Off","floor":3},{"not_picked":["Body Slam","Sentinel"],"picked":"Armaments","floor":4},{"not_picked":["Entrench","Havoc","Rupture"],"picked":"SKIP","floor":6}],"player_experience":1319706,"relics_obtained":[{"floor":6,"key":"Art of War"},{"floor":9,"key":"Smiling Mask"}],"event_choices":[{"damage_healed":0,"gold_gain":0,"player_choice":"Lose Max HP","damage_taken":0,"relics_obtained":["Golden Idol"],"max_hp_gain":0,"max_hp_loss":7,"event_name":"Golden Idol","floor":5,"gold_loss":0},{"damage_healed":0,"gold_gain":150,"player_choice":"AGREE","damage_taken":0,"max_hp_gain":0,"max_hp_loss":0,"event_name":"Liars Game","floor":7,"gold_loss":0,"cards_obtained":["Doubt"]},{"damage_healed":0,"gold_gain":0,"player_choice":"Fled","damage_taken":18,"max_hp_gain":0,"max_hp_loss":0,"event_name":"Scrap Ooze","floor":8,"gold_loss":0}],"is_beta":false,"boss_relics":[],"items_purged_floors":[],"is_endless":false,"potions_floor_spawned":[1,4,6],"killed_by":"Large Slime","ascension_level":20}