{"gold_per_floor":[217,217,217,240,254,254,287,287,287,562,116,116],"floor_reached":12,"playtime":184,"items_purged":["Regret"],"score":152,"play_id":"8628b7a6-888f-4901-91aa-cd32b710a507","local_time":"20190922162140","is_ascension_mode":true,"campfire_choices":[{"data":"Bash","floor":6.0,"key":"SMITH"},{"data":"1","floor":8.0,"key":"LIFT"}],"neow_cost":"NONE","seed_source_timestamp":23556332861304,"circlet_count":0,"master_deck":["AscendersBane","Strike_R","Strike_R","Strike_R+1","Strike_R","Strike_R","Defend_R","Defend_R","Defend_R","Defend_R","Bash+1","Hemokinesis+1","Twin Strike","Shrug It Off","Flame Barrier","Apotheosis","Offering","Inflame"],"special_seed":0,"relics":["Burning Blood","Golden Idol","Girya"],"potions_floor_usage":[],"damage_taken":[{"damage":15.0,"enemies":"Small Slimes","floor":1.0,"turns":3.0},{"damage":3.0,"enemies":"2 Louse","floor":4.0,"turns":2.0},{"damage":1.0,"enemies":"Cultist","floor":5.0,"turns":3.0},{"damage":34.0,"enemies":"Gremlin Nob","floor":7.0,"turns":4.0},{"damage":20,"enemies":"Gremlin Gang","floor":12,"turns":2}],"seed_played":"-3926518412530309624","potions_obtained":[{"floor":7.0,"key":"Weak Potion"}],"is_trial":false,"path_per_floor":["M","?","?","M","M","R","E","R","T","?","$","M"],"character_chosen":"IRONCLAD","items_purchased":["Apotheosis","Offering","Inflame"],"campfire_rested":0,"item_purchase_floors":[11,11,11],"current_hp_per_floor":[59,36,36,39,44,44,16,16,16,16,16,0],"gold":116,"neow_bonus":"HUNDRED_GOLD","is_prod":false,"is_daily":false,"chose_seed":false,"campfire_upgraded":1,"win_rate":0,"timestamp":1569162100,"path_taken":["M","?","?","M","M","R","E","R","T","?","$","M"],"build_version":"2019-09-20","purchased_purges":1,"victory":false,"max_hp_per_floor":[75,75,68,68,68,68,68,68,68,68,68,68],"card_choices":[{"not_picked":["Sword Boomerang","Perfected Strike"],"picked":"Hemokinesis","floor":1.0},{"not_picked":["Warcry","Sword Boomerang"],"picked":"Twin Strike","floor":4.0},{"not_picked":["Intimidate","Power Through"],"picked":"Shrug It Off","floor":5.0},{"not_picked":["Cleave","Shrug It Off"],"picked":"Flame Barrier","floor":7.0}],"player_experience":2092826,"relics_obtained":[{"floor":7.0,"key":"Girya"}],"event_choices":[{"damage_healed":0.0,"max_hp_gain":0.0,"max_hp_loss":0.0,"gold_gain":0.0,"event_name":"Shining Light","player_choice":"Entered Light","floor":2.0,"gold_loss":0.0,"damage_taken":23.0,"cards_upgraded":["Strike_R","Hemokinesis"]},{"damage_healed":0.0,"max_hp_gain":0.0,"max_hp_loss":7.0,"gold_gain":0.0,"event_name":"Golden Idol","player_choice":"Lose Max HP","floor":3.0,"gold_loss":0.0,"damage_taken":0.0,"relics_obtained":["Golden Idol"]},{"damage_healed":0.0,"max_hp_gain":0.0,"max_hp_loss":0.0,"gold_gain":275.0,"event_name":"Golden Shrine","player_choice":"Desecrate","floor":10.0,"gold_loss":0.0,"damage_taken":0.0,"cards_obtained":["Regret"]}],"is_beta":true,"boss_relics":[],"items_purged_floors":[11],"is_endless":false,"potions_floor_spawned":[7],"killed_by":"Gremlin Gang","ascension_level":20}