{"gold_per_floor":[117,192,192,211,136,180,257,291,316,316,337,174,192,223,223,317,317,336,181,181,96,146,146,166,166],"floor_reached":25,"playtime":668,"items_purged":["Strike_R","Strike_R"],"score":484,"play_id":"d2ff43a9-7d47-4ec9-96ef-0c18a3a38d39","local_time":"20190506083828","is_ascension_mode":true,"campfire_choices":[{"data":"Inflame","floor":15,"key":"SMITH"},{"data":"Limit Break","floor":23,"key":"SMITH"}],"neow_cost":"NONE","seed_source_timestamp":577212058222,"circlet_count":0,"master_deck":["AscendersBane","Strike_R","Strike_R","Defend_R","Defend_R","Defend_R","Defend_R","Bash","Anger","Thunderclap","Spot Weakness","Carnage+1","Reaper","Uppercut","Inflame+1","Feed","Heavy Blade","Sword Boomerang","Limit Break+1","Shrug It Off"],"relics":["Burning Blood","NeowsBlessing","Bloody Idol","Anchor","Dodecahedron","Bag of Preparation","Juzu Bracelet","Centennial Puzzle","Orrery","Ancient Tea Set"],"potions_floor_usage":[25],"damage_taken":[{"damage":0,"enemies":"2 Louse","floor":1,"turns":1},{"damage":0,"enemies":"Small Slimes","floor":4,"turns":1},{"damage":0,"enemies":"3 Sentries","floor":6,"turns":1},{"damage":35,"enemies":"Lagavulin","floor":8,"turns":6},{"damage":1,"enemies":"Cultist","floor":11,"turns":3},{"damage":1,"enemies":"Looter","floor":13,"turns":2},{"damage":15,"enemies":"3 Sentries","floor":14,"turns":7},{"damage":32,"enemies":"Hexaghost","floor":16,"turns":7},{"damage":36,"enemies":"Spheric Guardian","floor":18,"turns":5},{"damage":35,"enemies":"3 Byrds","floor":24,"turns":7},{"damage":21,"enemies":"Gremlin Leader","floor":25,"turns":2}],"seed_played":"4730872004174413666","potions_obtained":[{"floor":11,"key":"Dexterity Potion"},{"floor":13,"key":"SkillPotion"},{"floor":14,"key":"SteroidPotion"}],"is_trial":false,"path_per_floor":["M","?","?","M","?","E","T","E","T","?","M","$","M","E","R","B",null,"M","$","?","?","?","R","M","E"],"character_chosen":"IRONCLAD","items_purchased":["Uppercut","Shrug It Off"],"campfire_rested":0,"item_purchase_floors":[12,19],"current_hp_per_floor":[74,63,63,68,68,68,68,39,39,39,44,44,49,57,57,31,59,32,32,32,32,37,37,19,0],"gold":166,"neow_bonus":"THREE_ENEMY_KILL","is_prod":false,"is_daily":false,"chose_seed":false,"campfire_upgraded":2,"win_rate":0,"timestamp":1557124708,"path_taken":["M","?","?","M","?","E","?","E","T","?","M","?","M","E","R","BOSS","M","$","?","?","?","R","M","E"],"build_version":"2019-01-23","purchased_purges":2,"victory":false,"max_hp_per_floor":[75,75,68,68,68,68,68,68,68,68,68,68,68,68,68,68,68,71,71,71,71,71,71,74,74],"card_choices":[{"not_picked":["Pommel Strike","Feel No Pain"],"picked":"Anger","floor":1},{"not_picked":["Flex","Sentinel"],"picked":"Thunderclap","floor":4},{"not_picked":["Rupture","Clothesline"],"picked":"Spot Weakness","floor":6},{"not_picked":["Anger","Heavy Blade"],"picked":"Carnage","floor":8},{"not_picked":["Clash","Fire Breathing"],"picked":"Reaper","floor":11},{"not_picked":["Second Wind","Cleave"],"picked":"Inflame","floor":13},{"not_picked":["Corruption","Cleave","Havoc"],"picked":"SKIP","floor":14},{"not_picked":["Reaper","Double Tap"],"picked":"Feed","floor":16},{"not_picked":["Havoc","Sword Boomerang"],"picked":"Heavy Blade","floor":17},{"not_picked":["Pommel Strike","Heavy Blade"],"picked":"Sword Boomerang","floor":17},{"not_picked":["Cleave","Blood for Blood"],"picked":"Limit Break","floor":18},{"not_picked":["Anger","Pommel Strike","Combust"],"picked":"SKIP","floor":24}],"player_experience":1660431,"relics_obtained":[{"floor":6,"key":"Anchor"},{"floor":7,"key":"Dodecahedron"},{"floor":8,"key":"Bag of Preparation"},{"floor":9,"key":"Juzu Bracelet"},{"floor":14,"key":"Centennial Puzzle"}],"event_choices":[{"damage_healed":0,"gold_gain":75,"player_choice":"Gather Gold","damage_taken":11,"max_hp_gain":0,"max_hp_loss":0,"event_name":"World of Goop","floor":2,"gold_loss":0},{"damage_healed":0,"gold_gain":0,"player_choice":"Lose Max HP","damage_taken":0,"relics_obtained":["Golden Idol"],"max_hp_gain":0,"max_hp_loss":7,"event_name":"Golden Idol","floor":3,"gold_loss":0},{"cards_removed":["Strike_R"],"damage_healed":0,"gold_gain":0,"player_choice":"Card Removal","damage_taken":0,"max_hp_gain":0,"max_hp_loss":0,"event_name":"The Cleric","floor":5,"gold_loss":75},{"damage_healed":0,"gold_gain":0,"player_choice":"Grow","damage_taken":0,"max_hp_gain":0,"max_hp_loss":0,"event_name":"Living Wall","floor":10,"gold_loss":0,"cards_upgraded":["Carnage"]},{"damage_healed":0,"gold_gain":0,"player_choice":"Gave Idol","damage_taken":0,"relics_obtained":["Bloody Idol"],"max_hp_gain":0,"max_hp_loss":0,"event_name":"Forgotten Altar","floor":20,"relics_lost":["Golden Idol"],"gold_loss":0},{"damage_healed":0,"gold_gain":0,"player_choice":"Obtained Relic","damage_taken":0,"relics_obtained":["Ancient Tea Set"],"max_hp_gain":0,"max_hp_loss":0,"event_name":"Addict","floor":21,"gold_loss":85},{"damage_healed":0,"gold_gain":50,"player_choice":"Stole From Cult","damage_taken":0,"max_hp_gain":0,"max_hp_loss":0,"event_name":"Nest","floor":22,"gold_loss":0}],"is_beta":false,"boss_relics":[{"not_picked":["Calling Bell","Eternal Feather"],"picked":"Orrery"}],"items_purged_floors":[12,19],"is_endless":false,"potions_floor_spawned":[11,13,14],"killed_by":"Gremlin Leader","ascension_level":20}