{"gold_per_floor":[113,113,138,138,153,153,192,192,192,192,236,66,80,80,80,176,176,197,217,46,46,46,79,95,95,122,142,142,142,142,142],"floor_reached":31,"playtime":841,"items_purged":["Strike_B"],"score":522,"play_id":"f8e6c13b-d252-43d2-9699-8b62237a29ca","local_time":"20190318010314","is_ascension_mode":true,"campfire_choices":[{"data":"Sunder","floor":6,"key":"SMITH"},{"data":"Zap","floor":8,"key":"SMITH"},{"floor":10,"key":"REST"},{"data":"Defragment","floor":15,"key":"SMITH"},{"data":"Capacitor","floor":25,"key":"SMITH"},{"floor":28,"key":"REST"}],"neow_cost":"PERCENT_DAMAGE","seed_source_timestamp":21354126650281,"circlet_count":0,"master_deck":["AscendersBane","Strike_B","Defend_B","Defend_B","Defend_B","Zap+1","Dualcast","Glacier","Capacitor+1","Sunder+1","Hologram","Steam","Barrage","Defragment+1","Ball Lightning","Cold Snap","Creative AI","White Noise","White Noise","Loop","Glacier","Recycle+1","Shame","Capacitor","Ghostly","Ghostly","Ghostly"],"relics":["Cracked Core","Bloody Idol","Pantograph","Mercury Hourglass","Pen Nib","GremlinMask","Cursed Key","Happy Flower","Art of War"],"potions_floor_usage":[11],"damage_taken":[{"damage":0,"enemies":"Small Slimes","floor":1,"turns":6},{"damage":1,"enemies":"Cultist","floor":3,"turns":4},{"damage":9,"enemies":"2 Louse","floor":5,"turns":2},{"damage":11,"enemies":"Lagavulin","floor":7,"turns":10},{"damage":3,"enemies":"3 Sentries","floor":11,"turns":5},{"damage":7,"enemies":"Gremlin Gang","floor":13,"turns":2},{"damage":26,"enemies":"Hexaghost","floor":16,"turns":9},{"damage":0,"enemies":"Chosen","floor":18,"turns":3},{"damage":2,"enemies":"3 Byrds","floor":19,"turns":3},{"damage":19,"enemies":"Gremlin Leader","floor":23,"turns":7},{"damage":8,"enemies":"Shelled Parasite and Fungi","floor":24,"turns":6},{"damage":24,"enemies":"Snake Plant","floor":27,"turns":3},{"damage":29,"enemies":"Slavers","floor":31,"turns":1}],"seed_played":"3836183110423326588","potions_obtained":[{"floor":7,"key":"Strength Potion"},{"floor":11,"key":"SteroidPotion"},{"floor":16,"key":"Ancient Potion"}],"is_trial":false,"path_per_floor":["M","?","M","?","M","R","E","R","T","R","E","$","M","?","R","B",null,"M","M","$","?","?","E","M","R","T","M","R","?","?","E"],"character_chosen":"DEFECT","items_purchased":["Defragment","Ball Lightning","White Noise","Loop"],"campfire_rested":2,"item_purchase_floors":[12,12,20,20],"current_hp_per_floor":[46,46,45,45,36,36,25,25,25,44,41,41,34,34,34,33,56,56,54,54,54,54,35,27,27,27,3,22,22,22,0],"gold":142,"neow_bonus":"TRANSFORM_TWO_CARDS","is_prod":false,"is_daily":false,"chose_seed":false,"campfire_upgraded":4,"win_rate":0,"timestamp":1552867394,"path_taken":["M","?","M","?","M","R","E","R","T","R","E","$","?","?","R","BOSS","M","?","$","?","?","E","M","R","T","M","R","?","?","E"],"build_version":"2019-01-23","purchased_purges":1,"victory":false,"max_hp_per_floor":[71,64,64,64,64,64,64,64,64,64,64,64,64,64,64,64,64,64,64,64,64,64,64,64,64,64,64,64,64,32,32],"card_choices":[{"not_picked":["Turbo","Redo","Beam Cell"],"picked":"SKIP","floor":1},{"not_picked":["Rip and Tear","Lockon"],"picked":"Sunder","floor":3},{"not_picked":["Aggregate","Go for the Eyes"],"picked":"Hologram","floor":5},{"not_picked":["All For One","Redo"],"picked":"Steam","floor":7},{"not_picked":["Beam Cell","Tempest"],"picked":"Barrage","floor":11},{"not_picked":["Redo","Leap"],"picked":"Cold Snap","floor":13},{"not_picked":["All For One","Meteor Strike"],"picked":"Creative AI","floor":16},{"not_picked":["Ball Lightning","Redo"],"picked":"White Noise","floor":18},{"not_picked":["Leap","Gash","Cold Snap"],"picked":"SKIP","floor":19},{"not_picked":["Gash","Rip and Tear","Sweeping Beam"],"picked":"SKIP","floor":23},{"not_picked":["Beam Cell+1","Barrage"],"picked":"Recycle+1","floor":24},{"not_picked":["Sweeping Beam","All For One"],"picked":"Capacitor","floor":27}],"player_experience":1432194,"relics_obtained":[{"floor":7,"key":"Pantograph"},{"floor":9,"key":"Mercury Hourglass"},{"floor":11,"key":"Pen Nib"},{"floor":23,"key":"Happy Flower"},{"floor":26,"key":"Art of War"}],"event_choices":[{"damage_healed":0,"gold_gain":0,"player_choice":"Lose Max HP","damage_taken":0,"relics_obtained":["Golden Idol"],"max_hp_gain":0,"max_hp_loss":7,"event_name":"Golden Idol","floor":2,"gold_loss":0},{"cards_removed":["Defend_B"],"damage_healed":0,"gold_gain":0,"player_choice":"Purged","damage_taken":0,"max_hp_gain":0,"max_hp_loss":0,"event_name":"Purifier","floor":4,"gold_loss":0},{"damage_healed":0,"gold_gain":0,"player_choice":"Trade","damage_taken":0,"relics_obtained":["GremlinMask"],"max_hp_gain":0,"max_hp_loss":0,"event_name":"FaceTrader","floor":14,"gold_loss":0},{"damage_healed":0,"gold_gain":0,"player_choice":"Ignored","damage_taken":0,"max_hp_gain":0,"max_hp_loss":0,"event_name":"Vampires","floor":21,"gold_loss":0},{"damage_healed":0,"gold_gain":0,"player_choice":"Read","damage_taken":0,"max_hp_gain":0,"max_hp_loss":0,"event_name":"The Library","floor":22,"gold_loss":0,"cards_obtained":["Glacier"]},{"damage_healed":0,"gold_gain":0,"player_choice":"Gave Idol","damage_taken":0,"relics_obtained":["Bloody Idol"],"max_hp_gain":0,"max_hp_loss":0,"event_name":"Forgotten Altar","floor":29,"relics_lost":["Golden Idol"],"gold_loss":0},{"damage_healed":0,"gold_gain":0,"player_choice":"Became a Ghost","damage_taken":0,"max_hp_gain":0,"max_hp_loss":32,"event_name":"Ghosts","floor":30,"gold_loss":0,"cards_obtained":["Ghostly","Ghostly","Ghostly"]}],"is_beta":false,"boss_relics":[{"not_picked":["White Beast Statue","Orrery"],"picked":"Cursed Key"}],"items_purged_floors":[12],"is_endless":false,"potions_floor_spawned":[7,11,16,27],"killed_by":"Slavers","ascension_level":20}