{"gold_per_floor":[215,215,215,229,85,120,130,130,130,149,149,167,167,185,185,286,286,272,362,2,16,16,43,43,43,96,107,118,118,82,92,92,193,193,206,106,119,219,55,55,75,92,92,104,123,123,139,18,18,18,18,18,18,43,43],"floor_reached":55,"playtime":2642,"items_purged":["Strike_G","Strike_G","Defend_G"],"score":741,"play_id":"f276f51e-74ac-4b20-96fe-80dad8651c58","local_time":"20190924040639","is_ascension_mode":false,"campfire_choices":[{"floor":8,"key":"REST"},{"floor":11,"key":"REST"},{"data":"Infinite Blades","floor":13,"key":"SMITH"},{"data":"Accuracy","floor":15,"key":"SMITH"},{"data":"Accuracy","floor":24,"key":"SMITH"},{"data":"Neutralize","floor":29,"key":"SMITH"},{"data":"Infinite Blades","floor":32,"key":"SMITH"},{"floor":40,"key":"RECALL"},{"data":"Caltrops","floor":46,"key":"SMITH"},{"data":"Cloak And Dagger","floor":49,"key":"SMITH"},{"data":"Sucker Punch","floor":52,"key":"SMITH"}],"neow_cost":"NONE","seed_source_timestamp":168081507746000,"circlet_count":0,"master_deck":["Defend_G","Defend_G","Defend_G","Defend_G","Survivor","Neutralize+1","Sucker Punch+1","Dodge and Roll","Infinite Blades+1","Caltrops","Accuracy+1","Terror","Blade Dance","Accuracy+1","After Image","Dodge and Roll+1","Backstab+1","Wraith Form v2+1","Footwork","Forethought","Blade Dance","Cloak And Dagger+1","Footwork","Flying Knee+1","Infinite Blades+1","Finisher","Phantasmal Killer","Accuracy+1","Dodge and Roll+1","Deflect","Caltrops+1","After Image","Deflect+1","Blade Dance","Caltrops+1","Caltrops+1","Deflect+1"],"relics":["Ring of the Snake","Bird Faced Urn","Unceasing Top","Dodecahedron","Astrolabe","Incense Burner","Question Card","MutagenicStrength","Lantern","WristBlade","StoneCalendar","FossilizedHelix","Meat on the Bone","Blue Candle"],"potions_floor_usage":[6,16,27,33,35,50,50,50,50,54,55],"damage_taken":[{"damage":4,"enemies":"Jaw Worm","floor":1,"turns":4},{"damage":15,"enemies":"Small Slimes","floor":4,"turns":4},{"damage":35,"enemies":"3 Sentries","floor":6,"turns":17},{"damage":0,"enemies":"Cultist","floor":7,"turns":4},{"damage":5,"enemies":"Large Slime","floor":10,"turns":7},{"damage":2,"enemies":"Blue Slaver","floor":12,"turns":4},{"damage":2,"enemies":"Looter","floor":14,"turns":3},{"damage":0,"enemies":"Slime Boss","floor":16,"turns":7},{"damage":7,"enemies":"2 Thieves","floor":18,"turns":4},{"damage":9,"enemies":"Spheric Guardian","floor":21,"turns":4},{"damage":7,"enemies":"Book of Stabbing","floor":23,"turns":7},{"damage":0,"enemies":"Shelled Parasite and Fungi","floor":27,"turns":5},{"damage":8,"enemies":"Chosen and Byrds","floor":28,"turns":5},{"damage":0,"enemies":"Sentry and Sphere","floor":31,"turns":5},{"damage":41,"enemies":"Automaton","floor":33,"turns":10},{"damage":26,"enemies":"3 Darklings","floor":35,"turns":3},{"damage":12,"enemies":"3 Shapes","floor":37,"turns":4},{"damage":4,"enemies":"Mind Bloom Boss Battle","floor":38,"turns":5},{"damage":28,"enemies":"Sphere and 2 Shapes","floor":41,"turns":5},{"damage":8,"enemies":"Transient","floor":42,"turns":5},{"damage":7,"enemies":"4 Shapes","floor":44,"turns":5},{"damage":0,"enemies":"3 Darklings","floor":45,"turns":6},{"damage":0,"enemies":"Jaw Worm Horde","floor":47,"turns":5},{"damage":55,"enemies":"Awakened One","floor":50,"turns":9},{"damage":7,"enemies":"Shield and Spear","floor":54,"turns":6},{"damage":78,"enemies":"The Heart","floor":55,"turns":3}],"seed_played":"-1657246756073093548","potions_obtained":[{"floor":1,"key":"FearPotion"},{"floor":7,"key":"Swift Potion"},{"floor":10,"key":"Ancient Potion"},{"floor":12,"key":"Block Potion"},{"floor":27,"key":"SkillPotion"},{"floor":28,"key":"Energy Potion"},{"floor":42,"key":"EntropicBrew"},{"floor":44,"key":"AttackPotion"},{"floor":45,"key":"SteroidPotion"}],"is_trial":false,"path_per_floor":["M","?","T","M","$","E","M","R","T","M","R","M","R","M","R","B",null,"M","?","$","M","?","E","R","?","T","M","M","R","$","M","R","B",null,"M","$","M","?","$","R","M","M","T","M","M","R","M","?","R","B",null,"R","$","E","B"],"character_chosen":"THE_SILENT","items_purchased":["Infinite Blades","Incense Burner","Blade Dance","Infinite Blades","Caltrops"],"campfire_rested":2,"item_purchase_floors":[5,20,20,30,39],"current_hp_per_floor":[66,63,63,48,48,15,19,40,40,41,62,66,66,70,70,70,70,66,45,45,48,48,55,55,55,55,69,68,68,68,70,70,39,70,50,50,52,60,60,60,50,58,58,67,70,70,70,70,70,45,70,70,70,70,0],"gold":43,"neow_bonus":"HUNDRED_GOLD","is_prod":false,"is_daily":false,"chose_seed":false,"campfire_upgraded":8,"win_rate":0,"timestamp":1569269199,"path_taken":["M","?","?","M","$","E","?","R","T","M","R","M","R","M","R","BOSS","M","?","$","?","?","E","R","?","T","M","M","R","$","M","R","BOSS","M","$","M","?","$","R","M","M","T","M","M","R","M","?","R","BOSS","R","$","E","BOSS"],"build_version":"2019-07-17","purchased_purges":3,"victory":false,"max_hp_per_floor":[70,70,70,70,70,70,70,70,70,70,70,70,70,70,70,70,70,70,70,70,70,70,70,70,70,70,70,70,70,70,70,70,70,70,70,70,70,70,70,70,70,70,70,70,70,70,70,70,70,70,70,70,70,70,70],"card_choices":[{"not_picked":["Dash","Predator"],"picked":"Sucker Punch","floor":1},{"not_picked":["Bane","Outmaneuver"],"picked":"Dodge and Roll","floor":4},{"not_picked":["Deadly Poison","Backflip"],"picked":"Caltrops","floor":6},{"not_picked":["Dagger Throw","Predator"],"picked":"Accuracy","floor":7},{"not_picked":["Deadly Poison","Expertise"],"picked":"Terror","floor":10},{"not_picked":["Bane","Backflip"],"picked":"Blade Dance","floor":12},{"not_picked":["Prepared","Acrobatics"],"picked":"Accuracy","floor":14},{"not_picked":["Grand Finale","Storm of Steel"],"picked":"After Image","floor":16},{"not_picked":["Deadly Poison","Masterful Stab"],"picked":"Footwork","floor":18},{"not_picked":["Sucker Punch","Dodge and Roll"],"picked":"Cloak And Dagger","floor":21},{"not_picked":["Caltrops","Malaise"],"picked":"Footwork","floor":23},{"not_picked":["Skewer+1","Prepared","Outmaneuver+1"],"picked":"Flying Knee+1","floor":27},{"not_picked":["Dodge and Roll","Flying Knee","Dagger Throw","Reflex"],"picked":"SKIP","floor":28},{"not_picked":["Expertise","Acrobatics","Riddle With Holes+1"],"picked":"Finisher","floor":31},{"not_picked":["Grand Finale","Glass Knife","Unload"],"picked":"Phantasmal Killer","floor":33},{"not_picked":["Bane","Dagger Spray","All Out Attack+1"],"picked":"Accuracy+1","floor":35},{"not_picked":["Sucker Punch","Quick Slash+1","Deflect"],"picked":"Dodge and Roll+1","floor":37},{"not_picked":["Dodge and Roll","Skewer+1","Dagger Throw"],"picked":"Deflect","floor":38},{"not_picked":["Prepared","Backflip+1","Bane"],"picked":"After Image","floor":41},{"not_picked":["Concentrate+1","Dagger Spray+1","Dagger Throw+1"],"picked":"Deflect+1","floor":42},{"not_picked":["Setup+1","Distraction+1","Dagger Throw"],"picked":"Blade Dance","floor":44},{"not_picked":["Deflect","Bullet Time","Poisoned Stab+1"],"picked":"Caltrops+1","floor":45},{"not_picked":["Distraction","Calculated Gamble","Backflip"],"picked":"Caltrops+1","floor":47},{"not_picked":["Underhanded Strike","Slice","Dodge and Roll"],"picked":"Deflect+1","floor":54}],"player_experience":217415,"relics_obtained":[{"floor":6,"key":"Unceasing Top"},{"floor":9,"key":"Dodecahedron"},{"floor":23,"key":"Question Card"},{"floor":26,"key":"Lantern"},{"floor":38,"key":"StoneCalendar"},{"floor":43,"key":"FossilizedHelix"},{"floor":54,"key":"Blue Candle"}],"event_choices":[{"damage_healed":0,"gold_gain":0,"player_choice":"Success","damage_taken":3,"relics_obtained":["Bird Faced Urn"],"max_hp_gain":0,"max_hp_loss":0,"event_name":"Scrap Ooze","floor":2,"gold_loss":0},{"damage_healed":0,"gold_gain":90,"player_choice":"GOLD CARD ","damage_taken":21,"max_hp_gain":0,"max_hp_loss":0,"event_name":"Knowing Skull","floor":19,"potions_obtained":[],"gold_loss":0,"cards_obtained":["Forethought"]},{"damage_healed":0,"gold_gain":0,"player_choice":"Ignored","damage_taken":0,"max_hp_gain":0,"max_hp_loss":0,"event_name":"Vampires","floor":22,"gold_loss":0},{"damage_healed":0,"gold_gain":0,"player_choice":"Inject Mutagens","damage_taken":0,"relics_obtained":["MutagenicStrength"],"max_hp_gain":0,"max_hp_loss":0,"event_name":"Drug Dealer","floor":25,"gold_loss":0},{"damage_healed":0,"gold_gain":0,"player_choice":"Fight","damage_taken":0,"max_hp_gain":0,"max_hp_loss":0,"event_name":"MindBloom","floor":38,"gold_loss":0},{"damage_healed":0,"gold_gain":0,"player_choice":"Paid Gold","damage_taken":0,"relics_obtained":["Meat on the Bone"],"max_hp_gain":0,"max_hp_loss":0,"event_name":"WeMeetAgain","floor":48,"gold_loss":121}],"is_beta":false,"boss_relics":[{"not_picked":["Coffee Dripper","Sozu"],"picked":"Astrolabe"},{"not_picked":["Eternal Feather","Pandora\u0027s Box"],"picked":"WristBlade"}],"items_purged_floors":[5,36,39],"is_endless":false,"potions_floor_spawned":[1,7,10,12,27,28,42,44,45],"killed_by":"The Heart","ascension_level":0}