{"gold_per_floor":[110,124,124,134,154,154,179,179,179,210,230,249,269,295,295,295],"floor_reached":16,"playtime":532,"items_purged":[],"score":273,"play_id":"fe067ee5-c60d-46af-b2d4-3dd27e91d396","local_time":"20190116233836","is_ascension_mode":true,"campfire_choices":[{"data":"Whirlwind","floor":6,"key":"SMITH"},{"data":"Flame Barrier","floor":15,"key":"SMITH"}],"neow_cost":"NONE","seed_source_timestamp":45106972894083,"circlet_count":0,"master_deck":["AscendersBane","Strike_R","Strike_R+1","Strike_R","Strike_R","Strike_R","Defend_R+1","Defend_R","Defend_R","Defend_R","Bash","Whirlwind+1","Havoc+1","Feed","Bludgeon","Battle Trance","Ghostly Armor","Flame Barrier+1"],"relics":["Burning Blood","NeowsBlessing","Pen Nib","Mummified Hand","hubris:TenFootPole","Pear"],"potions_floor_usage":[7,16],"damage_taken":[{"damage":0,"enemies":"2 Louse","floor":1,"turns":1},{"damage":0,"enemies":"Small Slimes","floor":2,"turns":1},{"damage":0,"enemies":"Cultist","floor":4,"turns":1},{"damage":6,"enemies":"2 Fungi Beasts","floor":5,"turns":3},{"damage":6,"enemies":"Gremlin Nob","floor":7,"turns":3},{"damage":27,"enemies":"Lagavulin","floor":10,"turns":6},{"damage":0,"enemies":"3 Louse","floor":11,"turns":1},{"damage":3,"enemies":"Exordium Thugs","floor":12,"turns":4},{"damage":1,"enemies":"Looter","floor":13,"turns":2},{"damage":49,"enemies":"Gremlin Nob","floor":14,"turns":4},{"damage":38,"enemies":"Hexaghost","floor":16,"turns":9}],"seed_played":"-1447680540426198590","potions_obtained":[{"floor":4,"key":"Ancient Potion"},{"floor":5,"key":"AttackPotion"},{"floor":11,"key":"LiquidBronze"}],"is_trial":false,"path_per_floor":["M","M","?","M","M","R","E","?","T","E","M","M","M","E","R","B"],"character_chosen":"IRONCLAD","items_purchased":[],"campfire_rested":0,"item_purchase_floors":[],"current_hp_per_floor":[74,75,52,58,61,61,64,64,64,46,52,58,63,33,33,0],"gold":295,"neow_bonus":"THREE_ENEMY_KILL","is_prod":false,"is_daily":false,"chose_seed":false,"campfire_upgraded":2,"win_rate":0,"timestamp":1547678316,"path_taken":["M","M","?","M","M","R","E","?","T","E","?","M","M","E","R","BOSS"],"build_version":"2019-01-10","purchased_purges":0,"victory":false,"max_hp_per_floor":[75,75,75,75,78,78,81,81,81,84,84,87,87,100,100,100],"card_choices":[{"not_picked":["Clothesline","Cleave"],"picked":"Whirlwind","floor":1},{"not_picked":["Warcry","Blood for Blood"],"picked":"Havoc","floor":2},{"not_picked":["Hemokinesis","Thunderclap"],"picked":"Feed","floor":4},{"not_picked":["Iron Wave","Thunderclap","Havoc"],"picked":"SKIP","floor":5},{"not_picked":["Whirlwind","Sever Soul"],"picked":"Bludgeon","floor":7},{"not_picked":["hubris:SharpeningStone","Metallicize"],"picked":"Battle Trance","floor":10},{"not_picked":["Flex","Clash"],"picked":"Ghostly Armor","floor":11},{"not_picked":["Body Slam","Havoc","Pommel Strike"],"picked":"SKIP","floor":12},{"not_picked":["Wild Strike","Thunderclap","Sentinel"],"picked":"SKIP","floor":13},{"not_picked":["hubris:SharpeningStone","Shrug It Off"],"picked":"Flame Barrier","floor":14}],"player_experience":1126917,"relics_obtained":[{"floor":7,"key":"Pen Nib"},{"floor":9,"key":"Mummified Hand"},{"floor":10,"key":"hubris:TenFootPole"},{"floor":14,"key":"Pear"}],"event_choices":[{"damage_healed":0,"gold_gain":0,"player_choice":"Entered Light","damage_taken":23,"max_hp_gain":0,"max_hp_loss":0,"event_name":"Shining Light","floor":3,"gold_loss":0,"cards_upgraded":["Defend_R","Strike_R"]},{"damage_healed":0,"gold_gain":0,"player_choice":"Upgraded","damage_taken":0,"max_hp_gain":0,"max_hp_loss":0,"event_name":"Upgrade Shrine","floor":8,"gold_loss":0,"cards_upgraded":["Havoc"]}],"is_beta":false,"boss_relics":[],"items_purged_floors":[],"is_endless":false,"potions_floor_spawned":[4,5,11,12,14],"killed_by":"Hexaghost","ascension_level":20}