{"gold_per_floor":[109,109,120,120,120,120,120,130,130,130,166,166,180,180,180,274,274,311,238,250,187,208,208,108,108,135,166,187,187],"floor_reached":29,"playtime":2597,"items_purged":["Shame","Injury"],"score":457,"play_id":"9056025e-4850-4dfb-95ba-0aa4261e0e0c","local_time":"20181003232345","is_ascension_mode":true,"campfire_choices":[{"data":"Zap","floor":6,"key":"SMITH"},{"data":"Dualcast","floor":12,"key":"SMITH"},{"floor":15,"key":"REST"},{"data":"Static Discharge","floor":23,"key":"SMITH"},{"floor":25,"key":"REST"}],"neow_cost":"NONE","seed_source_timestamp":4050170002430,"circlet_count":0,"master_deck":["Strike_B","Strike_B","Strike_B","Strike_B","Defend_B","Defend_B","Defend_B","Defend_B","Zap+1","Dualcast+1","AscendersBane","Conserve Battery","White Noise+1","Thunder Strike","Static Discharge+1","Injury","Sunder","Beam Cell","Biased Cognition","Parasite","Streamline+1","Sunder","Reprogram"],"relics":["Cracked Core","Juzu Bracelet","Unceasing Top","Vajra","Golden Idol","Pen Nib","Calling Bell","MawBank","Gremlin Horn","Turnip","Shuriken","Bronze Scales","Red Mask"],"potions_floor_usage":[22,27,29,29],"damage_taken":[{"damage":1,"enemies":"Cultist","floor":1,"turns":3},{"damage":1,"enemies":"Small Slimes","floor":3,"turns":3},{"damage":7,"enemies":"Jaw Worm","floor":8,"turns":3},{"damage":33,"enemies":"3 Sentries","floor":11,"turns":6},{"damage":8,"enemies":"Blue Slaver","floor":13,"turns":3},{"damage":0,"enemies":"Slime Boss","floor":16,"turns":6},{"damage":7,"enemies":"Chosen","floor":18,"turns":3},{"damage":29,"enemies":"2 Thieves","floor":22,"turns":4},{"damage":4,"enemies":"Masked Bandits","floor":27,"turns":3},{"damage":24,"enemies":"Centurion and Healer","floor":28,"turns":5},{"damage":24,"enemies":"Sentry and Sphere","floor":29,"turns":3}],"seed_played":"7913357825427916511","potions_obtained":[{"floor":13,"key":"Block Potion"},{"floor":16,"key":"EssenceOfSteel"},{"floor":22,"key":"SpeedPotion"},{"floor":28,"key":"Regen Potion"}],"is_trial":false,"path_per_floor":["M","T","M","?","?","R","?","M","T","?","E","R","M","?","R","B",null,"M","?","?","$","M","R","$","R","T","?","M"],"character_chosen":"DEFECT","items_purchased":[],"campfire_rested":2,"item_purchase_floors":[],"current_hp_per_floor":[63,63,62,62,62,62,62,55,55,55,22,22,14,2,23,23,59,52,52,52,52,23,23,23,44,44,40,16,0],"gold":187,"neow_bonus":"RANDOM_COMMON_RELIC","is_prod":false,"is_daily":false,"chose_seed":false,"campfire_upgraded":3,"win_rate":0,"timestamp":1538601825,"path_taken":["M","?","M","?","?","R","?","M","T","?","E","R","M","?","R","BOSS","M","?","?","$","M","R","$","R","T","?","M","M"],"build_version":"2018-10-02","purchased_purges":2,"victory":false,"max_hp_per_floor":[71,71,71,71,71,71,71,71,71,71,71,71,71,71,71,71,71,71,71,71,71,71,71,71,71,71,71,71,71],"card_choices":[{"not_picked":["Beam Cell","Barrage"],"picked":"Conserve Battery","floor":1},{"not_picked":["Recycle","Coolheaded"],"picked":"White Noise","floor":3},{"not_picked":["Rebound","Blizzard"],"picked":"Static Discharge","floor":8},{"not_picked":["Coolheaded","Redo"],"picked":"Sunder","floor":11},{"not_picked":["Hello World","Turbo"],"picked":"Beam Cell","floor":13},{"not_picked":["Amplify","Hyperbeam"],"picked":"Biased Cognition","floor":16},{"not_picked":["Steam Power","Scrape+1"],"picked":"Streamline+1","floor":18},{"not_picked":["Barrage","Streamline"],"picked":"Reprogram","floor":22},{"not_picked":["Reprogram","Hello World","Ball Lightning"],"picked":"SKIP","floor":28}],"player_experience":586330,"relics_obtained":[{"floor":2,"key":"Unceasing Top"},{"floor":9,"key":"Vajra"},{"floor":11,"key":"Pen Nib"},{"floor":17,"key":"MawBank"},{"floor":17,"key":"Gremlin Horn"},{"floor":17,"key":"Turnip"},{"floor":26,"key":"Bronze Scales"},{"floor":27,"key":"Red Mask"}],"event_choices":[{"event_name":"Liars Game","player_choice":"disagreed","floor":4,"damage_taken":0},{"event_name":"Living Wall","player_choice":"Grow","floor":5,"damage_taken":0},{"event_name":"Match and Keep!","player_choice":"1 cards matched","floor":7,"damage_taken":0},{"event_name":"Golden Idol","player_choice":"Take Wound","floor":10,"damage_taken":0},{"event_name":"Scrap Ooze","player_choice":"unsuccessful","floor":14,"damage_taken":12},{"event_name":"Addict","player_choice":"Obtained Relic","floor":19,"damage_taken":0},{"event_name":"Duplicator","player_choice":"One dupe","floor":20,"damage_taken":0},{"event_name":"Masked Bandits","player_choice":"Fought Bandits","floor":27,"damage_taken":0}],"is_beta":true,"boss_relics":[{"not_picked":["Busted Crown","Inserter"],"picked":"Calling Bell"}],"items_purged_floors":[21,24],"is_endless":false,"potions_floor_spawned":[13,16,22,28],"killed_by":"Sentry and Sphere","ascension_level":14}