{"gold_per_floor":[113,113,188,188,153,153,173,202,202,235,254,254,281,295,295,372,372,391,391,391,276,293,293,305,336,417,70,70,95,95,105,105,182,182,202,212,112,123,143,158,191,66,66,93,145,179,196,215,215,215,215,215,215,132,159,159],"floor_reached":57,"playtime":3322,"items_purged":["Strike_G","Strike_G","Strike_G"],"score":3200,"play_id":"b74dbd1b-388c-43a1-8779-5a7161b1b9cf","local_time":"20190514132712","is_ascension_mode":true,"campfire_choices":[{"data":"Poisoned Stab","floor":6.0,"key":"SMITH"},{"floor":15.0,"key":"REST"},{"data":"Adrenaline","floor":23.0,"key":"SMITH"},{"floor":28.0,"key":"REST"},{"floor":30.0,"key":"REST"},{"floor":32.0,"key":"REST"},{"floor":49,"key":"RECALL"},{"floor":53,"key":"REST"}],"neow_cost":"NONE","seed_source_timestamp":0,"circlet_count":0,"master_deck":["AscendersBane","Defend_G","Defend_G","Defend_G","Defend_G","Defend_G","Strike_G","Survivor","Neutralize","Poisoned Stab+1","Noxious Fumes","Deadly Poison","Noxious Fumes+1","Crippling Poison","Backflip","Adrenaline+1","Footwork+1","Backflip","PiercingWail","Calculated Gamble","Apotheosis","After Image+1","Dodge and Roll+1","Footwork+1","Acrobatics","Prepared","Backflip","Tactician","Adrenaline","PiercingWail+1","Noxious Fumes+1","Calculated Gamble"],"special_seed":0,"relics":["Ring of the Serpent","Snake Skull","Frozen Egg 2","Du-Vu Doll","Tough Bandages","Strawberry","Sozu","Oddly Smooth Stone","Matryoshka","PreservedInsect","Blue Candle","Boot","Pear","Tingsha","Calipers","Centennial Puzzle","Art of War"],"potions_floor_usage":[51,56],"damage_taken":[{"damage":0.0,"enemies":"2 Louse","floor":1.0,"turns":4.0},{"damage":0.0,"enemies":"Jaw Worm","floor":7.0,"turns":4.0},{"damage":29.0,"enemies":"3 Sentries","floor":8.0,"turns":8.0},{"damage":28.0,"enemies":"Gremlin Nob","floor":10.0,"turns":4.0},{"damage":0.0,"enemies":"Small Slimes","floor":11.0,"turns":3.0},{"damage":19.0,"enemies":"3 Sentries","floor":13.0,"turns":6.0},{"damage":2.0,"enemies":"2 Fungi Beasts","floor":14.0,"turns":3.0},{"damage":26.0,"enemies":"Slime Boss","floor":16.0,"turns":9.0},{"damage":19.0,"enemies":"Shell Parasite","floor":18.0,"turns":4.0},{"damage":2.0,"enemies":"2 Thieves","floor":22.0,"turns":4.0},{"damage":5.0,"enemies":"Snecko","floor":24.0,"turns":4.0},{"damage":25.0,"enemies":"Gremlin Leader","floor":25.0,"turns":6.0},{"damage":20.0,"enemies":"Book of Stabbing","floor":29.0,"turns":5.0},{"damage":0.0,"enemies":"Cultist and Chosen","floor":31.0,"turns":7.0},{"damage":25.0,"enemies":"Automaton","floor":33.0,"turns":8.0},{"damage":0,"enemies":"3 Darklings","floor":35,"turns":5},{"damage":0,"enemies":"Orb Walker","floor":36,"turns":5},{"damage":8,"enemies":"Sphere and 2 Shapes","floor":38,"turns":5},{"damage":16,"enemies":"Transient","floor":39,"turns":6},{"damage":0,"enemies":"3 Darklings","floor":40,"turns":5},{"damage":0,"enemies":"Nemesis","floor":41,"turns":7},{"damage":0,"enemies":"Giant Head","floor":44,"turns":9},{"damage":53,"enemies":"2 Orb Walkers","floor":45,"turns":7},{"damage":0,"enemies":"Reptomancer","floor":46,"turns":8},{"damage":0,"enemies":"Spire Growth","floor":47,"turns":5},{"damage":0,"enemies":"Maw","floor":48,"turns":7},{"damage":0,"enemies":"Donu and Deca","floor":50,"turns":10},{"damage":0,"enemies":"Awakened One","floor":51,"turns":18},{"damage":0,"enemies":"Shield and Spear","floor":55,"turns":6},{"damage":42,"enemies":"The Heart","floor":56,"turns":11}],"seed_played":"-2533275172713050397","potions_obtained":[{"floor":13.0,"key":"GamblersBrew"},{"floor":14.0,"key":"LiquidBronze"}],"is_trial":false,"path_per_floor":["M","?","?","?","?","R","M","E","T","E","M","?","E","M","R","B",null,"M","?","?","$","M","R","M","E","T","$","R","E","R","M","R","B",null,"M","M","$","M","M","M","E","$","T","E","?","E","M","M","R","B","B",null,"R","$","E","B",null],"character_chosen":"THE_SILENT","items_purchased":["Footwork+1","PreservedInsect","Apotheosis","Noxious Fumes+1"],"campfire_rested":5,"item_purchase_floors":[21,27,27,54],"current_hp_per_floor":[65,58,47,42,60,60,60,31,31,3,3,27,15,13,36,10,62,43,20,37,37,35,35,30,5,5,5,30,10,35,35,60,35,72,72,72,72,64,48,48,48,48,58,58,5,5,5,5,5,5,5,72,94,94,94,52],"gold":159,"neow_bonus":"TEN_PERCENT_HP_BONUS","is_prod":false,"is_daily":false,"chose_seed":false,"campfire_upgraded":2,"win_rate":0,"timestamp":1557833232,"path_taken":["M","?","?","?","?","R","?","E","T","E","M","?","E","M","R","BOSS","M","?","?","$","M","R","?","E","T","$","R","E","R","M","R","BOSS","M","M","$","M","M","M","E","$","T","E","?","E","M","M","R","BOSS","BOSS","R","$","E","BOSS"],"build_version":"2019-01-23","purchased_purges":3,"victory":true,"max_hp_per_floor":[72,72,72,72,72,72,72,72,72,72,72,72,79,79,79,79,79,79,84,84,84,84,84,84,84,84,84,84,84,84,84,84,84,84,84,84,84,84,84,84,84,84,94,94,94,94,94,94,94,94,94,94,94,94,94,94],"card_choices":[{"not_picked":["Cloak And Dagger","Bane"],"picked":"Poisoned Stab","floor":1.0},{"not_picked":["Caltrops","Sucker Punch"],"picked":"Noxious Fumes","floor":7.0},{"not_picked":["Cloak And Dagger","Riddle With Holes"],"picked":"Deadly Poison","floor":8.0},{"not_picked":["Blade Dance","Dagger Throw"],"picked":"Noxious Fumes+1","floor":10.0},{"not_picked":["Dagger Spray","Concentrate"],"picked":"Crippling Poison","floor":11.0},{"not_picked":["Burst","Deflect"],"picked":"Backflip","floor":13.0},{"not_picked":["Accuracy+1","Masterful Stab","Choke"],"picked":"SKIP","floor":14.0},{"not_picked":["Venomology","Grand Finale"],"picked":"Adrenaline","floor":16.0},{"not_picked":["Distraction","Tactician+1","Underhanded Strike"],"picked":"SKIP","floor":18.0},{"not_picked":["Slice+1","Blade Dance"],"picked":"Backflip","floor":22.0},{"not_picked":["Dagger Spray","Finisher"],"picked":"PiercingWail","floor":24.0},{"not_picked":["Poisoned Stab","Sucker Punch"],"picked":"Calculated Gamble","floor":25.0},{"not_picked":["Dagger Spray","Quick Slash","Acrobatics"],"picked":"SKIP","floor":29.0},{"not_picked":["Skewer","Dash","Choke"],"picked":"SKIP","floor":31.0},{"not_picked":["Doppelganger","Venomology"],"picked":"After Image+1","floor":33.0},{"not_picked":["Deadly Poison+1","Noxious Fumes+1"],"picked":"Dodge and Roll+1","floor":35},{"not_picked":["Deadly Poison","Tactician+1"],"picked":"Footwork+1","floor":36},{"not_picked":["Dagger Spray+1","Cloak And Dagger","Flying Knee"],"picked":"SKIP","floor":38},{"not_picked":["Endless Agony","Poisoned Stab+1","Unload"],"picked":"SKIP","floor":39},{"not_picked":["Slice","All Out Attack"],"picked":"Acrobatics","floor":40},{"not_picked":["Slice","Flying Knee","Sucker Punch"],"picked":"SKIP","floor":41},{"not_picked":["Sucker Punch+1","Distraction"],"picked":"Prepared","floor":44},{"not_picked":["Underhanded Strike","Predator"],"picked":"Backflip","floor":45},{"not_picked":["All Out Attack","Expertise+1"],"picked":"Tactician","floor":46},{"not_picked":["PiercingWail","Noxious Fumes+1"],"picked":"Adrenaline","floor":47},{"not_picked":["Bane+1","Poisoned Stab"],"picked":"PiercingWail+1","floor":48},{"not_picked":["Expertise","Outmaneuver"],"picked":"Calculated Gamble","floor":55}],"player_experience":1683726,"relics_obtained":[{"floor":8.0,"key":"Frozen Egg 2"},{"floor":9.0,"key":"Du-Vu Doll"},{"floor":10.0,"key":"Tough Bandages"},{"floor":13.0,"key":"Strawberry"},{"floor":25.0,"key":"Oddly Smooth Stone"},{"floor":26.0,"key":"Matryoshka"},{"floor":29.0,"key":"Blue Candle"},{"floor":41,"key":"Boot"},{"floor":43,"key":"Pear"},{"floor":44,"key":"Tingsha"},{"floor":45,"key":"Calipers"},{"floor":46,"key":"Centennial Puzzle"},{"floor":55,"key":"Art of War"}],"event_choices":[{"cards_removed":["Strike_G"],"damage_healed":0.0,"max_hp_gain":0.0,"max_hp_loss":0.0,"gold_gain":0.0,"event_name":"Golden Wing","player_choice":"Card Removal","floor":2.0,"gold_loss":0.0,"damage_taken":7.0},{"damage_healed":0.0,"max_hp_gain":0.0,"max_hp_loss":0.0,"gold_gain":75.0,"event_name":"World of Goop","player_choice":"Gather Gold","floor":3.0,"gold_loss":0.0,"damage_taken":11.0},{"damage_healed":0.0,"max_hp_gain":0.0,"max_hp_loss":0.0,"gold_gain":0.0,"event_name":"Scrap Ooze","player_choice":"Success","floor":4.0,"gold_loss":0.0,"damage_taken":5.0,"relics_obtained":["Snake Skull"]},{"damage_healed":18.0,"max_hp_gain":0.0,"max_hp_loss":0.0,"gold_gain":0.0,"event_name":"The Cleric","player_choice":"Healed","floor":5.0,"gold_loss":35.0,"damage_taken":0.0},{"damage_healed":24.0,"max_hp_gain":0.0,"max_hp_loss":0.0,"gold_gain":0.0,"event_name":"Big Fish","player_choice":"Banana","floor":12.0,"gold_loss":0.0,"damage_taken":0.0},{"damage_healed":0.0,"max_hp_gain":5.0,"max_hp_loss":0.0,"gold_gain":0.0,"event_name":"Forgotten Altar","player_choice":"Shed Blood","floor":19.0,"gold_loss":0.0,"damage_taken":28.0},{"damage_healed":17.0,"max_hp_gain":0.0,"max_hp_loss":0.0,"gold_gain":0.0,"event_name":"The Library","player_choice":"Heal","floor":20.0,"gold_loss":0.0,"damage_taken":0.0},{"damage_healed":0,"gold_gain":0,"player_choice":"Fight","damage_taken":0,"max_hp_gain":0,"max_hp_loss":0,"event_name":"Mysterious Sphere","floor":45,"gold_loss":0}],"is_beta":false,"boss_relics":[{"not_picked":["Runic Dome","Fusion Hammer"],"picked":"Sozu"},{"not_picked":["Tiny House","Pandora\u0027s Box"],"picked":"Ring of the Serpent"}],"items_purged_floors":[21,37,42],"is_endless":false,"potions_floor_spawned":[13,14,18,22,29,33,36,38,39,40,55],"ascension_level":20}