{"gold_per_floor":[116,116,130,149,109,138,138,173,173,57,57,88,88,98,98,173,173,186,111,11,11,25,50,69,88,112,140,90,117,117,143,143,220,220,239,239,254,161,171,205,225,257,257,289,39,39,58,87,87,87],"floor_reached":51,"playtime":2182,"items_purged":["Strike_B","Strike_B","Defend_B","Strike_B","Defend_B"],"score":1826,"play_id":"aea4bf01-9b18-47a7-9374-eea5afc95b4c","local_time":"20181205011653","is_ascension_mode":true,"campfire_choices":[{"data":"Lockon","floor":7.0,"key":"SMITH"},{"data":"Consume","floor":11.0,"key":"SMITH"},{"floor":13.0,"key":"REST"},{"data":"Biased Cognition","floor":15.0,"key":"SMITH"},{"floor":32.0,"key":"REST"},{"data":"Coolheaded","floor":49.0,"key":"SMITH"}],"neow_cost":"PERCENT_DAMAGE","seed_source_timestamp":0,"circlet_count":0,"master_deck":["AscendersBane","Defend_B","Zap","Dualcast","Electrodynamics","Go for the Eyes","Lockon+1","Compile Driver","Barrage","Ball Lightning","Consume+1","Capacitor","Tempest","Biased Cognition+1","Rainbow","Sweeping Beam","Glacier","Amplify","Cold Snap","Capacitor","Coolheaded+1","Creative AI","Echo Form","Compile Driver","Double Energy","Double Energy","Self Repair","Apotheosis"],"special_seed":0,"relics":["Cracked Core","Happy Flower","Matryoshka","PreservedInsect","Strawberry","Orichalcum","Snecko Eye","Anchor","Art of War","Smiling Mask","Mercury Hourglass","Ginger","Dream Catcher","Busted Crown","Oddly Smooth Stone","Ancient Tea Set","Singing Bowl","Bird Faced Urn"],"potions_floor_usage":[],"damage_taken":[{"damage":0.0,"enemies":"Small Slimes","floor":1.0,"turns":2.0},{"damage":1.0,"enemies":"Cultist","floor":3.0,"turns":4.0},{"damage":2.0,"enemies":"Jaw Worm","floor":4.0,"turns":3.0},{"damage":8.0,"enemies":"Gremlin Nob","floor":6.0,"turns":3.0},{"damage":15.0,"enemies":"3 Sentries","floor":8.0,"turns":3.0},{"damage":25.0,"enemies":"Lagavulin","floor":12.0,"turns":4.0},{"damage":13.0,"enemies":"Lots of Slimes","floor":14.0,"turns":3.0},{"damage":0.0,"enemies":"Slime Boss","floor":16.0,"turns":4.0},{"damage":5.0,"enemies":"Spheric Guardian","floor":18.0,"turns":3.0},{"damage":13.0,"enemies":"3 Byrds","floor":22.0,"turns":2.0},{"damage":0.0,"enemies":"Slavers","floor":23.0,"turns":2.0},{"damage":5.0,"enemies":"Snake Plant","floor":24.0,"turns":3.0},{"damage":0.0,"enemies":"Centurion and Healer","floor":25.0,"turns":3.0},{"damage":0.0,"enemies":"Gremlin Leader","floor":27.0,"turns":3.0},{"damage":15.0,"enemies":"Book of Stabbing","floor":29.0,"turns":3.0},{"damage":13.0,"enemies":"Slavers","floor":31.0,"turns":3.0},{"damage":9.0,"enemies":"Collector","floor":33.0,"turns":7.0},{"damage":1.0,"enemies":"3 Shapes","floor":35.0,"turns":3.0},{"damage":12.0,"enemies":"3 Darklings","floor":37.0,"turns":3.0},{"damage":0.0,"enemies":"Jaw Worm Horde","floor":39.0,"turns":3.0},{"damage":12.0,"enemies":"Nemesis","floor":40.0,"turns":5.0},{"damage":6.0,"enemies":"Sphere and 2 Shapes","floor":41.0,"turns":4.0},{"damage":8.0,"enemies":"Reptomancer","floor":42.0,"turns":3.0},{"damage":3.0,"enemies":"Giant Head","floor":44.0,"turns":5.0},{"damage":0.0,"enemies":"Transient","floor":47.0,"turns":6.0},{"damage":25.0,"enemies":"Nemesis","floor":48.0,"turns":7.0},{"damage":25,"enemies":"Time Eater","floor":50,"turns":12}],"seed_played":"6098075511074456626","potions_obtained":[{"floor":4.0,"key":"GamblersBrew"},{"floor":5.0,"key":"FairyPotion"},{"floor":5.0,"key":"Fire Potion"},{"floor":6.0,"key":"Poison Potion"},{"floor":16.0,"key":"AttackPotion"}],"is_trial":false,"path_per_floor":["M","?","M","M","?","E","R","E","T","$","R","E","R","M","R","B",null,"M","$","$","?","M","E","M","M","T","E","$","E","?","E","R","B",null,"M","?","M","$","M","E","M","E","T","E","$","?","M","E","R","B",null],"character_chosen":"DEFECT","items_purchased":["Consume","Capacitor","Double Energy","Apotheosis"],"campfire_rested":2,"item_purchase_floors":[10,10,38,45],"current_hp_per_floor":[46,46,45,43,43,35,35,20,27,27,27,2,25,12,12,12,62,57,57,57,57,44,44,39,39,39,39,39,24,24,11,34,25,65,64,64,52,52,52,40,34,26,26,25,25,66,68,52,52,70],"gold":87,"neow_bonus":"THREE_RARE_CARDS","is_prod":false,"is_daily":false,"chose_seed":false,"campfire_upgraded":4,"win_rate":0,"timestamp":1543969013,"path_taken":["M","?","M","?","?","E","R","E","T","$","R","E","R","M","R","BOSS","M","?","$","?","M","E","M","?","T","E","$","E","?","E","R","BOSS","M","?","M","$","M","E","M","E","T","E","$","?","M","E","R","BOSS"],"build_version":"2018-12-4","purchased_purges":5,"victory":true,"max_hp_per_floor":[71,71,71,71,71,71,71,71,78,78,78,78,78,78,78,78,78,78,78,78,78,78,78,78,78,78,78,78,78,78,78,78,78,78,78,78,78,78,78,78,78,78,78,80,80,66,68,70,70,70],"card_choices":[{"not_picked":["Fission","Machine Learning"],"picked":"Electrodynamics","floor":0.0},{"not_picked":["Leap","Sweeping Beam"],"picked":"Go for the Eyes","floor":1.0},{"not_picked":["Barrage","Gash"],"picked":"Lockon","floor":3.0},{"not_picked":["Streamline","Gash"],"picked":"Compile Driver","floor":4.0},{"not_picked":["Leap","Storm"],"picked":"Barrage","floor":6.0},{"not_picked":["Steam Power","Streamline"],"picked":"Ball Lightning","floor":8.0},{"not_picked":["Rebound","Rip and Tear"],"picked":"Tempest","floor":12.0},{"not_picked":["Cold Snap","Scrape"],"picked":"Biased Cognition","floor":14.0},{"not_picked":["Amplify","Thunder Strike"],"picked":"Rainbow","floor":16.0},{"not_picked":["Leap","Turbo"],"picked":"Sweeping Beam","floor":18.0},{"not_picked":["Conserve Battery","Gash"],"picked":"Glacier","floor":22.0},{"not_picked":["Leap","Sweeping Beam+1"],"picked":"Amplify","floor":23.0},{"not_picked":["Hologram","Beam Cell"],"picked":"Cold Snap","floor":24.0},{"not_picked":["Storm","Beam Cell"],"picked":"Capacitor","floor":25.0},{"not_picked":["Steam","Streamline","Redo"],"picked":"SKIP","floor":27.0},{"not_picked":["Beam Cell","Rebound"],"picked":"Coolheaded","floor":29.0},{"not_picked":["Glacier","Self Repair"],"picked":"Creative AI","floor":31.0},{"not_picked":["Reboot","All For One"],"picked":"Echo Form","floor":33.0},{"not_picked":["Rebound"],"picked":"SKIP","floor":35.0},{"not_picked":[],"picked":"Compile Driver","floor":37.0},{"not_picked":["Ball Lightning"],"picked":"SKIP","floor":39.0},{"not_picked":["Stack"],"picked":"SKIP","floor":40.0},{"not_picked":[],"picked":"Double Energy","floor":41.0},{"not_picked":[],"picked":"Self Repair","floor":42.0},{"not_picked":["Leap"],"picked":"Singing Bowl","floor":44.0},{"not_picked":["Fusion"],"picked":"Singing Bowl","floor":47.0},{"not_picked":["Barrage"],"picked":"Singing Bowl","floor":48.0}],"player_experience":949701,"relics_obtained":[{"floor":6.0,"key":"Happy Flower"},{"floor":8.0,"key":"Matryoshka"},{"floor":9.0,"key":"PreservedInsect"},{"floor":9.0,"key":"Strawberry"},{"floor":12.0,"key":"Orichalcum"},{"floor":23.0,"key":"Anchor"},{"floor":26.0,"key":"Art of War"},{"floor":26.0,"key":"Smiling Mask"},{"floor":27.0,"key":"Mercury Hourglass"},{"floor":29.0,"key":"Ginger"},{"floor":31.0,"key":"Dream Catcher"},{"floor":40.0,"key":"Oddly Smooth Stone"},{"floor":42.0,"key":"Ancient Tea Set"},{"floor":44.0,"key":"Singing Bowl"},{"floor":48.0,"key":"Bird Faced Urn"}],"event_choices":[{"cards_removed":["Strike_B"],"damage_healed":0.0,"max_hp_gain":0.0,"max_hp_loss":0.0,"gold_gain":0.0,"event_name":"Bonfire Elementals","player_choice":"Offered Basic","floor":2.0,"gold_loss":0.0,"damage_taken":0.0},{"damage_healed":0.0,"max_hp_gain":0.0,"max_hp_loss":0.0,"gold_gain":0.0,"event_name":"The Woman in Blue","player_choice":"Bought 3 Potions","floor":5.0,"gold_loss":0.0,"damage_taken":0.0},{"damage_healed":0.0,"max_hp_gain":0.0,"max_hp_loss":0.0,"gold_gain":0.0,"cards_transformed":["Defend_B"],"event_name":"Transmorgrifier","player_choice":"Transformed","floor":21.0,"gold_loss":0.0,"damage_taken":0.0,"cards_obtained":["Conserve Battery"]},{"damage_healed":0.0,"max_hp_gain":0.0,"max_hp_loss":0.0,"gold_gain":0.0,"event_name":"Vampires","player_choice":"Ignored","floor":30.0,"gold_loss":0.0,"damage_taken":0.0},{"cards_removed":["Conserve Battery"],"damage_healed":0.0,"max_hp_gain":0.0,"max_hp_loss":0.0,"gold_gain":0.0,"event_name":"Falling","player_choice":"Removed Skill","floor":36.0,"gold_loss":0.0,"damage_taken":0.0},{"damage_healed":66.0,"max_hp_gain":0.0,"max_hp_loss":14.0,"gold_gain":0.0,"event_name":"The Moai Head","player_choice":"Heal","floor":46.0,"gold_loss":0.0,"damage_taken":0.0}],"is_beta":true,"boss_relics":[{"not_picked":["Runic Dome","Calling Bell"],"picked":"Snecko Eye"},{"not_picked":["Tiny House","Orrery"],"picked":"Busted Crown"}],"items_purged_floors":[19,20,28,38,45],"is_endless":false,"potions_floor_spawned":[4,6,12,16,24,29,31,37,40,48],"ascension_level":19}