{"gold_per_floor":[212,212,230,230,67,94,114,114],"floor_reached":8,"playtime":950,"items_purged":["Strike_R"],"score":112,"play_id":"cda975ee-b253-44c2-b457-ce2a589b0c32","local_time":"20190408141139","is_ascension_mode":true,"campfire_choices":[],"neow_cost":"NONE","seed_source_timestamp":17844636883176,"circlet_count":0,"master_deck":["AscendersBane","Strike_R","Strike_R","Strike_R","Strike_R","Defend_R","Defend_R","Defend_R","Defend_R+1","Bash+1","Rampage+1","Sword Boomerang","Immolate","Disarm","Seeing Red"],"special_seed":0,"relics":["Burning Blood","Pantograph"],"potions_floor_usage":[8],"damage_taken":[{"damage":8.0,"enemies":"2 Louse","floor":1.0,"turns":4.0},{"damage":10,"enemies":"Small Slimes","floor":3,"turns":3},{"damage":32,"enemies":"Gremlin Nob","floor":6,"turns":4},{"damage":1,"enemies":"Cultist","floor":7,"turns":3},{"damage":22,"enemies":"3 Sentries","floor":8,"turns":4}],"seed_played":"5156949018242268637","potions_obtained":[{"floor":1,"key":"SpeedPotion"},{"floor":6,"key":"Fire Potion"}],"is_trial":false,"path_per_floor":["M","?","M","?","$","E","M","E"],"character_chosen":"IRONCLAD","items_purchased":["Immolate"],"campfire_rested":0,"item_purchase_floors":[5],"current_hp_per_floor":[66,66,62,39,39,13,18,0],"gold":114,"neow_bonus":"HUNDRED_GOLD","is_prod":false,"is_daily":false,"chose_seed":false,"campfire_upgraded":0,"win_rate":0,"timestamp":1554725499,"path_taken":["M","?","M","?","$","E","M","E"],"build_version":"2019-01-23","purchased_purges":1,"victory":false,"max_hp_per_floor":[75,75,75,75,75,75,75,75],"card_choices":[{"not_picked":["Evolve","Anger"],"picked":"Rampage","floor":1},{"not_picked":["Anger","Bloodletting"],"picked":"Sword Boomerang","floor":3},{"not_picked":["Fire Breathing","Headbutt"],"picked":"Disarm","floor":6},{"not_picked":["True Grit","Entrench"],"picked":"Seeing Red","floor":7}],"player_experience":1561394,"relics_obtained":[{"floor":6,"key":"Pantograph"}],"event_choices":[{"damage_healed":0,"gold_gain":0,"player_choice":"Grow","damage_taken":0,"max_hp_gain":0,"max_hp_loss":0,"event_name":"Living Wall","floor":2,"gold_loss":0,"cards_upgraded":["Bash"]},{"damage_healed":0,"gold_gain":0,"player_choice":"Entered Light","damage_taken":23,"max_hp_gain":0,"max_hp_loss":0,"event_name":"Shining Light","floor":4,"gold_loss":0,"cards_upgraded":["Defend_R","Rampage"]}],"is_beta":false,"boss_relics":[],"items_purged_floors":[5],"is_endless":false,"potions_floor_spawned":[1,6],"killed_by":"3 Sentries","ascension_level":20}