{"gold_per_floor":[130,161,186,250,262,274,296,336,348,390,418,430,442],"floor_reached":13,"playtime":512,"items_purged":[],"score":190,"play_id":"42aa217a-4064-4217-8508-e4f72a1d81b9","local_time":"20190330000957","is_ascension_mode":true,"campfire_choices":[{"data":"Defragment","floor":6,"key":"SMITH"},{"floor":12,"key":"REST"}],"neow_cost":"NONE","seed_source_timestamp":57967536065068,"circlet_count":0,"master_deck":["AscendersBane","Strike_B","Strike_B","Strike_B","Strike_B","Defend_B","Defend_B","Defend_B","Defend_B","Zap","Dualcast","Cold Snap","Coolheaded","Defragment+1","Genetic Algorithm","Fission","Blizzard","Darkness"],"relics":["Cracked Core","MawBank","Dream Catcher","Happy Flower","Kunai","Smiling Mask"],"potions_floor_usage":[],"damage_taken":[{"damage":6,"enemies":"Cultist","floor":1,"turns":3},{"damage":5,"enemies":"2 Louse","floor":2,"turns":3},{"damage":2,"enemies":"Jaw Worm","floor":3,"turns":4},{"damage":3,"enemies":"Blue Slaver","floor":7,"turns":4},{"damage":29,"enemies":"3 Sentries","floor":8,"turns":10},{"damage":9,"enemies":"Lagavulin","floor":10,"turns":10},{"damage":6,"enemies":"2 Fungi Beasts","floor":11,"turns":5},{"damage":25,"enemies":"3 Sentries","floor":13,"turns":10}],"seed_played":"5920136768070011136","potions_obtained":[{"floor":3,"key":"SpeedPotion"},{"floor":7,"key":"SpeedPotion"}],"is_trial":false,"path_per_floor":["M","M","M","T","$","R","M","E","T","E","M","R","E"],"character_chosen":"DEFECT","items_purchased":[],"campfire_rested":1,"item_purchase_floors":[],"current_hp_per_floor":[58,53,51,51,51,51,48,19,19,10,4,25,0],"gold":442,"neow_bonus":"RANDOM_COMMON_RELIC","is_prod":false,"is_daily":false,"chose_seed":false,"campfire_upgraded":1,"win_rate":0,"timestamp":1553900997,"path_taken":["M","M","M","?","?","R","M","E","T","E","M","R","E"],"build_version":"2019-01-23","purchased_purges":0,"victory":false,"max_hp_per_floor":[71,71,71,71,71,71,71,71,71,71,71,71,71],"card_choices":[{"not_picked":["Heatsinks","Chill"],"picked":"Cold Snap","floor":1},{"not_picked":["Barrage","Steam"],"picked":"Coolheaded","floor":2},{"not_picked":["Leap","Steam"],"picked":"Defragment","floor":3},{"not_picked":["Consume","Hologram"],"picked":"Genetic Algorithm","floor":7},{"not_picked":["Tempest","Turbo"],"picked":"Fission","floor":8},{"not_picked":["Aggregate","Compile Driver"],"picked":"Blizzard","floor":10},{"not_picked":["Leap","Beam Cell","Melter"],"picked":"SKIP","floor":11},{"not_picked":["Chaos","Reinforced Body"],"picked":"Darkness","floor":12}],"player_experience":1508053,"relics_obtained":[{"floor":4,"key":"Dream Catcher"},{"floor":8,"key":"Happy Flower"},{"floor":9,"key":"Kunai"},{"floor":10,"key":"Smiling Mask"}],"event_choices":[],"is_beta":false,"boss_relics":[],"items_purged_floors":[],"is_endless":false,"potions_floor_spawned":[3,7,11],"killed_by":"3 Sentries","ascension_level":20}