{"gold_per_floor":[367,384,119,130,140,140,165,184,184,209,222,222,222,238,238,309,309,324,343,363,363,168,168,168,168,168,182,182],"floor_reached":28,"playtime":1734,"items_purged":[],"score":394,"play_id":"112e2d79-fdb6-4c42-831e-8226a7fdb232","local_time":"20181003201813","is_ascension_mode":true,"campfire_choices":[{"data":"Armaments","floor":6,"key":"SMITH"},{"data":"Armaments","floor":13,"key":"SMITH"},{"data":"Fusion","floor":15,"key":"SMITH"},{"data":"Metamorphosis","floor":23,"key":"SMITH"},{"data":"RitualDagger","floor":25,"key":"SMITH"}],"neow_cost":"TEN_PERCENT_HP_LOSS","seed_source_timestamp":42457479037402,"circlet_count":0,"master_deck":["Strike_R","Strike_R","Strike_R","Strike_R","Strike_R","Defend_R","Defend_R","Defend_R","Defend_R","Bash","AscendersBane","Clothesline","Battle Trance","Inflame","FTL","Armaments+1","Ghostly Armor","Terror","Armaments+1","Shrug It Off","Fusion+1","Secret Weapon","Footwork","Core Surge","Inflame","Core Surge","Metamorphosis+1","RitualDagger+1","Body Slam+1"],"relics":["Burning Blood","PrismaticShard","Question Card","Gambling Chip","Incense Burner","Mark of Pain","Molten Egg 2"],"potions_floor_usage":[7,11,14,28,28],"damage_taken":[{"damage":1,"enemies":"Cultist","floor":1,"turns":4},{"damage":2,"enemies":"2 Louse","floor":2,"turns":3},{"damage":2,"enemies":"Small Slimes","floor":4,"turns":4},{"damage":6,"enemies":"Looter","floor":5,"turns":4},{"damage":24,"enemies":"Gremlin Nob","floor":7,"turns":4},{"damage":3,"enemies":"3 Louse","floor":8,"turns":4},{"damage":12,"enemies":"Lagavulin","floor":10,"turns":5},{"damage":16,"enemies":"Lots of Slimes","floor":11,"turns":5},{"damage":15,"enemies":"Gremlin Gang","floor":14,"turns":6},{"damage":19,"enemies":"The Guardian","floor":16,"turns":10},{"damage":18,"enemies":"2 Thieves","floor":18,"turns":5},{"damage":5,"enemies":"Chosen","floor":19,"turns":5},{"damage":11,"enemies":"Snake Plant","floor":20,"turns":6},{"damage":5,"enemies":"Snecko","floor":27,"turns":4},{"damage":52,"enemies":"Gremlin Leader","floor":28,"turns":5}],"seed_played":"6894135663163100543","potions_obtained":[{"floor":1,"key":"FearPotion"},{"floor":4,"key":"AttackPotion"},{"floor":7,"key":"Strength Potion"},{"floor":16,"key":"EssenceOfSteel"},{"floor":18,"key":"BloodPotion"}],"is_trial":false,"path_per_floor":["M","M","$","M","M","R","E","M","T","E","M","?","R","M","R","B",null,"M","M","M","?","$","R","?","R","T","M"],"character_chosen":"IRONCLAD","items_purchased":["PrismaticShard","Inflame","Metamorphosis"],"campfire_rested":0,"item_purchase_floors":[3,3,22],"current_hp_per_floor":[68,68,68,68,68,68,50,53,53,47,37,42,42,33,33,20,60,48,49,44,44,44,44,38,38,38,39,0],"gold":182,"neow_bonus":"TWO_FIFTY_GOLD","is_prod":false,"is_daily":false,"chose_seed":false,"campfire_upgraded":5,"win_rate":0,"timestamp":1538590693,"path_taken":["M","M","$","?","M","R","E","?","T","E","M","?","R","M","R","BOSS","M","M","M","?","$","R","?","R","T","M","E"],"build_version":"2018-10-02","purchased_purges":0,"victory":false,"max_hp_per_floor":[68,68,68,68,68,68,68,68,68,68,68,73,73,73,73,73,73,73,73,73,73,73,73,73,73,73,73,73],"card_choices":[{"not_picked":["Sentinel","Seeing Red"],"picked":"Clothesline","floor":1},{"not_picked":["Pummel","Clothesline"],"picked":"Battle Trance","floor":2},{"not_picked":["Bouncing Flask","Headbutt"],"picked":"FTL","floor":4},{"not_picked":["Turbo","Bane"],"picked":"Armaments","floor":5},{"not_picked":["Blood for Blood","Dagger Throw"],"picked":"Ghostly Armor","floor":7},{"not_picked":["Battle Trance","Tempest","Deflect"],"picked":"Terror","floor":8},{"not_picked":["Endless Agony","Turbo","Dagger Throw"],"picked":"Armaments","floor":10},{"not_picked":["Shockwave","Metallicize","Infernal Blade"],"picked":"Shrug It Off","floor":11},{"not_picked":["Hologram","Thunderclap","Caltrops"],"picked":"Fusion","floor":14},{"not_picked":["The Bomb","Venomology","Berserk"],"picked":"Secret Weapon","floor":16},{"not_picked":["Twin Strike","Barrage","Go for the Eyes"],"picked":"Footwork","floor":18},{"not_picked":["Rebound","Wild Strike","Disarm"],"picked":"Core Surge","floor":19},{"not_picked":["Self Repair","Leap","Searing Blow+1"],"picked":"Inflame","floor":20},{"not_picked":["Turbo","Twin Strike+1","Iron Wave+1"],"picked":"Body Slam+1","floor":27}],"player_experience":584596,"relics_obtained":[{"floor":7,"key":"Question Card"},{"floor":9,"key":"Gambling Chip"},{"floor":10,"key":"Incense Burner"},{"floor":26,"key":"Molten Egg 2"}],"event_choices":[{"event_name":"Big Fish","player_choice":"Donut","floor":12,"damage_taken":0},{"event_name":"Duplicator","player_choice":"One dupe","floor":21,"damage_taken":0},{"event_name":"Nest","player_choice":"Joined the Cult","floor":24,"damage_taken":0}],"is_beta":true,"boss_relics":[{"not_picked":["Runic Pyramid","Lizard Tail"],"picked":"Mark of Pain"}],"items_purged_floors":[],"is_endless":false,"potions_floor_spawned":[1,4,7,16,18,19],"killed_by":"Gremlin Leader","ascension_level":14}