{"gold_per_floor":[117,135,155,168,188,188,223,223,276,276,276,236,93,110,110,181,181,197,122,122,137,148,148,148],"floor_reached":24,"playtime":1971,"items_purged":["Strike_G"],"score":347,"play_id":"2bda9b43-79f1-4332-9993-7bf38226ec74","local_time":"20181201225113","is_ascension_mode":true,"campfire_choices":[{"data":"Crippling Poison","floor":6,"key":"SMITH"},{"data":"Envenom","floor":8,"key":"SMITH"},{"data":"Neutralize","floor":10,"key":"SMITH"},{"data":"Footwork","floor":15,"key":"SMITH"},{"data":"Dash","floor":23,"key":"SMITH"}],"neow_cost":"NONE","seed_source_timestamp":8088865364083,"circlet_count":0,"master_deck":["AscendersBane","Defend_G","Defend_G","Defend_G","Defend_G","Defend_G","Strike_G","Strike_G","Strike_G","Survivor","Neutralize+1","Envenom+1","Backflip","Quick Slash","Cloak And Dagger","Crippling Poison+1","PiercingWail","Dash+1","Footwork+1","Malaise","Deadly Poison","Dagger Throw+1","Deadly Poison"],"relics":["Ring of the Snake","Ornamental Fan","Bronze Scales","Velvet Choker","Molten Egg 2"],"potions_floor_usage":[7,7,17,24],"damage_taken":[{"damage":4,"enemies":"Small Slimes","floor":1,"turns":4},{"damage":6,"enemies":"Jaw Worm","floor":2,"turns":10},{"damage":0,"enemies":"2 Louse","floor":3,"turns":3},{"damage":0,"enemies":"Blue Slaver","floor":4,"turns":6},{"damage":8,"enemies":"Lots of Slimes","floor":5,"turns":4},{"damage":14,"enemies":"3 Sentries","floor":7,"turns":8},{"damage":0,"enemies":"Looter","floor":14,"turns":3},{"damage":19,"enemies":"The Guardian","floor":16,"turns":15},{"damage":27,"enemies":"Chosen","floor":18,"turns":6},{"damage":2,"enemies":"Shell Parasite","floor":21,"turns":5},{"damage":5,"enemies":"Snecko","floor":22,"turns":6},{"damage":28,"enemies":"Gremlin Leader","floor":24,"turns":6}],"seed_played":"664425405916692914","potions_obtained":[{"floor":1,"key":"FearPotion"},{"floor":3,"key":"Poison Potion"},{"floor":7,"key":"Ancient Potion"},{"floor":16,"key":"Fruit Juice"},{"floor":21,"key":"Fire Potion"}],"is_trial":false,"path_per_floor":["M","M","M","M","M","R","E","R","T","R","?","?","$","M","R","B",null,"M","?","?","M","M","R","E"],"character_chosen":"THE_SILENT","items_purchased":["Footwork"],"campfire_rested":0,"item_purchase_floors":[13],"current_hp_per_floor":[55,49,49,49,41,41,27,27,27,27,27,27,27,27,27,8,57,30,30,30,28,23,23,0],"gold":148,"neow_bonus":"ONE_RANDOM_RARE_CARD","is_prod":false,"is_daily":false,"chose_seed":false,"campfire_upgraded":5,"win_rate":0,"timestamp":1543701073,"path_taken":["M","M","M","M","M","R","E","R","T","R","?","?","$","M","R","BOSS","M","?","?","M","M","R","E"],"build_version":"2018-11-15","purchased_purges":1,"victory":false,"max_hp_per_floor":[66,66,66,66,66,66,66,66,66,66,66,66,66,66,66,66,71,71,71,71,71,71,71,71],"card_choices":[{"not_picked":["Setup","Concentrate"],"picked":"Backflip","floor":1},{"not_picked":["Heel Hook","Accuracy"],"picked":"Quick Slash","floor":2},{"not_picked":["Slice","Finisher"],"picked":"Cloak And Dagger","floor":3},{"not_picked":["Quick Slash","Bane"],"picked":"Crippling Poison","floor":4},{"not_picked":["Bane","Cloak And Dagger"],"picked":"PiercingWail","floor":5},{"not_picked":["PiercingWail","Cloak And Dagger"],"picked":"Dash","floor":7},{"not_picked":["Quick Slash","Sucker Punch","Cloak And Dagger"],"picked":"SKIP","floor":14},{"not_picked":["Die Die Die","Adrenaline"],"picked":"Malaise","floor":16},{"not_picked":["Dash+1","Backflip"],"picked":"Deadly Poison","floor":18},{"not_picked":["Finisher+1","Calculated Gamble"],"picked":"Dagger Throw+1","floor":21},{"not_picked":["Dodge and Roll","Choke+1"],"picked":"Deadly Poison","floor":22}],"player_experience":929195,"relics_obtained":[{"floor":7,"key":"Ornamental Fan"},{"floor":9,"key":"Bronze Scales"}],"event_choices":[{"damage_healed":0,"gold_gain":0,"player_choice":"Ignored","damage_taken":0,"max_hp_gain":0,"max_hp_loss":0,"event_name":"Shining Light","floor":11,"gold_loss":0},{"damage_healed":0,"gold_gain":0,"player_choice":"Left Gold","damage_taken":0,"max_hp_gain":0,"max_hp_loss":0,"event_name":"World of Goop","floor":12,"gold_loss":40},{"cards_removed":["Strike_G"],"damage_healed":0,"gold_gain":0,"player_choice":"Gave Gold","damage_taken":0,"max_hp_gain":0,"max_hp_loss":0,"event_name":"Beggar","floor":19,"gold_loss":75},{"damage_healed":0,"gold_gain":0,"player_choice":"Gave Potion","damage_taken":0,"relics_obtained":["Molten Egg 2"],"max_hp_gain":0,"max_hp_loss":0,"event_name":"WeMeetAgain","floor":20,"gold_loss":0}],"is_beta":true,"boss_relics":[{"not_picked":["Ring of the Serpent","Empty Cage"],"picked":"Velvet Choker"}],"items_purged_floors":[13],"is_endless":false,"potions_floor_spawned":[1,3,4,7,16,21],"killed_by":"Gremlin Leader","ascension_level":15}