{"gold_per_floor":[359,48,64,64,117,142,142,173,173,186,206,240,240,258,258,335,335,346,218,247,162,181,181],"floor_reached":23,"playtime":877,"items_purged":["Strike_B"],"score":418,"play_id":"ea96993a-cc02-471f-8d33-89e3e546114d","local_time":"20190710204221","is_ascension_mode":true,"campfire_choices":[{"data":"Zap","floor":7.0,"key":"SMITH"},{"floor":13,"key":"REST"},{"data":"Electrodynamics","floor":15,"key":"SMITH"}],"neow_cost":"TEN_PERCENT_HP_LOSS","seed_source_timestamp":39053411717865,"circlet_count":0,"master_deck":["AscendersBane","Strike_B","Strike_B","Defend_B","Defend_B","Defend_B","Defend_B","Zap+1","Dualcast","Cold Snap","Ball Lightning","Darkness+1","Echo Form","Conserve Battery+1","Coolheaded+1","Undo+1","Electrodynamics+1","Creative AI","Darkness+1","Turbo+1","Creative AI"],"special_seed":0,"relics":["Cracked Core","Toxic Egg 2","Boot","Matryoshka","The Courier","Anchor","Pantograph","Dodecahedron","Snecko Eye","Red Mask","Calipers"],"potions_floor_usage":[12,22,23],"damage_taken":[{"damage":7.0,"enemies":"Small Slimes","floor":1.0,"turns":3.0},{"damage":0.0,"enemies":"Jaw Worm","floor":3.0,"turns":3.0},{"damage":19.0,"enemies":"3 Sentries","floor":6.0,"turns":6.0},{"damage":8.0,"enemies":"Lagavulin","floor":8.0,"turns":7.0},{"damage":0.0,"enemies":"2 Louse","floor":10.0,"turns":3.0},{"damage":9.0,"enemies":"Lots of Slimes","floor":11.0,"turns":4.0},{"damage":11,"enemies":"Gremlin Nob","floor":12,"turns":3},{"damage":3,"enemies":"Blue Slaver","floor":14,"turns":3},{"damage":13,"enemies":"Hexaghost","floor":16,"turns":9},{"damage":36,"enemies":"Chosen","floor":18,"turns":7},{"damage":10,"enemies":"Masked Bandits","floor":20,"turns":4},{"damage":8,"enemies":"Shell Parasite","floor":22,"turns":8},{"damage":23,"enemies":"Gremlin Leader","floor":23,"turns":3}],"seed_played":"280291759291918711","potions_obtained":[{"floor":1.0,"key":"Poison Potion"},{"floor":6.0,"key":"Dexterity Potion"},{"floor":12,"key":"Regen Potion"},{"floor":20,"key":"Fire Potion"},{"floor":22,"key":"FearPotion"}],"is_trial":false,"path_per_floor":["M","$","M","?","T","E","R","E","T","M","M","E","R","M","R","B",null,"M","$","?","?","M","E"],"character_chosen":"DEFECT","items_purchased":["Toxic Egg 2","Ball Lightning","Darkness+1"],"campfire_rested":1,"item_purchase_floors":[2,2,19],"current_hp_per_floor":[57,57,57,50,50,31,31,23,23,23,14,3,22,19,19,31,56,20,20,10,10,17,0],"gold":181,"neow_bonus":"TWO_FIFTY_GOLD","is_prod":false,"is_daily":false,"chose_seed":false,"campfire_upgraded":2,"win_rate":0,"timestamp":1562784141,"path_taken":["M","$","M","?","?","E","R","E","T","M","M","E","R","M","R","BOSS","M","$","?","?","M","E"],"build_version":"2019-07-05","purchased_purges":1,"victory":false,"max_hp_per_floor":[64,64,64,64,64,64,64,64,64,64,64,64,64,64,64,64,64,64,64,64,64,64,64],"card_choices":[{"not_picked":["Self Repair","Redo"],"picked":"Cold Snap","floor":1.0},{"not_picked":["Hologram+1","Gash"],"picked":"Darkness+1","floor":3.0},{"not_picked":["Rebound","Barrage"],"picked":"Echo Form","floor":6.0},{"not_picked":["Sunder","Gash","Fusion+1"],"picked":"SKIP","floor":8.0},{"not_picked":["Loop","Gash"],"picked":"Conserve Battery+1","floor":10.0},{"not_picked":["Redo+1","Sweeping Beam"],"picked":"Coolheaded+1","floor":11.0},{"not_picked":["Hologram+1","Hello World"],"picked":"Undo+1","floor":12},{"not_picked":["Conserve Battery+1","Fusion+1"],"picked":"Electrodynamics","floor":14},{"not_picked":["Amplify+1","Buffer"],"picked":"Creative AI","floor":16},{"not_picked":["Heatsinks","Streamline","Fusion+1"],"picked":"SKIP","floor":18},{"not_picked":["Beam Cell","Barrage"],"picked":"Turbo+1","floor":20},{"not_picked":["Go for the Eyes","Hello World"],"picked":"Creative AI","floor":22}],"player_experience":1786071,"relics_obtained":[{"floor":5.0,"key":"Boot"},{"floor":6.0,"key":"Matryoshka"},{"floor":8.0,"key":"The Courier"},{"floor":9.0,"key":"Anchor"},{"floor":9.0,"key":"Pantograph"},{"floor":12,"key":"Dodecahedron"},{"floor":20,"key":"Red Mask"}],"event_choices":[{"cards_removed":["Strike_B"],"damage_healed":0.0,"max_hp_gain":0.0,"max_hp_loss":0.0,"gold_gain":0.0,"event_name":"Golden Wing","player_choice":"Card Removal","floor":4.0,"gold_loss":0.0,"damage_taken":7.0},{"damage_healed":0,"gold_gain":0,"player_choice":"Fought Bandits","damage_taken":0,"max_hp_gain":0,"max_hp_loss":0,"event_name":"Masked Bandits","floor":20,"gold_loss":0},{"damage_healed":0,"gold_gain":0,"player_choice":"Obtained Relic","damage_taken":0,"relics_obtained":["Calipers"],"max_hp_gain":0,"max_hp_loss":0,"event_name":"Addict","floor":21,"gold_loss":85}],"is_beta":false,"boss_relics":[{"not_picked":["Runic Dome","Velvet Choker"],"picked":"Snecko Eye"}],"items_purged_floors":[19],"is_endless":false,"potions_floor_spawned":[1,6,8,10,12,20,22],"killed_by":"Gremlin Leader","ascension_level":20}