{"gold_per_floor":[115,115,127,24,43,72,72,85,109,109,124,124,49,112,112,211,211,225,241,241,241,166,166,182,210,290,290,290],"floor_reached":28,"playtime":1163,"items_purged":["Strike_B"],"score":528,"play_id":"f0110076-7c72-471c-a4bf-771ab287e7eb","local_time":"20181201092027","is_ascension_mode":true,"campfire_choices":[{"data":"Defragment","floor":7,"key":"SMITH"},{"data":"Chill","floor":12,"key":"SMITH"},{"floor":15,"key":"REST"},{"data":"Capacitor","floor":23,"key":"SMITH"},{"data":"Echo Form","floor":27,"key":"SMITH"}],"neow_cost":"NONE","seed_source_timestamp":9931270101031,"circlet_count":0,"master_deck":["AscendersBane","Strike_B","Defend_B","Defend_B","Zap","Dualcast","Redo+1","Capacitor+1","Chill+1","Go for the Eyes","Defragment+1","Electrodynamics","Leap","Ball Lightning","Coolheaded","Echo Form+1","Rainbow+1","Turbo+1","Steam Power+1","Glacier","Barrage","Compile Driver","Core Surge"],"relics":["Cracked Core","Lantern","Omamori","Bloody Idol","Tiny Chest","Astrolabe","Mercury Hourglass","Ornamental Fan"],"potions_floor_usage":[25],"damage_taken":[{"damage":7,"enemies":"Cultist","floor":1,"turns":4},{"damage":3,"enemies":"2 Louse","floor":3,"turns":2},{"damage":10,"enemies":"Jaw Worm","floor":5,"turns":4},{"damage":15,"enemies":"3 Sentries","floor":6,"turns":11},{"damage":4,"enemies":"Looter","floor":8,"turns":3},{"damage":0,"enemies":"Exordium Wildlife","floor":11,"turns":4},{"damage":36,"enemies":"Gremlin Nob","floor":14,"turns":5},{"damage":17,"enemies":"The Guardian","floor":16,"turns":10},{"damage":3,"enemies":"3 Byrds","floor":18,"turns":4},{"damage":13,"enemies":"Shell Parasite","floor":19,"turns":6},{"damage":10,"enemies":"Snake Plant","floor":24,"turns":5},{"damage":0,"enemies":"Gremlin Leader","floor":25,"turns":5},{"damage":51,"enemies":"Book of Stabbing","floor":28,"turns":5}],"seed_played":"-307792399196608516","potions_obtained":[{"floor":6,"key":"FairyPotion"},{"floor":8,"key":"Energy Potion"},{"floor":16,"key":"SteroidPotion"}],"is_trial":false,"path_per_floor":["M","?","M","$","M","E","R","M","T","?","M","R","$","E","R","B",null,"M","M","?","?","?","R","M","E","T","R","E"],"character_chosen":"DEFECT","items_purchased":["Chill","Go for the Eyes"],"campfire_rested":1,"item_purchase_floors":[4,4],"current_hp_per_floor":[64,64,61,61,51,36,36,32,32,32,32,32,32,7,30,13,62,59,46,46,46,46,46,41,46,51,51,0],"gold":290,"neow_bonus":"TEN_PERCENT_HP_BONUS","is_prod":false,"is_daily":false,"chose_seed":false,"campfire_upgraded":4,"win_rate":0,"timestamp":1543652427,"path_taken":["M","?","M","$","M","E","R","?","T","?","M","R","?","E","R","BOSS","M","M","?","?","?","R","?","E","T","R","E"],"build_version":"2018-11-15","purchased_purges":1,"victory":false,"max_hp_per_floor":[78,78,78,78,78,78,78,78,78,78,78,78,78,78,78,78,78,78,78,78,78,78,78,78,78,78,78,78],"card_choices":[{"not_picked":["Turbo","Recycle"],"picked":"Redo","floor":1},{"not_picked":["Steam","Conserve Battery"],"picked":"Capacitor","floor":3},{"not_picked":["Static Discharge","Darkness"],"picked":"Defragment","floor":5},{"not_picked":["Skim","Beam Cell"],"picked":"Electrodynamics","floor":6},{"not_picked":["Redo","Gash"],"picked":"Leap","floor":8},{"not_picked":["White Noise","Auto Shields"],"picked":"Ball Lightning","floor":11},{"not_picked":["Sweeping Beam","Melter"],"picked":"Coolheaded","floor":14},{"not_picked":["Biased Cognition","Fission"],"picked":"Echo Form","floor":16},{"not_picked":["Turbo","Cold Snap"],"picked":"Glacier","floor":18},{"not_picked":["Sweeping Beam","Recycle"],"picked":"Barrage","floor":19},{"not_picked":["Hello World","Redo"],"picked":"Compile Driver","floor":24},{"not_picked":["Loop","Rip and Tear"],"picked":"Core Surge","floor":25}],"player_experience":928032,"relics_obtained":[{"floor":6,"key":"Lantern"},{"floor":9,"key":"Omamori"},{"floor":14,"key":"Tiny Chest"},{"floor":25,"key":"Mercury Hourglass"},{"floor":26,"key":"Ornamental Fan"}],"event_choices":[{"damage_healed":0,"gold_gain":0,"player_choice":"Forge","damage_taken":0,"max_hp_gain":0,"max_hp_loss":0,"event_name":"Accursed Blacksmith","floor":2,"gold_loss":0,"cards_upgraded":["Redo"]},{"damage_healed":0,"gold_gain":0,"player_choice":"Take Wound","damage_taken":0,"relics_obtained":["Golden Idol"],"max_hp_gain":0,"max_hp_loss":0,"event_name":"Golden Idol","floor":10,"gold_loss":0,"cards_obtained":["Injury"]},{"damage_healed":0,"gold_gain":0,"player_choice":"Gave Idol","damage_taken":0,"relics_obtained":["Bloody Idol"],"max_hp_gain":0,"max_hp_loss":0,"event_name":"Forgotten Altar","floor":20,"relics_lost":["Golden Idol"],"gold_loss":0},{"damage_healed":0,"gold_gain":0,"player_choice":"Ignored","damage_taken":0,"max_hp_gain":0,"max_hp_loss":0,"event_name":"Ghosts","floor":21,"gold_loss":0},{"cards_removed":["Strike_B"],"damage_healed":0,"gold_gain":0,"player_choice":"Gave Gold","damage_taken":0,"max_hp_gain":0,"max_hp_loss":0,"event_name":"Beggar","floor":22,"gold_loss":75}],"is_beta":true,"boss_relics":[{"not_picked":["Pandora\u0027s Box","Coffee Dripper"],"picked":"Astrolabe"}],"items_purged_floors":[13],"is_endless":false,"potions_floor_spawned":[6,8,16,24],"killed_by":"Book of Stabbing","ascension_level":19}