{"gold_per_floor":[110,35,35,55,68,102,102,136,136,136,166,180,192,220,220,292,292,311,311,236,87,102,102,102,102,132,132,158,158,158],"floor_reached":30,"playtime":1053,"items_purged":["Strike_G"],"score":528,"play_id":"30f51f8c-94b9-4d3e-9cce-5380d676797b","local_time":"20190826181106","is_ascension_mode":true,"campfire_choices":[{"data":"Crippling Poison","floor":7.0,"key":"SMITH"},{"floor":10.0,"key":"REST"},{"data":"Deadly Poison","floor":15.0,"key":"SMITH"},{"data":"Footwork","floor":23.0,"key":"SMITH"},{"data":"After Image","floor":25.0,"key":"SMITH"},{"data":"Catalyst","floor":29.0,"key":"SMITH"}],"neow_cost":"NONE","seed_source_timestamp":23038923809773,"circlet_count":0,"master_deck":["AscendersBane","Defend_G","Defend_G","Defend_G","Defend_G","Defend_G","Survivor","Neutralize","Poisoned Stab","Crippling Poison+1","Sucker Punch","Prepared","Poisoned Stab","PiercingWail","Deadly Poison+1","Poisoned Stab","Footwork+1","Dodge and Roll","Catalyst+1","Ghostly","Ghostly","Ghostly","Blur","After Image+1","Crippling Poison","Noxious Fumes"],"special_seed":0,"relics":["Ring of the Snake","NeowsBlessing","Bronze Scales","Tough Bandages","Matryoshka","Odd Mushroom","Mercury Hourglass","Orrery","Boot","Tiny Chest","Orichalcum"],"potions_floor_usage":[30],"damage_taken":[{"damage":0.0,"enemies":"Cultist","floor":1.0,"turns":1.0},{"damage":0.0,"enemies":"Small Slimes","floor":4.0,"turns":1.0},{"damage":0.0,"enemies":"2 Louse","floor":5.0,"turns":1.0},{"damage":30.0,"enemies":"3 Sentries","floor":6.0,"turns":15.0},{"damage":23.0,"enemies":"Lagavulin","floor":8.0,"turns":9.0},{"damage":6.0,"enemies":"The Mushroom Lair","floor":11.0,"turns":3.0},{"damage":1.0,"enemies":"Lots of Slimes","floor":12.0,"turns":3.0},{"damage":1.0,"enemies":"Blue Slaver","floor":13.0,"turns":3.0},{"damage":10.0,"enemies":"3 Sentries","floor":14.0,"turns":5.0},{"damage":2.0,"enemies":"Hexaghost","floor":16.0,"turns":7.0},{"damage":0.0,"enemies":"3 Byrds","floor":18.0,"turns":2.0},{"damage":14.0,"enemies":"2 Thieves","floor":22.0,"turns":4.0},{"damage":10.0,"enemies":"Book of Stabbing","floor":28.0,"turns":7.0},{"damage":14,"enemies":"Slavers","floor":30,"turns":5}],"seed_played":"-1316204056113598139","potions_obtained":[{"floor":3.0,"key":"Block Potion"},{"floor":3.0,"key":"EssenceOfSteel"},{"floor":13.0,"key":"Strength Potion"},{"floor":16.0,"key":"SkillPotion"}],"is_trial":false,"path_per_floor":["M","?","?","M","M","E","R","E","T","R","?","M","M","E","R","B",null,"M","?","?","$","M","R","?","R","T","?","E","R","E"],"character_chosen":"THE_SILENT","items_purchased":["Blur"],"campfire_rested":1,"item_purchase_floors":[21],"current_hp_per_floor":[59,59,59,59,59,29,29,6,6,25,19,18,17,7,7,5,51,51,33,33,33,19,19,19,19,19,19,9,9,0],"gold":158,"neow_bonus":"THREE_ENEMY_KILL","is_prod":false,"is_daily":false,"chose_seed":false,"campfire_upgraded":5,"win_rate":0,"timestamp":1566835866,"path_taken":["M","?","?","?","?","E","R","E","T","R","?","M","M","E","R","BOSS","M","?","?","$","M","R","?","R","T","?","E","R","E"],"build_version":"2019-07-17","purchased_purges":1,"victory":false,"max_hp_per_floor":[66,66,66,66,66,66,66,66,66,66,66,66,66,66,66,66,66,66,33,33,33,33,33,33,33,33,33,33,33,33],"card_choices":[{"not_picked":["Bane","Footwork"],"picked":"Poisoned Stab","floor":1.0},{"not_picked":["All Out Attack","Outmaneuver"],"picked":"Quick Slash","floor":4.0},{"not_picked":["Prepared","Masterful Stab"],"picked":"Crippling Poison","floor":5.0},{"not_picked":["Setup","Dagger Throw"],"picked":"Sucker Punch","floor":6.0},{"not_picked":["Blade Dance","Caltrops"],"picked":"Prepared","floor":8.0},{"not_picked":["Flechettes","Slice"],"picked":"Poisoned Stab","floor":11.0},{"not_picked":["Sucker Punch","Slice"],"picked":"PiercingWail","floor":12.0},{"not_picked":["Flechettes","Tools of the Trade"],"picked":"Deadly Poison","floor":13.0},{"not_picked":["Quick Slash","Flying Knee"],"picked":"Poisoned Stab","floor":14.0},{"not_picked":["Prepared","Backflip"],"picked":"Footwork","floor":17.0},{"not_picked":["Concentrate","Acrobatics"],"picked":"Dodge and Roll","floor":17.0},{"not_picked":["Acrobatics","Skewer"],"picked":"Catalyst","floor":17.0},{"not_picked":["Outmaneuver","Poisoned Stab","Dagger Throw"],"picked":"SKIP","floor":18.0},{"not_picked":["Quick Slash","Acrobatics","Concentrate"],"picked":"SKIP","floor":22.0},{"not_picked":["Finisher","Malaise"],"picked":"Noxious Fumes","floor":28.0}],"player_experience":1975073,"relics_obtained":[{"floor":6.0,"key":"Bronze Scales"},{"floor":8.0,"key":"Tough Bandages"},{"floor":9.0,"key":"Matryoshka"},{"floor":11.0,"key":"Odd Mushroom"},{"floor":14.0,"key":"Mercury Hourglass"},{"floor":26.0,"key":"Boot"},{"floor":26.0,"key":"Tiny Chest"},{"floor":28.0,"key":"Orichalcum"}],"event_choices":[{"cards_removed":["Strike_G"],"damage_healed":0.0,"max_hp_gain":0.0,"max_hp_loss":0.0,"gold_gain":0.0,"event_name":"The Cleric","player_choice":"Card Removal","floor":2.0,"gold_loss":75.0,"damage_taken":0.0},{"damage_healed":0.0,"max_hp_gain":0.0,"max_hp_loss":0.0,"gold_gain":0.0,"event_name":"Lab","player_choice":"Got Potions","floor":3.0,"gold_loss":0.0,"damage_taken":0.0},{"damage_healed":0.0,"max_hp_gain":0.0,"max_hp_loss":0.0,"gold_gain":0.0,"event_name":"Mushrooms","player_choice":"Fought Mushrooms","floor":11.0,"gold_loss":0.0,"damage_taken":0.0},{"damage_healed":0.0,"max_hp_gain":0.0,"max_hp_loss":33.0,"gold_gain":0.0,"event_name":"Ghosts","player_choice":"Became a Ghost","floor":19.0,"gold_loss":0.0,"damage_taken":0.0,"cards_obtained":["Ghostly","Ghostly","Ghostly"]},{"cards_removed":["Strike_G"],"damage_healed":0.0,"max_hp_gain":0.0,"max_hp_loss":0.0,"gold_gain":0.0,"event_name":"Beggar","player_choice":"Gave Gold","floor":20.0,"gold_loss":75.0,"damage_taken":0.0},{"damage_healed":0.0,"max_hp_gain":0.0,"max_hp_loss":0.0,"gold_gain":0.0,"cards_transformed":["Strike_G","Strike_G"],"event_name":"Drug Dealer","player_choice":"Became Test Subject","floor":24.0,"gold_loss":0.0,"damage_taken":0.0,"cards_obtained":["After Image","Crippling Poison"]},{"cards_removed":["Quick Slash"],"damage_healed":0.0,"max_hp_gain":0.0,"max_hp_loss":0.0,"gold_gain":0.0,"event_name":"Wheel of Change","player_choice":"Card Removal","floor":27.0,"gold_loss":0.0,"damage_taken":0.0}],"is_beta":false,"boss_relics":[{"not_picked":["Lizard Tail","Tiny House"],"picked":"Orrery"}],"items_purged_floors":[21],"is_endless":false,"potions_floor_spawned":[4,5,13,16,22],"killed_by":"Slavers","ascension_level":20}