{"gold_per_floor":[119,119,119,129,204,233,250,284,307,324,340,372,372,372,372,446,446,461,531,129,142,192,217,317,317,317,317],"floor_reached":27,"playtime":2191,"items_purged":["Strike_B"],"score":527,"play_id":"5f051814-2435-4d88-93f0-608b17c7a407","local_time":"20190130231033","is_ascension_mode":true,"campfire_choices":[{"data":"Tempest","floor":13.0,"key":"SMITH"},{"data":"Capacitor","floor":15.0,"key":"SMITH"},{"floor":25,"key":"REST"}],"neow_cost":"PERCENT_DAMAGE","seed_source_timestamp":0,"circlet_count":0,"master_deck":["AscendersBane","Strike_B+1","Strike_B+1","Strike_B+1","Defend_B+1","Defend_B+1","Defend_B+1","Defend_B+1","Zap","Dualcast","Coolheaded","Cold Snap","Rebound","Streamline","Core Surge","Capacitor+1","Tempest+1","Seek","Reboot","Sweeping Beam","Chaos","Loop","Turbo","Seek"],"special_seed":0,"relics":["Burning Blood","infinitespire:Cubic Diamond","Orichalcum","Bird Faced Urn","hubris:CuriousFeather","hubris:ToyBattleship","Art of War","Anchor","SsserpentHead","Bronze Scales","hubris:ScarierMask","Mummified Hand","Strawberry"],"potions_floor_usage":[23,23],"damage_taken":[{"damage":4.0,"enemies":"Small Slimes","floor":1.0,"turns":3.0},{"damage":0.0,"enemies":"Jaw Worm","floor":4.0,"turns":6.0},{"damage":18.0,"enemies":"3 Sentries","floor":6.0,"turns":11.0},{"damage":1.0,"enemies":"Cultist","floor":7.0,"turns":4.0},{"damage":22.0,"enemies":"Lagavulin","floor":8.0,"turns":7.0},{"damage":20.0,"enemies":"Exordium Thugs","floor":10.0,"turns":5.0},{"damage":4.0,"enemies":"2 Fungi Beasts","floor":11.0,"turns":4.0},{"damage":4.0,"enemies":"3 Sentries","floor":12.0,"turns":6.0},{"damage":8.0,"enemies":"Slime Boss","floor":16.0,"turns":7.0},{"damage":16,"enemies":"Chosen","floor":18,"turns":6},{"damage":17,"enemies":"Spheric Guardian","floor":19,"turns":4},{"damage":25,"enemies":"Shelled Parasite and Fungi","floor":21,"turns":6},{"damage":34,"enemies":"Gremlin Leader","floor":23,"turns":8},{"damage":52,"enemies":"Book of Stabbing","floor":27,"turns":5}],"seed_played":"1202810378643117775","potions_obtained":[{"floor":1.0,"key":"Explosive Potion"},{"floor":4.0,"key":"FairyPotion"},{"floor":8.0,"key":"Fire Potion"},{"floor":12.0,"key":"Explosive Potion"},{"floor":18,"key":"Energy Potion"},{"floor":19,"key":"FocusPotion"}],"is_trial":false,"path_per_floor":["M","?","T","M","?","E","M","E","T","M","M","E","R","?","R","B",null,"M","M","$","M","?","E","?","R","T","E"],"character_chosen":"DEFECT","items_purchased":["Mummified Hand","Loop"],"campfire_rested":1,"item_purchase_floors":[20,20],"current_hp_per_floor":[56,56,56,62,51,39,44,28,28,14,18,22,22,22,22,22,69,61,52,52,37,37,20,20,47,47,0],"gold":317,"neow_bonus":"TWENTY_PERCENT_HP_BONUS","is_prod":false,"is_daily":false,"chose_seed":false,"campfire_upgraded":2,"win_rate":0,"timestamp":1548886233,"path_taken":["M","?","?","?","?","E","M","E","T","M","M","E","R","?","R","BOSS","M","?","$","M","?","E","?","R","T","E"],"build_version":"2019-01-23","purchased_purges":1,"victory":false,"max_hp_per_floor":[85,85,85,85,85,85,85,85,85,85,85,85,85,85,85,85,85,85,85,85,85,85,92,92,92,92,92],"card_choices":[{"not_picked":["Redo","Chill"],"picked":"Coolheaded","floor":1.0},{"not_picked":["Stack","Beam Cell"],"picked":"Cold Snap","floor":4.0},{"not_picked":["Stack","All For One"],"picked":"Rebound","floor":6.0},{"not_picked":["Barrage","Rebound"],"picked":"Streamline","floor":7.0},{"not_picked":["Rip and Tear","Turbo"],"picked":"Core Surge","floor":8.0},{"not_picked":["Darkness","hubris:Ukulele"],"picked":"Capacitor","floor":10.0},{"not_picked":["Redo","Hologram"],"picked":"Tempest","floor":11.0},{"not_picked":["Beam Cell","Reprogram"],"picked":"Seek","floor":12.0},{"not_picked":["hubris:SpecializedCircuitry","Fission"],"picked":"Reboot","floor":16.0},{"not_picked":["Steam","Redo"],"picked":"Sweeping Beam","floor":18},{"not_picked":["Turbo","Go for the Eyes"],"picked":"Chaos","floor":19},{"not_picked":["Recycle","Redo"],"picked":"Turbo","floor":21},{"not_picked":["Melter","Streamline"],"picked":"Seek","floor":23}],"player_experience":1188412,"relics_obtained":[{"floor":3.0,"key":"Orichalcum"},{"floor":6.0,"key":"Bird Faced Urn"},{"floor":8.0,"key":"hubris:ToyBattleship"},{"floor":9.0,"key":"Art of War"},{"floor":12.0,"key":"Anchor"},{"floor":23,"key":"Strawberry"}],"event_choices":[{"damage_healed":0.0,"max_hp_gain":0.0,"max_hp_loss":0.0,"gold_gain":75.0,"event_name":"World of Goop","player_choice":"Gather Gold","floor":5.0,"gold_loss":0.0,"damage_taken":11.0},{"damage_healed":0.0,"max_hp_gain":0.0,"max_hp_loss":0.0,"gold_gain":0.0,"event_name":"FaceTrader","player_choice":"Trade","floor":14.0,"gold_loss":0.0,"damage_taken":0.0,"relics_obtained":["SsserpentHead"]},{"damage_healed":0,"gold_gain":0,"player_choice":"Simplicity","damage_taken":0,"max_hp_gain":0,"max_hp_loss":0,"event_name":"Back to Basics","floor":22,"gold_loss":0,"cards_upgraded":["Strike_B","Strike_B","Strike_B","Defend_B","Defend_B","Defend_B","Defend_B"]},{"damage_healed":0,"gold_gain":50,"player_choice":"Stole From Cult","damage_taken":0,"max_hp_gain":0,"max_hp_loss":0,"event_name":"Nest","floor":24,"gold_loss":0}],"is_beta":false,"boss_relics":[{"not_picked":["hubris:Backtick","Orrery"],"picked":"hubris:ScarierMask"}],"items_purged_floors":[20],"is_endless":false,"potions_floor_spawned":[1,4,8,12,18,19],"killed_by":"Book of Stabbing","ascension_level":20}