{"gold_per_floor":[115,132,57,207,207,240,251,125,177,193,219,50,79,95,95,173,173,191,191,191,222,237,237,266,181,256,269,302,315,329,173,173,173],"floor_reached":33,"playtime":2249,"items_purged":["Doubt","Bite"],"score":735,"play_id":"cbc4bd7e-fb20-4af8-9cef-1a5ca129af07","local_time":"20190220222951","is_ascension_mode":true,"campfire_choices":[{"data":"Armaments","floor":15,"key":"SMITH"},{"data":"Body Slam","floor":23,"key":"SMITH"},{"data":"Body Slam","floor":32,"key":"SMITH"}],"neow_cost":"NONE","seed_source_timestamp":41206701367504,"circlet_count":0,"master_deck":["AscendersBane","Defend_R+1","Defend_R","Defend_R+1","Defend_R","Bash","Armaments+1","Armaments+1","Body Slam+1","Sword Boomerang","Shrug It Off","Twin Strike","Spot Weakness","Impervious","Reaper","Heavy Blade","Immolate","Warcry+1","Bite","Bite","Bite","Bite","Impervious","Shrug It Off","Sword Boomerang","Metallicize","Metallicize+1","Double Tap","Body Slam+1"],"relics":["Burning Blood","NeowsBlessing","War Paint","Happy Flower","Champion Belt","Nunchaku","hubris:Stopwatch","Bag of Preparation","Red Mask","infinitespire:Bottled Soul","hubris:ToyBattleship","infinitespire:FocusingShard","Blue Candle","Potion Belt"],"potions_floor_usage":[13,16,29,33,33],"damage_taken":[{"damage":0,"enemies":"Cultist","floor":1,"turns":1},{"damage":0,"enemies":"Jaw Worm","floor":2,"turns":1},{"damage":0,"enemies":"Lagavulin","floor":6,"turns":1},{"damage":7,"enemies":"2 Louse","floor":7,"turns":5},{"damage":4,"enemies":"2 Fungi Beasts","floor":10,"turns":4},{"damage":42,"enemies":"3 Sentries","floor":11,"turns":10},{"damage":28,"enemies":"Lagavulin","floor":13,"turns":9},{"damage":7,"enemies":"Exordium Wildlife","floor":14,"turns":4},{"damage":8,"enemies":"Slime Boss","floor":16,"turns":8},{"damage":21,"enemies":"Spheric Guardian","floor":18,"turns":6},{"damage":24,"enemies":"Masked Bandits","floor":21,"turns":3},{"damage":28,"enemies":"3 Byrds","floor":22,"turns":6},{"damage":44,"enemies":"Gremlin Leader","floor":24,"turns":8},{"damage":11,"enemies":"Shelled Parasite and Fungi","floor":27,"turns":6},{"damage":49,"enemies":"Nightmare","floor":28,"turns":14},{"damage":19,"enemies":"Snake Plant","floor":29,"turns":6},{"damage":16,"enemies":"Snecko","floor":30,"turns":6},{"damage":51,"enemies":"Collector","floor":33,"turns":7}],"seed_played":"6281720943441651904","potions_obtained":[{"floor":1,"key":"Block Potion"},{"floor":7,"key":"Block Potion"},{"floor":10,"key":"Strength Potion"},{"floor":14,"key":"EssenceOfSteel"},{"floor":16,"key":"Block Potion"},{"floor":28,"key":"infinitespire:BlackPotion"},{"floor":29,"key":"Swift Potion"}],"is_trial":false,"path_per_floor":["M","M","?","?","?","E","M","$","T","M","E","$","E","M","R","B",null,"M","?","T","?","M","R","E","?","T","M","NM","M","M","$","R","B"],"character_chosen":"IRONCLAD","items_purchased":["Shrug It Off","Impervious","Body Slam"],"campfire_rested":0,"item_purchase_floors":[8,12,31],"current_hp_per_floor":[74,75,75,75,75,75,74,74,74,75,39,39,17,24,24,40,66,51,51,51,49,37,37,47,47,47,50,31,34,42,42,42,0],"gold":173,"neow_bonus":"THREE_ENEMY_KILL","is_prod":false,"is_daily":false,"chose_seed":false,"campfire_upgraded":3,"win_rate":0,"timestamp":1550698191,"path_taken":["M","?","?","?","?","E","M","$","T","M","E","$","E","M","R","BOSS","M","?","?","?","M","R","E","?","T","?","NM","M","M","$","R","BOSS"],"build_version":"2019-01-23","purchased_purges":2,"victory":false,"max_hp_per_floor":[75,75,75,75,75,75,75,75,75,75,75,75,75,75,75,75,75,75,52,52,52,52,52,52,52,52,52,52,52,52,52,52,52],"card_choices":[{"not_picked":["Thunderclap","Headbutt"],"picked":"Armaments","floor":1},{"not_picked":["Combust","Offering"],"picked":"Armaments","floor":2},{"not_picked":["True Grit","Wild Strike"],"picked":"Body Slam","floor":6},{"not_picked":["Heavy Blade","Warcry"],"picked":"Sword Boomerang","floor":7},{"not_picked":["Hemokinesis","Headbutt"],"picked":"Twin Strike","floor":10},{"not_picked":["Wild Strike","Clothesline"],"picked":"Spot Weakness","floor":11},{"not_picked":["Bloodletting","Thunderclap"],"picked":"Reaper","floor":13},{"not_picked":["Wild Strike","Pommel Strike"],"picked":"Heavy Blade","floor":14},{"not_picked":["Fiend Fire","Berserk"],"picked":"Immolate","floor":16},{"not_picked":["Flex","Sever Soul"],"picked":"Warcry+1","floor":18},{"not_picked":["Feel No Pain","Armaments+1"],"picked":"Impervious","floor":22},{"not_picked":["hubris:ReadiedAction","Pommel Strike"],"picked":"Shrug It Off","floor":24},{"not_picked":["Iron Wave+1","Clash+1"],"picked":"Sword Boomerang","floor":27},{"not_picked":["Reckless Charge","Dropkick"],"picked":"Metallicize","floor":28},{"not_picked":["Armaments","Clash"],"picked":"Metallicize+1","floor":29},{"not_picked":["Twin Strike","Rampage"],"picked":"Double Tap","floor":30}],"player_experience":1320193,"relics_obtained":[{"floor":6,"key":"War Paint"},{"floor":9,"key":"Happy Flower"},{"floor":11,"key":"Champion Belt"},{"floor":13,"key":"Nunchaku"},{"floor":20,"key":"Bag of Preparation"},{"floor":21,"key":"Red Mask"},{"floor":24,"key":"infinitespire:Bottled Soul"},{"floor":26,"key":"infinitespire:FocusingShard"},{"floor":28,"key":"Blue Candle"}],"event_choices":[{"cards_removed":["Strike_R"],"damage_healed":0,"gold_gain":0,"player_choice":"Card Removal","damage_taken":0,"max_hp_gain":0,"max_hp_loss":0,"event_name":"The Cleric","floor":3,"gold_loss":75},{"damage_healed":0,"gold_gain":150,"player_choice":"AGREE","damage_taken":0,"max_hp_gain":0,"max_hp_loss":0,"event_name":"Liars Game","floor":4,"gold_loss":0,"cards_obtained":["Doubt"]},{"damage_healed":0,"gold_gain":0,"player_choice":"Became a vampire","damage_taken":0,"max_hp_gain":0,"max_hp_loss":23,"event_name":"Vampires","floor":19,"gold_loss":0,"cards_obtained":["Bite","Bite","Bite","Bite","Bite"]},{"damage_healed":0,"gold_gain":0,"player_choice":"Fought Bandits","damage_taken":0,"max_hp_gain":0,"max_hp_loss":0,"event_name":"Masked Bandits","floor":21,"gold_loss":0},{"damage_healed":0,"gold_gain":0,"player_choice":"Obtained Relic","damage_taken":0,"relics_obtained":["hubris:ToyBattleship"],"max_hp_gain":0,"max_hp_loss":0,"event_name":"Addict","floor":25,"gold_loss":85}],"is_beta":false,"boss_relics":[{"not_picked":["hubris:GrandSneckoEye","Eternal Feather"],"picked":"hubris:Stopwatch"}],"items_purged_floors":[8,31],"is_endless":true,"potions_floor_spawned":[1,7,10,14,16,27,29],"killed_by":"Collector","ascension_level":20}