{"gold_per_floor":[109,34,34,11,11,39,13,40,40,51,63,96,106,121,121,221,221,234,54,54,71,82,82,117,128,128,128],"floor_reached":27,"playtime":2136,"items_purged":["Strike_G","Strike_G"],"score":306,"play_id":"a7cd980e-5814-4dca-90d4-b9ff9ab9e99b","local_time":"20190925205405","is_ascension_mode":true,"campfire_choices":[{"data":"Neutralize","floor":15.0,"key":"SMITH"},{"data":"Reflex","floor":23,"key":"SMITH"}],"neow_cost":"NONE","seed_source_timestamp":0,"circlet_count":0,"master_deck":["Strike_G+1","Strike_G+1","Defend_G+1","Defend_G+1","Defend_G+1","Defend_G+1","Defend_G+1","Survivor","Neutralize+1","Dodge and Roll","Reflex+1","Prepared","Noxious Fumes","Dagger Spray","All Out Attack","Reflex","Endless Agony","Predator","Well Laid Plans+1","Deadly Poison","Tools of the Trade+1","Flying Knee+1","Calculated Gamble","Well Laid Plans+1"],"special_seed":0,"relics":["Ring of the Snake","NeowsBlessing","FaceOfCleric","Orichalcum","Frozen Egg 2","Pen Nib","Bronze Scales","HoveringKite","Boot","Paper Crane"],"potions_floor_usage":[21,24,27,27],"damage_taken":[{"damage":0.0,"enemies":"2 Louse","floor":1.0,"turns":1.0},{"damage":0.0,"enemies":"Gremlin Nob","floor":6.0,"turns":1.0},{"damage":3.0,"enemies":"3 Sentries","floor":8.0,"turns":2.0},{"damage":0.0,"enemies":"Cultist","floor":10.0,"turns":5.0},{"damage":0.0,"enemies":"Small Slimes","floor":11.0,"turns":1.0},{"damage":15.0,"enemies":"Lagavulin","floor":12.0,"turns":7.0},{"damage":8.0,"enemies":"Red Slaver","floor":13.0,"turns":3.0},{"damage":2.0,"enemies":"Blue Slaver","floor":14.0,"turns":3.0},{"damage":37.0,"enemies":"Slime Boss","floor":16.0,"turns":8.0},{"damage":16.0,"enemies":"2 Thieves","floor":18.0,"turns":3.0},{"damage":17,"enemies":"3 Byrds","floor":21,"turns":3},{"damage":7,"enemies":"Snecko","floor":22,"turns":6},{"damage":23,"enemies":"Book of Stabbing","floor":24,"turns":5},{"damage":14,"enemies":"Sentry and Sphere","floor":25,"turns":5},{"damage":13,"enemies":"Cultist and Chosen","floor":27,"turns":4}],"seed_played":"-1964977075249824307","potions_obtained":[{"floor":8.0,"key":"Fire Potion"},{"floor":10.0,"key":"PowerPotion"},{"floor":12.0,"key":"FearPotion"},{"floor":13.0,"key":"EssenceOfSteel"},{"floor":14.0,"key":"Strength Potion"},{"floor":22,"key":"SpeedPotion"},{"floor":24,"key":"SpeedPotion"}],"is_trial":false,"path_per_floor":["M","$","?","$","?","E","$","E","T","M","M","E","M","M","R","B",null,"M","$","?","M","M","R","E","M","T","M"],"character_chosen":"THE_SILENT","items_purchased":["Prepared","Dagger Spray","Calculated Gamble"],"campfire_rested":0,"item_purchase_floors":[4,7,19],"current_hp_per_floor":[70,70,70,70,70,71,71,69,69,70,71,57,50,49,49,13,78,63,63,63,47,41,41,19,6,6,0],"gold":128,"neow_bonus":"THREE_ENEMY_KILL","is_prod":false,"is_daily":false,"chose_seed":false,"campfire_upgraded":2,"win_rate":0,"timestamp":1569455645,"path_taken":["M","$","?","?","?","E","$","E","T","M","M","E","M","M","R","BOSS","M","$","?","M","M","R","E","M","T","M"],"build_version":"2019-07-17","purchased_purges":2,"victory":false,"max_hp_per_floor":[70,70,70,70,70,71,71,72,72,73,74,75,76,77,77,78,78,79,79,79,80,81,81,82,83,83,83],"card_choices":[{"not_picked":["Sucker Punch","Quick Slash"],"picked":"Dodge and Roll","floor":1.0},{"not_picked":["Bouncing Flask","Masterful Stab"],"picked":"Noxious Fumes","floor":6.0},{"not_picked":["Dash","Leg Sweep"],"picked":"All Out Attack","floor":8.0},{"not_picked":["Outmaneuver","Blade Dance"],"picked":"Reflex","floor":10.0},{"not_picked":["Dodge and Roll","Deflect"],"picked":"Endless Agony","floor":11.0},{"not_picked":["Accuracy+1","Bullet Time"],"picked":"Predator","floor":12.0},{"not_picked":["Deflect","Leg Sweep"],"picked":"Well Laid Plans+1","floor":13.0},{"not_picked":["Prepared","Blade Dance"],"picked":"Deadly Poison","floor":14.0},{"not_picked":["Malaise","Glass Knife"],"picked":"Tools of the Trade+1","floor":16.0},{"not_picked":["Cloak And Dagger","Distraction"],"picked":"Flying Knee+1","floor":18.0},{"not_picked":["Flechettes+1","Blade Dance","Prepared"],"picked":"SKIP","floor":21},{"not_picked":["Distraction","Endless Agony","All Out Attack"],"picked":"SKIP","floor":22},{"not_picked":["Finisher","Prepared"],"picked":"Well Laid Plans+1","floor":24},{"not_picked":["Prepared","Dagger Throw","All Out Attack+1"],"picked":"SKIP","floor":25}],"player_experience":101292,"relics_obtained":[{"floor":6.0,"key":"Orichalcum"},{"floor":8.0,"key":"Frozen Egg 2"},{"floor":9.0,"key":"Pen Nib"},{"floor":12.0,"key":"Bronze Scales"},{"floor":24,"key":"Boot"},{"floor":26,"key":"Paper Crane"}],"event_choices":[{"damage_healed":0.0,"max_hp_gain":0.0,"max_hp_loss":0.0,"gold_gain":0.0,"cards_transformed":["Strike_G"],"event_name":"Transmorgrifier","player_choice":"Transformed","floor":3.0,"gold_loss":0.0,"damage_taken":0.0,"cards_obtained":["Reflex"]},{"damage_healed":0.0,"max_hp_gain":0.0,"max_hp_loss":0.0,"gold_gain":0.0,"event_name":"FaceTrader","player_choice":"Trade","floor":5.0,"gold_loss":0.0,"damage_taken":0.0,"relics_obtained":["FaceOfCleric"]},{"damage_healed":0,"gold_gain":0,"player_choice":"Simplicity","damage_taken":0,"max_hp_gain":0,"max_hp_loss":0,"event_name":"Back to Basics","floor":20,"gold_loss":0,"cards_upgraded":["Strike_G","Strike_G","Defend_G","Defend_G","Defend_G","Defend_G","Defend_G"]}],"is_beta":false,"boss_relics":[{"not_picked":["Runic Dome","Runic Pyramid"],"picked":"HoveringKite"}],"items_purged_floors":[2,19],"is_endless":false,"potions_floor_spawned":[8,10,12,13,14,18,22,24],"killed_by":"Cultist and Chosen","ascension_level":2}