{"path_per_floor":["M","$","?","M","$","E","R","M","T","R","M","M","E","?","R","B",null,"M","M","M","M","?","R","M","R","T","M"],"character_chosen":"THE_SILENT","items_purchased":["Malaise","Noxious Fumes","Oddly Smooth Stone"],"gold_per_floor":[368,30,30,46,46,72,72,90,117,117,131,144,172,172,172,291,291,315,340,340,340,340,340,365,365,365,385,385],"floor_reached":28,"campfire_rested":3,"playtime":1115,"item_purchase_floors":[2,2,2],"current_hp_per_floor":[59,59,59,58,58,60,60,60,60,60,51,51,32,32,58,33,74,55,32,2,2,2,28,10,36,36,2,0],"items_purged":["Regret"],"gold":385,"score":350,"play_id":"1e3ba360-785c-432b-9b43-a9b4d214512d","local_time":"20180620122324","is_prod":false,"is_daily":false,"chose_seed":false,"is_ascension_mode":true,"campfire_upgraded":2,"win_rate":0,"timestamp":1529490204,"campfire_choices":[{"data":"Noxious Fumes","floor":7,"key":"SMITH"},{"data":"Malaise","floor":10,"key":"SMITH"},{"floor":15,"key":"REST"},{"floor":23,"key":"REST"},{"floor":25,"key":"REST"}],"path_taken":["M","$","?","M","$","E","R","?","T","R","M","M","E","?","R","BOSS","M","M","M","M","?","R","?","R","T","M","?"],"build_version":"2018-06-19v2","seed_source_timestamp":10390408864949,"purchased_purges":1,"circlet_count":0,"victory":false,"master_deck":["Defend_G","Defend_G","Defend_G","Defend_G","Defend_G","Strike_G","Strike_G","Strike_G","Strike_G","Strike_G+1","Survivor","Neutralize","Infinite Blades","Malaise","Noxious Fumes+1","Escape Plan","Normality","Die Die Die","Finesse","Deadly Poison","Malaise+1","Die Die Die+1","Caltrops","Quick Slash","Endless Agony","Injury","A Thousand Cuts","Bane+1","Dagger Throw+1","Noxious Fumes+1","Outmaneuver+1","Distraction+1"],"max_hp_per_floor":[70,70,70,70,70,77,77,77,77,77,77,77,87,87,87,87,87,87,87,87,87,87,87,87,87,87,87,87],"relics":["Ring of the Snake","Oddly Smooth Stone","Strawberry","Whetstone","Pear","Golden Idol","Philosopher\u0027s Stone","Ancient Tea Set"],"card_choices":[{"not_picked":["Expertise","Deflect"],"picked":"Infinite Blades","floor":1},{"not_picked":["Prepared","Blur"],"picked":"Deadly Poison","floor":4},{"not_picked":["Dodge and Roll","Deflect"],"picked":"Malaise","floor":6},{"not_picked":["Accuracy","Dagger Throw"],"picked":"Die Die Die","floor":8},{"not_picked":["PiercingWail","Bane"],"picked":"Caltrops","floor":11},{"not_picked":["Underhanded Strike","Bane"],"picked":"Quick Slash","floor":12},{"not_picked":["Dodge and Roll","Eviscerate"],"picked":"Endless Agony","floor":13},{"not_picked":["Phantasmal Killer","Storm of Steel"],"picked":"A Thousand Cuts","floor":16},{"not_picked":["Dagger Throw","Acrobatics"],"picked":"Bane+1","floor":18},{"not_picked":["Acrobatics+1","Quick Slash+1"],"picked":"Dagger Throw+1","floor":19},{"not_picked":["Deadly Poison","Blur+1"],"picked":"Outmaneuver+1","floor":24},{"not_picked":["Flechettes","Slice"],"picked":"Distraction+1","floor":27}],"player_experience":357924,"potions_floor_usage":[6,20,21,28],"damage_taken":[{"damage":4,"enemies":"Cultist","floor":1,"turns":5},{"damage":1,"enemies":"Small Slimes","floor":4,"turns":3},{"damage":5,"enemies":"3 Sentries","floor":6,"turns":6},{"damage":0,"enemies":"2 Louse","floor":8,"turns":1},{"damage":9,"enemies":"Exordium Wildlife","floor":11,"turns":4},{"damage":0,"enemies":"3 Louse","floor":12,"turns":1},{"damage":29,"enemies":"Gremlin Nob","floor":13,"turns":6},{"damage":25,"enemies":"The Guardian","floor":16,"turns":11},{"damage":19,"enemies":"Chosen","floor":18,"turns":8},{"damage":23,"enemies":"Spheric Guardian","floor":19,"turns":4},{"damage":30,"enemies":"Snake Plant","floor":20,"turns":2},{"damage":0,"enemies":"Snecko","floor":21,"turns":3},{"damage":18,"enemies":"3 Cultists","floor":24,"turns":4},{"damage":34,"enemies":"Chosen and Byrds","floor":27,"turns":6},{"damage":8,"enemies":"Centurion and Healer","floor":28,"turns":1}],"relics_obtained":[{"floor":6,"key":"Strawberry"},{"floor":9,"key":"Whetstone"},{"floor":13,"key":"Pear"},{"floor":26,"key":"Ancient Tea Set"}],"event_choices":[{"event_name":"Match and Keep!","player_choice":"4 cards matched","floor":3,"damage_taken":0},{"event_name":"Golden Idol","player_choice":"Take Wound","floor":14,"damage_taken":0},{"event_name":"Duplicator","player_choice":"One dupe","floor":22,"damage_taken":0}],"boss_relics":[{"not_picked":["Tiny House","Astrolabe"],"picked":"Philosopher\u0027s Stone"}],"items_purged_floors":[2],"is_endless":false,"potions_floor_spawned":[1,6,8,16,21,24],"seed_played":"3510533837906745169","killed_by":"Centurion and Healer","ascension_level":8,"potions_obtained":[{"floor":1,"key":"GhostInAJar"},{"floor":6,"key":"SmokeBomb"},{"floor":8,"key":"LiquidBronze"},{"floor":16,"key":"SmokeBomb"},{"floor":24,"key":"Weak Potion"}],"is_trial":false}