{"gold_per_floor":[367,59,59,59,59,59,70,88,88,119,119,132,148,163,163,240,240,252,252,177,177,92,123,173,296,296,296,296,322,322,351,351,424,424,442,402,514,524,260,287,123,133,133,165,165,178,203,213,213,287,287],"floor_reached":51,"playtime":2294,"items_purged":["Writhe","Decay"],"score":2061,"play_id":"3f86c45d-07a5-4b36-8c40-61f305f41fa4","local_time":"20190131234657","is_ascension_mode":true,"campfire_choices":[{"data":"infinitespire:DeathsTouch","floor":6,"key":"SMITH"},{"floor":11,"key":"REST"},{"data":"Venomology","floor":15,"key":"SMITH"},{"data":"Noxious Fumes","floor":28,"key":"SMITH"},{"data":"Night Terror","floor":30,"key":"SMITH"},{"data":"Crippling Poison","floor":32,"key":"SMITH"},{"data":"Adrenaline","floor":45,"key":"SMITH"},{"data":"Crippling Poison","floor":49,"key":"SMITH"}],"neow_cost":"CURSE","seed_source_timestamp":25616401901282,"circlet_count":0,"master_deck":["AscendersBane","Survivor","Neutralize+1","PiercingWail+1","Noxious Fumes+1","infinitespire:DeathsTouch+1","Well Laid Plans","Backflip","Cloak And Dagger","Venomology+1","Dodge and Roll","Necronomicurse","Prepared","Night Terror+1","Crippling Poison+1","Adrenaline+1","Escape Plan","Underhanded Strike","Crippling Poison+1","Blade Dance","Sucker Punch","Expertise","Riddle With Holes","Heel Hook","Terror","Well Laid Plans","Backflip+1","Quick Slash","Backflip+1","Prepared","Prepared+1","Corpse Explosion"],"relics":["Ring of the Snake","TwistedFunnel","Whetstone","Potion Belt","Coffee Dripper","Necronomicon","Mercury Hourglass","Vajra","Kunai","hubris:BottledHeart","Lantern","PreservedInsect","Pandora\u0027s Box","Bag of Preparation","Oddly Smooth Stone","infinitespire:Satchel","Pantograph","hubris:TenFootPole","FossilizedHelix"],"potions_floor_usage":[10,18,23,25,25,29,33,33,37,38,40],"damage_taken":[{"damage":7,"enemies":"Small Slimes","floor":1,"turns":5},{"damage":0,"enemies":"Cultist","floor":7,"turns":3},{"damage":2,"enemies":"Jaw Worm","floor":8,"turns":3},{"damage":17,"enemies":"Lagavulin","floor":10,"turns":5},{"damage":0,"enemies":"Large Slime","floor":12,"turns":5},{"damage":0,"enemies":"3 Louse","floor":13,"turns":2},{"damage":1,"enemies":"2 Fungi Beasts","floor":14,"turns":4},{"damage":20,"enemies":"Hexaghost","floor":16,"turns":8},{"damage":1,"enemies":"Spheric Guardian","floor":18,"turns":3},{"damage":0,"enemies":"Nightmare","floor":23,"turns":6},{"damage":0,"enemies":"2 Thieves","floor":25,"turns":2},{"damage":0,"enemies":"Slavers","floor":29,"turns":5},{"damage":0,"enemies":"Book of Stabbing","floor":31,"turns":3},{"damage":0,"enemies":"Champ","floor":33,"turns":10},{"damage":0,"enemies":"3 Shapes","floor":35,"turns":2},{"damage":0,"enemies":"3 Darklings","floor":37,"turns":4},{"damage":0,"enemies":"Jaw Worm Horde","floor":38,"turns":4},{"damage":0,"enemies":"Nightmare","floor":40,"turns":3},{"damage":0,"enemies":"Sphere and 2 Shapes","floor":42,"turns":4},{"damage":0,"enemies":"Reptomancer","floor":44,"turns":3},{"damage":0,"enemies":"Spire Growth","floor":46,"turns":3},{"damage":0,"enemies":"Giant Head","floor":47,"turns":4},{"damage":0,"enemies":"Transient","floor":48,"turns":6},{"damage":0,"enemies":"Donu and Deca","floor":50,"turns":8},{"damage":2,"enemies":"Time Eater","floor":51,"turns":6}],"seed_played":"4076875034179155868","potions_obtained":[{"floor":7,"key":"Regen Potion"},{"floor":10,"key":"GhostInAJar"},{"floor":14,"key":"Explosive Potion"},{"floor":16,"key":"Strength Potion"},{"floor":23,"key":"infinitespire:BlackPotion"},{"floor":31,"key":"SkillPotion"},{"floor":33,"key":"Energy Potion"},{"floor":36,"key":"Fire Potion"},{"floor":36,"key":"Regen Potion"}],"is_trial":false,"path_per_floor":["M","$","?","$","?","R","M","M","T","E","R","M","M","M","R","B",null,"M","?","$","?","?","NM","?","M","T","?","R","E","R","E","R","B",null,"M","?","M","M","$","NM","$","M","T","E","R","M","E","M","R","B","B"],"character_chosen":"THE_SILENT","items_purchased":["TwistedFunnel","Noxious Fumes","Bag of Preparation","infinitespire:Satchel"],"campfire_rested":1,"item_purchase_floors":[2,2,39,41],"current_hp_per_floor":[52,52,32,32,16,16,16,14,14,12,31,31,31,30,30,10,52,51,30,30,30,30,30,30,30,30,1,1,1,1,1,1,1,1,1,1,1,1,1,1,1,1,1,1,1,1,1,1,1,1,0],"gold":287,"neow_bonus":"TWO_FIFTY_GOLD","is_prod":false,"is_daily":false,"chose_seed":false,"campfire_upgraded":7,"win_rate":0,"timestamp":1548974817,"path_taken":["M","$","?","$","?","R","M","M","T","E","R","M","M","M","R","BOSS","M","?","$","?","?","NM","?","M","T","?","R","E","R","E","R","BOSS","M","?","?","M","$","NM","$","M","T","E","R","M","E","M","R","BOSS","BOSS"],"build_version":"2019-01-23","purchased_purges":2,"victory":false,"max_hp_per_floor":[66,66,66,66,66,66,66,66,66,66,66,66,66,66,66,66,66,66,66,66,66,66,66,66,66,66,1,1,1,1,1,1,1,1,1,1,1,1,1,1,1,1,1,1,1,1,1,1,1,1,1],"card_choices":[{"not_picked":["Dagger Throw","Sucker Punch"],"picked":"PiercingWail","floor":1},{"not_picked":["infinitespire:UltimateForm","hubris:Fate"],"picked":"infinitespire:DeathsTouch","floor":5},{"not_picked":["Slice","Outmaneuver"],"picked":"Well Laid Plans","floor":7},{"not_picked":["Crippling Poison","Slice"],"picked":"Backflip","floor":8},{"not_picked":["Outmaneuver","Poisoned Stab"],"picked":"Cloak And Dagger","floor":10},{"not_picked":["Slice","Quick Slash","Setup"],"picked":"SKIP","floor":12},{"not_picked":["Sucker Punch","Reflex","Riddle With Holes"],"picked":"SKIP","floor":13},{"not_picked":["Bane","Poisoned Stab"],"picked":"Venomology","floor":14},{"not_picked":["Dagger Throw+1","Calculated Gamble"],"picked":"Dodge and Roll","floor":18},{"not_picked":["All Out Attack","Cloak And Dagger","Setup"],"picked":"SKIP","floor":23},{"not_picked":["Terror","Dagger Throw"],"picked":"Prepared","floor":25},{"not_picked":["Prepared","PiercingWail"],"picked":"Night Terror","floor":29},{"not_picked":["Underhanded Strike","Blade Dance"],"picked":"Crippling Poison","floor":31},{"not_picked":["Phantasmal Killer","Night Terror"],"picked":"Adrenaline","floor":33},{"not_picked":["Blade Dance","Dodge and Roll"],"picked":"Backflip+1","floor":35},{"not_picked":["hubris:Sniper","Slice"],"picked":"Quick Slash","floor":37},{"not_picked":["Deadly Poison","Flying Knee+1","Slice+1"],"picked":"SKIP","floor":38},{"not_picked":["hubris:Counter","Dagger Spray","Sucker Punch"],"picked":"SKIP","floor":40},{"not_picked":["Acrobatics","Deflect","Bane"],"picked":"SKIP","floor":42},{"not_picked":["Venomology","hubris:TrickCloak"],"picked":"Backflip+1","floor":44},{"not_picked":["Underhanded Strike+1","Cloak And Dagger+1","Flying Knee"],"picked":"SKIP","floor":46},{"not_picked":["Underhanded Strike","Finisher"],"picked":"Prepared","floor":47},{"not_picked":["All Out Attack","hubris:TrickCloak+1"],"picked":"Prepared+1","floor":48},{"not_picked":["Burst","Venomology"],"picked":"Corpse Explosion","floor":50}],"player_experience":1211870,"relics_obtained":[{"floor":9,"key":"Whetstone"},{"floor":10,"key":"Potion Belt"},{"floor":19,"key":"Necronomicon"},{"floor":23,"key":"Vajra"},{"floor":26,"key":"Kunai"},{"floor":29,"key":"Lantern"},{"floor":31,"key":"PreservedInsect"},{"floor":40,"key":"Oddly Smooth Stone"},{"floor":43,"key":"Pantograph"},{"floor":44,"key":"hubris:TenFootPole"},{"floor":47,"key":"FossilizedHelix"}],"event_choices":[{"damage_healed":0,"gold_gain":0,"player_choice":"Entered Light","damage_taken":20,"max_hp_gain":0,"max_hp_loss":0,"event_name":"Shining Light","floor":3,"gold_loss":0,"cards_upgraded":["PiercingWail","Defend_G"]},{"damage_healed":0,"gold_gain":0,"player_choice":"Obtained Book","damage_taken":21,"max_hp_gain":0,"max_hp_loss":0,"event_name":"Cursed Tome","floor":19,"gold_loss":0},{"damage_healed":0,"gold_gain":0,"player_choice":"Smashed Altar","damage_taken":0,"max_hp_gain":0,"max_hp_loss":0,"event_name":"Forgotten Altar","floor":21,"gold_loss":0,"cards_obtained":["Decay"]},{"damage_healed":0,"gold_gain":0,"player_choice":"Obtained Relic","damage_taken":0,"relics_obtained":["Mercury Hourglass"],"max_hp_gain":0,"max_hp_loss":0,"event_name":"Addict","floor":22,"gold_loss":85},{"damage_healed":0,"gold_gain":50,"player_choice":"Stole From Cult","damage_taken":0,"max_hp_gain":0,"max_hp_loss":0,"event_name":"Nest","floor":24,"gold_loss":0},{"damage_healed":0,"gold_gain":0,"player_choice":"Bought 3 Potions","damage_taken":0,"max_hp_gain":0,"max_hp_loss":0,"event_name":"The Woman in Blue","floor":36,"gold_loss":0}],"is_beta":false,"boss_relics":[{"not_picked":["Eternal Feather","Ectoplasm"],"picked":"Coffee Dripper"},{"not_picked":["hubris:GrandSneckoEye","hubris:ScarierMask"],"picked":"Pandora\u0027s Box"}],"items_purged_floors":[20,39],"is_endless":true,"potions_floor_spawned":[7,10,14,16,23,31,33,40,42,44],"killed_by":"Time Eater","ascension_level":20}