{"path_per_floor":["M","?","M","?","M","R","E","R","T","M","$","?","E","M","R","B",null,"M","M","M","$"],"character_chosen":"DEFECT","items_purchased":["Blood Vial","Dramatic Entrance"],"gold_per_floor":[111,111,127,127,146,146,174,174,174,194,47,47,73,87,87,184,184,202,219,231,143,143],"floor_reached":22,"campfire_rested":1,"playtime":1129,"current_hp_per_floor":[75,50,49,49,49,49,22,44,44,39,39,75,69,69,69,54,75,64,43,19,19,0],"items_purged":[],"gold":143,"score":206,"play_id":"f5e521c7-8f7d-4032-b655-ad490ae14def","local_time":"20180517104832","is_prod":false,"is_daily":false,"chose_seed":false,"is_ascension_mode":true,"campfire_upgraded":2,"timestamp":1526546912,"campfire_choices":[{"data":"Darkness","floor":6,"key":"SMITH"},{"floor":8,"key":"REST"},{"data":"Double Energy","floor":15,"key":"SMITH"}],"path_taken":["M","?","M","?","M","R","E","R","T","M","$","?","E","M","R","BOSS","M","M","M","$","?"],"build_version":"2018-05-16","seed_source_timestamp":5326066199277,"purchased_purges":0,"victory":false,"master_deck":["Strike_B","Strike_B","Strike_B","Strike_B","Defend_B","Defend_B","Defend_B","Defend_B","Zap+1","Dualcast","Fission","Auto Shields","Darkness+1","Conserve Battery","Ball Lightning","Double Energy+1","Echo Form","Heatsinks","Thunder Strike","Fusion+1","Storm","Self Repair","Dramatic Entrance"],"max_hp_per_floor":[75,75,75,75,75,75,75,75,75,75,75,75,75,75,75,75,75,80,80,80,80,80],"relics":["Cracked Core","Unceasing Top","Darkstone Periapt","Centennial Puzzle","Blood Vial","Girya","Sozu"],"card_choices":[{"not_picked":["Coolheaded","Force Field"],"picked":"Auto Shields","floor":1},{"not_picked":["Consume","Sweeping Beam"],"picked":"Darkness","floor":3},{"not_picked":["Steam","Barrage"],"picked":"Conserve Battery","floor":5},{"not_picked":["Stack","Sweeping Beam"],"picked":"Ball Lightning","floor":7},{"not_picked":["Hologram","Chill"],"picked":"Double Energy","floor":10},{"not_picked":["Cold Snap","Beam Cell"],"picked":"Echo Form","floor":13},{"not_picked":["Cold Snap","Hologram"],"picked":"Heatsinks","floor":14},{"not_picked":["Buffer","Biased Cognition"],"picked":"Thunder Strike","floor":16},{"not_picked":["Reprogram","Beam Cell"],"picked":"Fusion+1","floor":18},{"not_picked":["Scrape","Chaos"],"picked":"Storm","floor":19},{"not_picked":["Leap","Cold Snap+1"],"picked":"Self Repair","floor":20}],"player_experience":144069,"potions_floor_usage":[7,16,16,18],"damage_taken":[{"damage":0,"enemies":"Small Slimes","floor":1,"turns":3},{"damage":1,"enemies":"Jaw Worm","floor":3,"turns":3},{"damage":0,"enemies":"2 Louse","floor":5,"turns":2},{"damage":27,"enemies":"Gremlin Nob","floor":7,"turns":4},{"damage":5,"enemies":"Looter","floor":10,"turns":3},{"damage":6,"enemies":"3 Sentries","floor":13,"turns":8},{"damage":2,"enemies":"Blue Slaver","floor":14,"turns":3},{"damage":17,"enemies":"Slime Boss","floor":16,"turns":5},{"damage":16,"enemies":"Shell Parasite","floor":18,"turns":5},{"damage":23,"enemies":"Spheric Guardian","floor":19,"turns":5},{"damage":26,"enemies":"Centurion and Healer","floor":20,"turns":9},{"damage":25,"enemies":"Masked Bandits","floor":22,"turns":2}],"relics_obtained":[{"floor":7,"key":"Darkstone Periapt"},{"floor":9,"key":"Centennial Puzzle"},{"floor":13,"key":"Girya"}],"event_choices":[{"event_name":"Scrap Ooze","player_choice":"success","floor":2,"damage_taken":25},{"event_name":"Living Wall","player_choice":"Grow","floor":4,"damage_taken":0},{"event_name":"Wheel of Change","player_choice":"Full Heal","floor":12,"damage_taken":0},{"event_name":"Masked Bandits","player_choice":"Fought over 143 gold","floor":22,"damage_taken":0}],"boss_relics":[{"not_picked":["Orrery","Inserter"],"picked":"Sozu"}],"potions_floor_spawned":[1,7,14,16],"seed_played":"-533319562513441138","killed_by":"Masked Bandits","ascension_level":1,"potions_obtained":[{"floor":1,"key":"FocusPotion"},{"floor":7,"key":"PowerPotion"},{"floor":14,"key":"Fire Potion"},{"floor":16,"key":"Fruit Juice"}],"is_trial":false}