{"gold_per_floor":[109,109,24,24,24,58,58,87,87,12,40,40,40,105,105,182,182,201,7,7,7,19,54,54,85,85,97,97,97,109,144,144,222,222,240,257,268,287,298,298,298,329,352,367,367,402,422,456,456,456,456,456,456,1,1],"floor_reached":55,"playtime":8258,"items_purged":["Strike_R"],"score":2458,"play_id":"e732a28f-7c69-4489-b421-8bb42debbf9a","local_time":"20190813010807","is_ascension_mode":true,"campfire_choices":[{"data":"Flame Barrier","floor":13.0,"key":"SMITH"},{"floor":15.0,"key":"REST"},{"data":"Demon Form","floor":24,"key":"SMITH"},{"data":"Infernal Blade","floor":32,"key":"SMITH"},{"data":"Evolve","floor":40,"key":"SMITH"},{"floor":45,"key":"REST"},{"floor":49,"key":"RECALL"},{"data":"Carnage","floor":53,"key":"SMITH"}],"neow_cost":"NONE","seed_source_timestamp":48024695176766,"circlet_count":0,"master_deck":["AscendersBane","Strike_R+1","Strike_R+1","Strike_R+1","Defend_R","Defend_R","Defend_R+1","Defend_R","Bash+1","Carnage+1","Disarm+1","Flame Barrier+1","Battle Trance+1","Infernal Blade+1","Demon Form+1","Anger","Inflame+1","Battle Trance+1","Cleave+1","Flame Barrier+1","Ghostly+1","Ghostly+1","Ghostly+1","True Grit+1","Armaments+1","Exhume+1","Thunderclap+1","Shrug It Off+1","Evolve+1","Pummel+1","Disarm+1","Seeing Red+1"],"special_seed":0,"relics":["Burning Blood","NeowsBlessing","The Courier","Whetstone","Ancient Tea Set","Bag of Preparation","Mercury Hourglass","Boot","Velvet Choker","Orichalcum","Nilry\u0027s Codex","Ginger","Toxic Egg 2","Du-Vu Doll","Gambling Chip","War Paint","Lizard Tail","Incense Burner","Art of War","FossilizedHelix","Calipers","OrangePellets"],"potions_floor_usage":[23,39,44,47,55],"damage_taken":[{"damage":0.0,"enemies":"2 Louse","floor":1.0,"turns":1.0},{"damage":0.0,"enemies":"3 Sentries","floor":6.0,"turns":1.0},{"damage":0.0,"enemies":"Lagavulin","floor":8.0,"turns":1.0},{"damage":38.0,"enemies":"3 Sentries","floor":11.0,"turns":9.0},{"damage":26.0,"enemies":"Lagavulin Event","floor":14.0,"turns":4.0},{"damage":18.0,"enemies":"The Guardian","floor":16.0,"turns":10.0},{"damage":9.0,"enemies":"2 Thieves","floor":18.0,"turns":4.0},{"damage":0,"enemies":"Chosen","floor":22,"turns":3},{"damage":14,"enemies":"Slavers","floor":23,"turns":4},{"damage":0,"enemies":"Gremlin Leader","floor":25,"turns":5},{"damage":0,"enemies":"Centurion and Healer","floor":27,"turns":5},{"damage":0,"enemies":"Cultist and Chosen","floor":30,"turns":4},{"damage":0,"enemies":"Slavers","floor":31,"turns":5},{"damage":0,"enemies":"Collector","floor":33,"turns":7},{"damage":6,"enemies":"Orb Walker","floor":35,"turns":4},{"damage":0,"enemies":"3 Darklings","floor":36,"turns":4},{"damage":0,"enemies":"Maw","floor":37,"turns":6},{"damage":25,"enemies":"Spire Growth","floor":38,"turns":4},{"damage":1,"enemies":"Writhing Mass","floor":39,"turns":5},{"damage":24,"enemies":"Nemesis","floor":42,"turns":9},{"damage":6,"enemies":"Sphere and 2 Shapes","floor":44,"turns":4},{"damage":0,"enemies":"Reptomancer","floor":46,"turns":5},{"damage":18,"enemies":"Transient","floor":47,"turns":6},{"damage":0,"enemies":"Nemesis","floor":48,"turns":7},{"damage":14,"enemies":"Awakened One","floor":50,"turns":10},{"damage":0,"enemies":"Time Eater","floor":51,"turns":9},{"damage":99,"enemies":"Shield and Spear","floor":55,"turns":6}],"seed_played":"-6288180851011001939","potions_obtained":[{"floor":1.0,"key":"GamblersBrew"},{"floor":6.0,"key":"Regen Potion"},{"floor":16.0,"key":"GamblersBrew"},{"floor":18,"key":"Strength Potion"},{"floor":23,"key":"Weak Potion"},{"floor":30,"key":"Fire Potion"},{"floor":42,"key":"AttackPotion"},{"floor":47,"key":"Strength Potion"}],"is_trial":false,"path_per_floor":["M","?","$","?","$","E","?","E","T","?","E","?","R","?","R","B",null,"M","$","?","?","M","E","R","E","T","M","?","?","M","E","R","B",null,"M","M","M","M","M","R","?","E","T","M","R","E","M","E","R","B","B",null,"R","$","E"],"character_chosen":"IRONCLAD","items_purchased":["Disarm","Orichalcum","Calipers","OrangePellets"],"campfire_rested":2,"item_purchase_floors":[3,19,54,54],"current_hp_per_floor":[74,51,51,33,33,39,39,45,45,45,27,32,32,12,36,24,66,63,63,63,42,48,40,40,46,46,52,40,40,40,40,40,40,40,40,40,40,21,26,26,26,8,8,8,20,26,14,20,20,12,18,35,35,35,0],"gold":1,"neow_bonus":"THREE_ENEMY_KILL","is_prod":false,"is_daily":false,"chose_seed":false,"campfire_upgraded":5,"win_rate":0,"timestamp":1565651287,"path_taken":["M","?","$","?","$","E","?","E","T","?","E","?","R","?","R","BOSS","M","$","?","?","M","E","R","E","T","?","?","?","M","E","R","BOSS","M","?","M","M","M","R","?","E","T","M","R","E","M","E","R","BOSS","BOSS","R","$","E"],"build_version":"2019-07-17","purchased_purges":1,"victory":false,"max_hp_per_floor":[75,75,75,75,75,75,75,75,75,75,75,80,80,80,80,80,80,80,80,80,80,80,80,80,80,80,80,40,40,40,40,40,40,40,40,40,40,40,40,40,40,40,40,40,40,40,40,40,40,40,40,40,40,40,40],"card_choices":[{"not_picked":["Ghostly Armor","Cleave"],"picked":"Carnage","floor":1.0},{"not_picked":["Cleave","Armaments"],"picked":"Flame Barrier","floor":6.0},{"not_picked":["Pummel","Armaments"],"picked":"Battle Trance","floor":8.0},{"not_picked":["Heavy Blade","Reckless Charge"],"picked":"Infernal Blade","floor":11.0},{"not_picked":["Juggernaut","Reaper"],"picked":"Demon Form","floor":16.0},{"not_picked":["Entrench","Spot Weakness"],"picked":"Anger","floor":18},{"not_picked":["Second Wind","Pommel Strike+1"],"picked":"Inflame+1","floor":22},{"not_picked":["Sword Boomerang","Warcry"],"picked":"Battle Trance+1","floor":23},{"not_picked":["Sever Soul","Anger"],"picked":"Cleave+1","floor":25},{"not_picked":["Iron Wave","Warcry+1"],"picked":"Flame Barrier+1","floor":27},{"not_picked":["Anger","Searing Blow"],"picked":"True Grit+1","floor":30},{"not_picked":["Bludgeon","Pummel"],"picked":"Armaments+1","floor":31},{"not_picked":["Brutality","Double Tap+1"],"picked":"Exhume+1","floor":33},{"not_picked":["Rage+1","Burning Pact+1"],"picked":"Thunderclap+1","floor":35},{"not_picked":["Anger","Thunderclap"],"picked":"Shrug It Off+1","floor":36},{"not_picked":["Cleave","Rupture","True Grit+1"],"picked":"SKIP","floor":37},{"not_picked":["Havoc+1","Ghostly Armor+1"],"picked":"Evolve","floor":38},{"not_picked":["Warcry+1","Intimidate+1","Rampage"],"picked":"SKIP","floor":39},{"not_picked":["Body Slam","Warcry+1","Armaments+1"],"picked":"SKIP","floor":42},{"not_picked":["Clothesline","Headbutt"],"picked":"Pummel+1","floor":44},{"not_picked":["Flame Barrier+1","Reckless Charge+1"],"picked":"Disarm+1","floor":46},{"not_picked":["Burning Pact+1","Power Through+1"],"picked":"Seeing Red+1","floor":47},{"not_picked":["Reckless Charge","True Grit+1","Armaments+1"],"picked":"SKIP","floor":48}],"player_experience":1907106,"relics_obtained":[{"floor":6.0,"key":"Whetstone"},{"floor":8.0,"key":"Ancient Tea Set"},{"floor":9.0,"key":"Bag of Preparation"},{"floor":11.0,"key":"Mercury Hourglass"},{"floor":14.0,"key":"Boot"},{"floor":21,"key":"Nilry\u0027s Codex"},{"floor":23,"key":"Ginger"},{"floor":25,"key":"Toxic Egg 2"},{"floor":26,"key":"Du-Vu Doll"},{"floor":31,"key":"War Paint"},{"floor":42,"key":"Incense Burner"},{"floor":46,"key":"Art of War"},{"floor":48,"key":"FossilizedHelix"}],"event_choices":[{"damage_healed":0.0,"max_hp_gain":0.0,"max_hp_loss":0.0,"gold_gain":0.0,"event_name":"Shining Light","player_choice":"Entered Light","floor":2.0,"gold_loss":0.0,"damage_taken":23.0,"cards_upgraded":["Strike_R","Strike_R"]},{"damage_healed":0.0,"max_hp_gain":0.0,"max_hp_loss":0.0,"gold_gain":0.0,"event_name":"Scrap Ooze","player_choice":"Success","floor":4.0,"gold_loss":0.0,"damage_taken":18.0,"relics_obtained":["The Courier"]},{"damage_healed":0.0,"max_hp_gain":0.0,"max_hp_loss":0.0,"gold_gain":0.0,"event_name":"Living Wall","player_choice":"Grow","floor":7.0,"gold_loss":0.0,"damage_taken":0.0,"cards_upgraded":["Disarm"]},{"cards_removed":["Strike_R"],"damage_healed":0.0,"max_hp_gain":0.0,"max_hp_loss":0.0,"gold_gain":0.0,"event_name":"The Cleric","player_choice":"Card Removal","floor":10.0,"gold_loss":75.0,"damage_taken":0.0},{"damage_healed":0.0,"max_hp_gain":5.0,"max_hp_loss":0.0,"gold_gain":0.0,"event_name":"Big Fish","player_choice":"Donut","floor":12.0,"gold_loss":0.0,"damage_taken":0.0},{"damage_healed":0.0,"max_hp_gain":0.0,"max_hp_loss":0.0,"gold_gain":0.0,"event_name":"Dead Adventurer","player_choice":"Searched \u00272\u0027 times","floor":14.0,"gold_loss":0.0,"damage_taken":0.0},{"damage_healed":0,"gold_gain":0,"player_choice":"Ignored","damage_taken":0,"max_hp_gain":0,"max_hp_loss":0,"event_name":"Vampires","floor":20,"gold_loss":0},{"damage_healed":0,"gold_gain":0,"player_choice":"Obtained Book","damage_taken":21,"max_hp_gain":0,"max_hp_loss":0,"event_name":"Cursed Tome","floor":21,"gold_loss":0},{"damage_healed":0,"gold_gain":0,"player_choice":"Became a Ghost","damage_taken":0,"max_hp_gain":0,"max_hp_loss":40,"event_name":"Ghosts","floor":28,"gold_loss":0,"cards_obtained":["Ghostly","Ghostly","Ghostly"]},{"damage_healed":0,"gold_gain":0,"player_choice":"Gave Potion","damage_taken":0,"relics_obtained":["Gambling Chip"],"max_hp_gain":0,"max_hp_loss":0,"event_name":"WeMeetAgain","floor":29,"gold_loss":0},{"damage_healed":0,"gold_gain":0,"player_choice":"Ignored","damage_taken":0,"max_hp_gain":0,"max_hp_loss":0,"event_name":"Tomb of Lord Red Mask","floor":41,"gold_loss":0}],"is_beta":false,"boss_relics":[{"not_picked":["Pandora\u0027s Box","Runic Dome"],"picked":"Velvet Choker"},{"not_picked":["White Beast Statue","Runic Cube"],"picked":"Lizard Tail"}],"items_purged_floors":[19],"is_endless":false,"potions_floor_spawned":[1,6,16,18,23,30,33,35,38,42,47],"killed_by":"Shield and Spear","ascension_level":20}