{"gold_per_floor":[118,118,118,133,58,58,99,99,99,99,114,139,179,204,204,204],"floor_reached":16,"playtime":365,"items_purged":[],"score":270,"play_id":"bdbde6ab-0bfa-44f0-873e-32dacab0069b","local_time":"20190206153412","is_ascension_mode":true,"campfire_choices":[{"data":"Dualcast","floor":6,"key":"SMITH"},{"data":"Sunder","floor":8,"key":"SMITH"},{"data":"hubris:PowerSurge","floor":15,"key":"SMITH"}],"neow_cost":"NONE","seed_source_timestamp":8272163993386,"circlet_count":0,"master_deck":["AscendersBane","Strike_B+1","Strike_B","Strike_B","Defend_B","Defend_B","Defend_B","Defend_B","Zap+1","Dualcast+1","Ball Lightning","Melter","Sunder+1","Coolheaded","Cold Snap","Coolheaded","hubris:PowerSurge+1"],"relics":["Cracked Core","NeowsBlessing","Golden Idol","Boot","Bird Faced Urn","infinitespire:Beetle Shell"],"potions_floor_usage":[16,16],"damage_taken":[{"damage":0,"enemies":"2 Louse","floor":1,"turns":1},{"damage":0,"enemies":"Jaw Worm","floor":4,"turns":1},{"damage":0,"enemies":"Gremlin Nob","floor":7,"turns":1},{"damage":0,"enemies":"Small Slimes","floor":11,"turns":1},{"damage":8,"enemies":"Blue Slaver","floor":12,"turns":3},{"damage":11,"enemies":"Lagavulin","floor":13,"turns":5},{"damage":9,"enemies":"Gremlin Gang","floor":14,"turns":3},{"damage":22,"enemies":"Hexaghost","floor":16,"turns":10}],"seed_played":"2884641627497594878","potions_obtained":[{"floor":7,"key":"GamblersBrew"},{"floor":11,"key":"Weak Potion"}],"is_trial":false,"path_per_floor":["M","?","?","M","?","R","E","R","T","?","M","M","E","M","R","B"],"character_chosen":"DEFECT","items_purchased":[],"campfire_rested":0,"item_purchase_floors":[],"current_hp_per_floor":[64,43,43,43,43,43,43,43,43,43,43,35,24,15,15,0],"gold":204,"neow_bonus":"THREE_ENEMY_KILL","is_prod":false,"is_daily":false,"chose_seed":false,"campfire_upgraded":3,"win_rate":0,"timestamp":1549463652,"path_taken":["M","?","?","?","?","R","E","R","T","?","M","M","E","M","R","BOSS"],"build_version":"2019-01-23","purchased_purges":0,"victory":false,"max_hp_per_floor":[71,71,64,64,64,64,64,64,64,64,64,64,64,64,64,64],"card_choices":[{"not_picked":["Coolheaded","Rebound"],"picked":"Ball Lightning","floor":1},{"not_picked":["Fusion","Streamline"],"picked":"Melter","floor":4},{"not_picked":["Static Discharge","Streamline"],"picked":"Sunder","floor":7},{"not_picked":["Gash","Beam Cell"],"picked":"Coolheaded","floor":11},{"not_picked":["Hologram","Reprogram"],"picked":"Cold Snap","floor":12},{"not_picked":["Stack","Steam Power"],"picked":"Coolheaded","floor":13},{"not_picked":["Consume","Turbo"],"picked":"hubris:PowerSurge","floor":14}],"player_experience":1227037,"relics_obtained":[{"floor":7,"key":"Boot"},{"floor":9,"key":"Bird Faced Urn"},{"floor":13,"key":"infinitespire:Beetle Shell"}],"event_choices":[{"damage_healed":0,"gold_gain":0,"player_choice":"Entered Light","damage_taken":21,"max_hp_gain":0,"max_hp_loss":0,"event_name":"Shining Light","floor":2,"gold_loss":0,"cards_upgraded":["Zap","Strike_B"]},{"damage_healed":0,"gold_gain":0,"player_choice":"Lose Max HP","damage_taken":0,"relics_obtained":["Golden Idol"],"max_hp_gain":0,"max_hp_loss":7,"event_name":"Golden Idol","floor":3,"gold_loss":0},{"cards_removed":["Strike_B"],"damage_healed":0,"gold_gain":0,"player_choice":"Card Removal","damage_taken":0,"max_hp_gain":0,"max_hp_loss":0,"event_name":"The Cleric","floor":5,"gold_loss":75},{"damage_healed":0,"gold_gain":0,"player_choice":"Ignored","damage_taken":0,"max_hp_gain":0,"max_hp_loss":0,"event_name":"Liars Game","floor":10,"gold_loss":0}],"is_beta":false,"boss_relics":[],"items_purged_floors":[],"is_endless":false,"potions_floor_spawned":[7,11,14],"killed_by":"Hexaghost","ascension_level":20}