{"gold_per_floor":[18,29,44,44,44,44,79,79,79,106,126,126],"floor_reached":12,"playtime":618,"items_purged":[],"score":150,"play_id":"5dd8e188-af94-40ac-a38a-f0a75c4cec10","local_time":"20180923000354","is_ascension_mode":true,"campfire_choices":[{"data":"Zap","floor":6,"key":"SMITH"},{"data":"Dualcast","floor":8,"key":"SMITH"}],"neow_cost":"NO_GOLD","seed_source_timestamp":9906006691420,"circlet_count":0,"master_deck":["Strike_B","Strike_B","Strike_B","Strike_B","Defend_B","Defend_B","Defend_B","Defend_B","Zap+1","Dualcast+1","AscendersBane","Gash","Core Surge","Tempest","BootSequence","Capacitor"],"relics":["Cracked Core","Du-Vu Doll","Ornamental Fan","Letter Opener","Symbiotic Virus","Bottled Flame"],"potions_floor_usage":[12],"damage_taken":[{"damage":4,"enemies":"Jaw Worm","floor":1,"turns":3},{"damage":1,"enemies":"Cultist","floor":2,"turns":3},{"damage":0,"enemies":"Small Slimes","floor":3,"turns":3},{"damage":32,"enemies":"Gremlin Nob","floor":7,"turns":5},{"damage":15,"enemies":"3 Sentries","floor":10,"turns":4},{"damage":0,"enemies":"2 Fungi Beasts","floor":11,"turns":2},{"damage":25,"enemies":"Lagavulin","floor":12,"turns":3}],"seed_played":"4124037123706567209","potions_obtained":[{"floor":7,"key":"Ancient Potion"},{"floor":10,"key":"Swift Potion"}],"is_trial":false,"path_per_floor":["M","M","M","?","?","R","E","R","T","E","M"],"character_chosen":"DEFECT","items_purchased":[],"campfire_rested":0,"item_purchase_floors":[],"current_hp_per_floor":[60,59,59,71,71,71,39,39,39,24,24,0],"gold":126,"neow_bonus":"ONE_RARE_RELIC","is_prod":false,"is_daily":false,"chose_seed":false,"campfire_upgraded":2,"win_rate":0,"timestamp":1537653834,"path_taken":["M","M","M","?","?","R","E","R","T","E","M","E"],"build_version":"2018-09-20","purchased_purges":0,"victory":false,"max_hp_per_floor":[71,71,71,71,71,71,71,71,71,71,71,71],"card_choices":[{"not_picked":["Steam","Hologram"],"picked":"Gash","floor":1},{"not_picked":["Hologram","Go for the Eyes"],"picked":"Beam Cell","floor":2},{"not_picked":["Undo","Storm"],"picked":"Core Surge","floor":3},{"not_picked":["Compile Driver","Turbo"],"picked":"Tempest","floor":7},{"not_picked":["Redo","Cold Snap"],"picked":"BootSequence","floor":10},{"not_picked":["Scrape","Barrage"],"picked":"Capacitor","floor":11}],"player_experience":482675,"relics_obtained":[{"floor":7,"key":"Letter Opener"},{"floor":9,"key":"Symbiotic Virus"},{"floor":10,"key":"Bottled Flame"}],"event_choices":[{"event_name":"Wheel of Change","player_choice":"Full Heal","floor":4,"damage_taken":0},{"event_name":"WeMeetAgain","player_choice":"Card","floor":5,"damage_taken":0}],"is_beta":true,"boss_relics":[],"items_purged_floors":[],"is_endless":false,"potions_floor_spawned":[7,10,11],"killed_by":"Lagavulin","ascension_level":14}