{"gold_per_floor":[111,0,0,19,35,35,69,144,167,167,167,238,238,254,254,254],"floor_reached":16,"playtime":561,"items_purged":[],"score":196,"play_id":"1b437120-d6b5-4931-b935-a4af1de2ceda","local_time":"20190829005655","is_ascension_mode":true,"campfire_choices":[{"data":"Crippling Poison","floor":6,"key":"SMITH"},{"floor":11,"key":"REST"},{"data":"Deadly Poison","floor":13,"key":"SMITH"},{"data":"Poisoned Stab","floor":15,"key":"SMITH"}],"neow_cost":"NONE","seed_source_timestamp":54478982870535,"circlet_count":0,"master_deck":["AscendersBane","Strike_G","Strike_G","Strike_G","Strike_G","Strike_G","Defend_G","Defend_G","Defend_G","Defend_G","Defend_G","Survivor","Neutralize","Deadly Poison+1","Noxious Fumes+1","Quick Slash","Crippling Poison+1","Backflip","PiercingWail","Dodge and Roll","Poisoned Stab+1"],"relics":["Ring of the Snake","Art of War","Golden Idol","PreservedInsect","Potion Belt","Meat on the Bone"],"potions_floor_usage":[12,16],"damage_taken":[{"damage":3,"enemies":"Cultist","floor":1,"turns":4},{"damage":4,"enemies":"Small Slimes","floor":4,"turns":4},{"damage":2,"enemies":"2 Louse","floor":5,"turns":3},{"damage":28,"enemies":"3 Sentries","floor":7,"turns":9},{"damage":6,"enemies":"Gremlin Nob","floor":12,"turns":3},{"damage":0,"enemies":"2 Fungi Beasts","floor":14,"turns":3},{"damage":53,"enemies":"Slime Boss","floor":16,"turns":9}],"seed_played":"345795997217310698","potions_obtained":[{"floor":1,"key":"FearPotion"},{"floor":12,"key":"FairyPotion"},{"floor":14,"key":"EssenceOfSteel"}],"is_trial":false,"path_per_floor":["M","$","?","M","M","R","E","?","T","?","R","?","R","M","R","B"],"character_chosen":"THE_SILENT","items_purchased":["Noxious Fumes","Quick Slash"],"campfire_rested":1,"item_purchase_floors":[2,2],"current_hp_per_floor":[56,56,56,52,50,50,22,11,11,11,29,23,23,35,35,0],"gold":254,"neow_bonus":"RANDOM_COMMON_RELIC","is_prod":false,"is_daily":false,"chose_seed":false,"campfire_upgraded":3,"win_rate":0,"timestamp":1567033015,"path_taken":["M","?","?","M","M","R","E","?","T","?","R","?","R","M","R","BOSS"],"build_version":"2019-07-17","purchased_purges":0,"victory":false,"max_hp_per_floor":[66,66,60,60,60,60,60,60,60,60,60,60,60,60,60,60],"card_choices":[{"not_picked":["Terror","Skewer"],"picked":"Deadly Poison","floor":1},{"not_picked":["Poisoned Stab","Sucker Punch"],"picked":"Crippling Poison","floor":4},{"not_picked":["Sucker Punch","Dagger Throw"],"picked":"Backflip","floor":5},{"not_picked":["Tools of the Trade","Backflip"],"picked":"PiercingWail","floor":7},{"not_picked":["Quick Slash","Prepared"],"picked":"Dodge and Roll","floor":12},{"not_picked":["Dagger Spray","Underhanded Strike"],"picked":"Poisoned Stab","floor":14}],"player_experience":1984200,"relics_obtained":[{"floor":7,"key":"PreservedInsect"},{"floor":9,"key":"Potion Belt"},{"floor":12,"key":"Meat on the Bone"}],"event_choices":[{"damage_healed":0,"gold_gain":0,"player_choice":"Lose Max HP","damage_taken":0,"relics_obtained":["Golden Idol"],"max_hp_gain":0,"max_hp_loss":6,"event_name":"Golden Idol","floor":3,"gold_loss":0},{"damage_healed":0,"gold_gain":75,"player_choice":"Gather Gold","damage_taken":11,"max_hp_gain":0,"max_hp_loss":0,"event_name":"World of Goop","floor":8,"gold_loss":0},{"damage_healed":0,"gold_gain":0,"player_choice":"Grow","damage_taken":0,"max_hp_gain":0,"max_hp_loss":0,"event_name":"Living Wall","floor":10,"gold_loss":0,"cards_upgraded":["Noxious Fumes"]},{"damage_healed":0,"gold_gain":0,"player_choice":"Searched \u00271\u0027 times","damage_taken":0,"max_hp_gain":0,"max_hp_loss":0,"event_name":"Dead Adventurer","floor":12,"gold_loss":0}],"is_beta":false,"boss_relics":[],"items_purged_floors":[],"is_endless":false,"potions_floor_spawned":[1,12,14],"killed_by":"Slime Boss","ascension_level":20}