{"gold_per_floor":[110,110,57,68,68,394,404,404,404,404,415,443,443,478,478,478],"floor_reached":16,"playtime":389,"items_purged":[],"score":286,"play_id":"821ef171-b0e6-4b75-a068-bbddfe09fe25","local_time":"20190130234339","is_ascension_mode":true,"campfire_choices":[{"data":"infinitespire:OneForAll","floor":8,"key":"SMITH"},{"data":"1","floor":13,"key":"LIFT"},{"data":"2","floor":15,"key":"LIFT"}],"neow_cost":"NONE","seed_source_timestamp":48980154203572,"circlet_count":0,"master_deck":["AscendersBane","Strike_R","Strike_R","Strike_R","Strike_R","Strike_R","Defend_R","Defend_R","Defend_R","Defend_R","Bash+1","Clothesline+1","Anger","infinitespire:OneForAll+1","Cleave","Rampage"],"relics":["Burning Blood","NeowsBlessing","Old Coin","Girya","Anchor","infinitespire:Bottled Soul","Blood Vial"],"potions_floor_usage":[12,16,16],"damage_taken":[{"damage":0,"enemies":"2 Louse","floor":1,"turns":1},{"damage":0,"enemies":"Cultist","floor":4,"turns":1},{"damage":0,"enemies":"3 Sentries","floor":6,"turns":1},{"damage":4,"enemies":"infinitespire:Voidling","floor":7,"turns":3},{"damage":24,"enemies":"3 Louse","floor":11,"turns":4},{"damage":32,"enemies":"Gremlin Nob","floor":12,"turns":4},{"damage":25,"enemies":"Lagavulin","floor":14,"turns":6},{"damage":31,"enemies":"Hexaghost","floor":16,"turns":8}],"seed_played":"-2480132218377577775","potions_obtained":[{"floor":4,"key":"Regen Potion"},{"floor":12,"key":"AttackPotion"}],"is_trial":false,"path_per_floor":["M","?","$","M","$","E","M","R","T","?","M","E","R","E","R","B"],"character_chosen":"IRONCLAD","items_purchased":["Fire Potion"],"campfire_rested":0,"item_purchase_floors":[3],"current_hp_per_floor":[74,74,74,75,75,75,75,75,75,75,57,43,43,24,24,0],"gold":478,"neow_bonus":"THREE_ENEMY_KILL","is_prod":false,"is_daily":false,"chose_seed":false,"campfire_upgraded":1,"win_rate":0,"timestamp":1548888219,"path_taken":["M","?","$","?","$","E","?","R","T","?","M","E","R","E","R","BOSS"],"build_version":"2019-01-23","purchased_purges":0,"victory":false,"max_hp_per_floor":[75,75,75,75,75,75,75,75,75,75,75,75,75,75,75,75],"card_choices":[{"not_picked":["Shrug It Off","Pommel Strike"],"picked":"Clothesline","floor":1},{"not_picked":["Havoc","Intimidate"],"picked":"Anger","floor":4},{"not_picked":["Intimidate","Clash","Entrench"],"picked":"SKIP","floor":6},{"not_picked":["True Grit","Bloodletting"],"picked":"infinitespire:OneForAll","floor":7},{"not_picked":["Sword Boomerang","Anger"],"picked":"Cleave","floor":11},{"not_picked":["Bludgeon","Exhume"],"picked":"Rampage","floor":12},{"not_picked":["Warcry","Searing Blow","Fire Breathing"],"picked":"SKIP","floor":14}],"player_experience":1191517,"relics_obtained":[{"floor":6,"key":"Old Coin"},{"floor":9,"key":"Girya"},{"floor":12,"key":"Anchor"},{"floor":14,"key":"Blood Vial"}],"event_choices":[{"damage_healed":0,"gold_gain":0,"player_choice":"Upgraded","damage_taken":0,"max_hp_gain":0,"max_hp_loss":0,"event_name":"Upgrade Shrine","floor":2,"gold_loss":0,"cards_upgraded":["Clothesline"]},{"damage_healed":0,"gold_gain":0,"player_choice":"Grow","damage_taken":0,"max_hp_gain":0,"max_hp_loss":0,"event_name":"Living Wall","floor":10,"gold_loss":0,"cards_upgraded":["Bash"]}],"is_beta":false,"boss_relics":[],"items_purged_floors":[],"is_endless":false,"potions_floor_spawned":[4,11,12],"killed_by":"Hexaghost","ascension_level":20}