{"gold_per_floor":[217,217,167,167,185,219,219,16,43,43,69,86,115,134,134,235,235,247,162,87,87,42,56,81,81,81,107,107,167,183,199,199,301,301,318,138,162,162,162,191,191,221,276,308,358,91,104,115,115,115,115,115,115,140,140],"floor_reached":56,"playtime":2424,"items_purged":["Strike_R","Strike_R"],"score":1485,"play_id":"bc7a7db8-6e7a-44d2-b1ca-1cd432119711","local_time":"20190412181926","is_ascension_mode":true,"campfire_choices":[{"data":"Bash","floor":7,"key":"SMITH"},{"data":"Corruption","floor":10,"key":"SMITH"},{"data":"Flame Barrier","floor":15,"key":"SMITH"},{"data":"Feed","floor":25,"key":"SMITH"},{"data":"Spot Weakness","floor":32,"key":"SMITH"},{"floor":49,"key":"RECALL"},{"data":"Apotheosis","floor":52,"key":"SMITH"}],"neow_cost":"NONE","seed_source_timestamp":26450903538127,"circlet_count":0,"master_deck":["Strike_R","Defend_R+1","Defend_R","Defend_R","Bash+1","Spot Weakness+1","Headbutt","Shockwave","Corruption+1","Shrug It Off","Pummel","Flame Barrier+1","Battle Trance","Feed+1","Shrug It Off+1","RitualDagger","Heavy Blade","Anger+1","Immolate+1","Shrug It Off+1","Evolve+1","Limit Break","Shrug It Off","Apotheosis+1","Spot Weakness+1","Shrug It Off","True Grit+1"],"relics":["Burning Blood","Centennial Puzzle","PreservedInsect","Orichalcum","Strawberry","Philosopher\u0027s Stone","War Paint","Red Skull","Art of War","Tiny Chest","Runic Pyramid","Bag of Preparation","Happy Flower","Vajra","Ornamental Fan","Oddly Smooth Stone","Anchor","Torii"],"potions_floor_usage":[6,33,55,55],"damage_taken":[{"damage":1,"enemies":"Cultist","floor":1,"turns":4},{"damage":7,"enemies":"2 Louse","floor":5,"turns":2},{"damage":24,"enemies":"3 Sentries","floor":6,"turns":9},{"damage":26,"enemies":"Gremlin Nob","floor":11,"turns":4},{"damage":0,"enemies":"Small Slimes","floor":12,"turns":2},{"damage":5,"enemies":"Lagavulin","floor":13,"turns":5},{"damage":0,"enemies":"Exordium Thugs","floor":14,"turns":4},{"damage":47,"enemies":"Hexaghost","floor":16,"turns":10},{"damage":10,"enemies":"3 Byrds","floor":18,"turns":4},{"damage":0,"enemies":"2 Thieves","floor":23,"turns":4},{"damage":5,"enemies":"Book of Stabbing","floor":24,"turns":4},{"damage":8,"enemies":"Slavers","floor":27,"turns":4},{"damage":23,"enemies":"Gremlin Leader","floor":29,"turns":6},{"damage":18,"enemies":"Snake Plant","floor":30,"turns":3},{"damage":0,"enemies":"Cultist and Chosen","floor":31,"turns":4},{"damage":54,"enemies":"Champ","floor":33,"turns":17},{"damage":6,"enemies":"3 Darklings","floor":35,"turns":5},{"damage":3,"enemies":"Reptomancer","floor":40,"turns":4},{"damage":0,"enemies":"Giant Head","floor":42,"turns":5},{"damage":0,"enemies":"Reptomancer","floor":44,"turns":3},{"damage":0,"enemies":"3 Shapes","floor":47,"turns":2},{"damage":3,"enemies":"Writhing Mass","floor":48,"turns":5},{"damage":23,"enemies":"Time Eater","floor":50,"turns":8},{"damage":18,"enemies":"Shield and Spear","floor":54,"turns":5},{"damage":64,"enemies":"The Heart","floor":55,"turns":8}],"seed_played":"-6918632403068791731","potions_obtained":[{"floor":1,"key":"PowerPotion"},{"floor":5,"key":"Fire Potion"},{"floor":12,"key":"SpeedPotion"},{"floor":13,"key":"SkillPotion"},{"floor":31,"key":"Fire Potion"},{"floor":33,"key":"BloodPotion"}],"is_trial":false,"path_per_floor":["M","?","?","?","M","E","R","$","T","R","E","M","E","M","R","B",null,"M","?","?","?","$","M","E","R","T","E","?","E","M","M","R","B",null,"M","$","T","?","?","E","?","E","T","E","T","$","M","M","R","B",null,"R","$","E","B",null],"character_chosen":"IRONCLAD","items_purchased":["Corruption","Shrug It Off","Pummel","Heavy Blade","Shrug It Off","PowerPotion","Shrug It Off","Anchor"],"campfire_rested":0,"item_purchase_floors":[8,8,8,22,36,36,46,46],"current_hp_per_floor":[80,85,85,85,84,66,66,66,66,66,46,52,60,66,66,25,92,91,91,91,85,85,94,98,98,98,100,100,87,79,89,89,45,121,125,125,125,115,115,122,122,132,132,137,137,137,141,145,145,132,149,149,149,141,83],"gold":140,"neow_bonus":"HUNDRED_GOLD","is_prod":false,"is_daily":false,"chose_seed":false,"campfire_upgraded":6,"win_rate":0,"timestamp":1555085966,"path_taken":["M","?","?","?","M","E","R","$","T","R","E","M","E","M","R","BOSS","M","?","?","?","$","M","E","R","T","E","?","E","M","M","R","BOSS","M","$","?","?","?","E","?","E","T","E","?","$","M","M","R","BOSS","R","$","E","BOSS"],"build_version":"2019-01-23","purchased_purges":2,"victory":true,"max_hp_per_floor":[80,85,85,85,85,85,85,85,85,85,85,85,92,92,92,92,92,95,95,95,95,95,98,101,101,101,105,105,109,113,117,117,121,121,125,125,125,125,125,129,129,133,133,137,137,137,141,145,145,149,149,149,149,153,153],"card_choices":[{"not_picked":["Iron Wave","Inflame"],"picked":"Spot Weakness","floor":1},{"not_picked":["Power Through","Wild Strike"],"picked":"Headbutt","floor":5},{"not_picked":["Sever Soul","Combust"],"picked":"Shockwave","floor":6},{"not_picked":["Clothesline","Thunderclap"],"picked":"Flame Barrier","floor":11},{"not_picked":["Iron Wave","True Grit"],"picked":"Evolve","floor":12},{"not_picked":["Flex","Uppercut"],"picked":"Battle Trance","floor":13},{"not_picked":["Cleave","Wild Strike","Clothesline"],"picked":"SKIP","floor":14},{"not_picked":["Impervious","Bludgeon"],"picked":"Feed","floor":16},{"not_picked":["Dual Wield","True Grit"],"picked":"Shrug It Off","floor":18},{"not_picked":["Iron Wave","Wild Strike","Dropkick"],"picked":"SKIP","floor":23},{"not_picked":["Bloodletting+1","Entrench"],"picked":"Anger+1","floor":24},{"not_picked":["Sword Boomerang","Warcry"],"picked":"Immolate","floor":27},{"not_picked":["True Grit","Body Slam"],"picked":"Shrug It Off+1","floor":29},{"not_picked":["Heavy Blade","Sever Soul","Twin Strike"],"picked":"SKIP","floor":30},{"not_picked":["Sever Soul","Combust"],"picked":"Evolve+1","floor":31},{"not_picked":["Demon Form","Exhume"],"picked":"Limit Break","floor":33},{"not_picked":["Headbutt","Warcry+1","Body Slam+1"],"picked":"SKIP","floor":35},{"not_picked":["Bandage Up","Blind"],"picked":"Apotheosis","floor":38},{"not_picked":["Brutality","Immolate"],"picked":"Spot Weakness+1","floor":40},{"not_picked":["Carnage+1","Power Through+1","Thunderclap"],"picked":"SKIP","floor":42},{"not_picked":["Blood for Blood+1","Iron Wave+1","Rampage+1"],"picked":"SKIP","floor":44},{"not_picked":["Combust+1","Cleave"],"picked":"True Grit+1","floor":47},{"not_picked":["Burning Pact+1","Second Wind","Sword Boomerang+1"],"picked":"SKIP","floor":48},{"not_picked":["Flex+1","True Grit","Iron Wave"],"picked":"SKIP","floor":54}],"player_experience":1588856,"relics_obtained":[{"floor":6,"key":"Centennial Puzzle"},{"floor":9,"key":"PreservedInsect"},{"floor":11,"key":"Orichalcum"},{"floor":13,"key":"Strawberry"},{"floor":26,"key":"Red Skull"},{"floor":27,"key":"Art of War"},{"floor":29,"key":"Tiny Chest"},{"floor":37,"key":"Bag of Preparation"},{"floor":40,"key":"Happy Flower"},{"floor":42,"key":"Vajra"},{"floor":44,"key":"Ornamental Fan"},{"floor":45,"key":"Oddly Smooth Stone"},{"floor":54,"key":"Torii"}],"event_choices":[{"damage_healed":0,"gold_gain":0,"player_choice":"Donut","damage_taken":0,"max_hp_gain":5,"max_hp_loss":0,"event_name":"Big Fish","floor":2,"gold_loss":0},{"cards_removed":["Strike_R"],"damage_healed":0,"gold_gain":0,"player_choice":"Card Removal","damage_taken":0,"max_hp_gain":0,"max_hp_loss":0,"event_name":"The Cleric","floor":3,"gold_loss":50},{"cards_removed":["Defend_R"],"damage_healed":0,"gold_gain":0,"player_choice":"Offered Basic","damage_taken":0,"max_hp_gain":0,"max_hp_loss":0,"event_name":"Bonfire Elementals","floor":4,"gold_loss":0},{"damage_healed":0,"gold_gain":0,"player_choice":"Obtained Relic","damage_taken":0,"relics_obtained":["War Paint"],"max_hp_gain":0,"max_hp_loss":0,"event_name":"Addict","floor":19,"gold_loss":85},{"cards_removed":["Strike_R"],"damage_healed":0,"gold_gain":0,"player_choice":"Gave Gold","damage_taken":0,"max_hp_gain":0,"max_hp_loss":0,"event_name":"Beggar","floor":20,"gold_loss":75},{"damage_healed":0,"gold_gain":0,"player_choice":"Joined the Cult","damage_taken":6,"max_hp_gain":0,"max_hp_loss":0,"event_name":"Nest","floor":21,"gold_loss":0,"cards_obtained":["RitualDagger"]},{"damage_healed":0,"gold_gain":0,"player_choice":"Upgraded","damage_taken":0,"max_hp_gain":0,"max_hp_loss":0,"event_name":"Upgrade Shrine","floor":28,"gold_loss":0,"cards_upgraded":["Immolate"]},{"damage_healed":0,"gold_gain":0,"player_choice":"Memory 3","damage_taken":10,"max_hp_gain":0,"max_hp_loss":0,"event_name":"SensoryStone","floor":38,"gold_loss":0},{"cards_removed":["Evolve"],"damage_healed":0,"gold_gain":0,"player_choice":"Removed Power","damage_taken":0,"max_hp_gain":0,"max_hp_loss":0,"event_name":"Falling","floor":39,"gold_loss":0},{"damage_healed":0,"gold_gain":0,"player_choice":"Ignored","damage_taken":0,"max_hp_gain":0,"max_hp_loss":0,"event_name":"Tomb of Lord Red Mask","floor":41,"gold_loss":0}],"is_beta":false,"boss_relics":[{"not_picked":["Runic Dome","Mark of Pain"],"picked":"Philosopher\u0027s Stone"},{"not_picked":["Calling Bell","Empty Cage"],"picked":"Runic Pyramid"}],"items_purged_floors":[36,46],"is_endless":false,"potions_floor_spawned":[1,5,12,13,23,27,31,33,35,40,48],"ascension_level":1}