{"gold_per_floor":[109,127,147,0,0,33,49,114,183,183,199,199,47,59,59,161,161,178,190,209,209,42,42],"floor_reached":23,"playtime":2213,"items_purged":["Strike_G","Strike_G"],"score":223,"play_id":"8cddce36-c193-433d-88ab-49d2c0172441","local_time":"20190922232650","is_ascension_mode":true,"campfire_choices":[{"data":"Neutralize","floor":10,"key":"SMITH"},{"data":"Skewer","floor":15,"key":"SMITH"}],"neow_cost":"NONE","seed_source_timestamp":956185909170500,"circlet_count":0,"master_deck":["Strike_G","Strike_G","Strike_G","Defend_G","Defend_G","Defend_G","Defend_G","Defend_G","Survivor","Neutralize+1","Well Laid Plans","Deadly Poison","Infinite Blades","Skewer+1","Deflect","Quick Slash","Blade Dance","Dodge and Roll","Dagger Throw","After Image","Quick Slash","Skewer","Poisoned Stab","Reflex"],"relics":["Ring of the Snake","Sundial","WingedGreaves","Tiny Chest","Vajra","HoveringKite"],"potions_floor_usage":[6,8,8,14,20,23],"damage_taken":[{"damage":1,"enemies":"Cultist","floor":1,"turns":4},{"damage":7,"enemies":"Jaw Worm","floor":2,"turns":4},{"damage":1,"enemies":"Small Slimes","floor":3,"turns":3},{"damage":26,"enemies":"3 Sentries","floor":6,"turns":8},{"damage":3,"enemies":"Blue Slaver","floor":7,"turns":3},{"damage":4,"enemies":"Gremlin Nob","floor":8,"turns":4},{"damage":5,"enemies":"Exordium Thugs","floor":11,"turns":5},{"damage":0,"enemies":"Large Slime","floor":14,"turns":5},{"damage":3,"enemies":"Slime Boss","floor":16,"turns":9},{"damage":0,"enemies":"Chosen","floor":18,"turns":4},{"damage":18,"enemies":"3 Byrds","floor":19,"turns":6},{"damage":20,"enemies":"Shelled Parasite and Fungi","floor":20,"turns":9},{"damage":43,"enemies":"Gremlin Leader","floor":23,"turns":6}],"seed_played":"3321547765181319260","potions_obtained":[{"floor":1,"key":"SteroidPotion"},{"floor":6,"key":"AttackPotion"},{"floor":7,"key":"AttackPotion"},{"floor":11,"key":"Fire Potion"},{"floor":18,"key":"Poison Potion"},{"floor":19,"key":"GhostInAJar"},{"floor":20,"key":"GamblersBrew"}],"is_trial":false,"path_per_floor":["M","M","M","$","?","E","M","E","T","R","M","?","$","M","R","B",null,"M","M","M","?","$","E"],"character_chosen":"THE_SILENT","items_purchased":["Skewer","Vajra","Reflex"],"campfire_rested":0,"item_purchase_floors":[4,13,22],"current_hp_per_floor":[76,69,68,68,56,30,27,23,23,23,18,23,23,23,23,20,82,82,64,44,36,36,0],"gold":42,"neow_bonus":"TEN_PERCENT_HP_BONUS","is_prod":false,"is_daily":false,"chose_seed":false,"campfire_upgraded":2,"win_rate":0,"timestamp":1569205610,"path_taken":["M","M","M","?","?","E","M","E","T","R","M","?","$","M","R","BOSS","M","M","M","?","$","E"],"build_version":"2019-07-17","purchased_purges":2,"victory":false,"max_hp_per_floor":[77,77,77,77,77,77,77,77,77,77,77,82,82,82,82,82,82,82,82,82,82,82,82],"card_choices":[{"not_picked":["Skewer","Expertise"],"picked":"Well Laid Plans","floor":1},{"not_picked":["Backflip","Bane"],"picked":"Deadly Poison","floor":2},{"not_picked":["Caltrops","PiercingWail"],"picked":"Infinite Blades","floor":3},{"not_picked":["Bouncing Flask","Skewer"],"picked":"Deflect","floor":6},{"not_picked":["Endless Agony","Backflip"],"picked":"Quick Slash","floor":7},{"not_picked":["Riddle With Holes","Skewer"],"picked":"Blade Dance","floor":8},{"not_picked":["Blade Dance","Sucker Punch"],"picked":"Dodge and Roll","floor":11},{"not_picked":["Bouncing Flask","Accuracy"],"picked":"Dagger Throw","floor":14},{"not_picked":["Envenom","Wraith Form v2"],"picked":"After Image","floor":16},{"not_picked":["Bouncing Flask+1","Deadly Poison+1"],"picked":"Quick Slash","floor":18},{"not_picked":["Dodge and Roll+1","Quick Slash"],"picked":"Skewer","floor":19},{"not_picked":["Flechettes","Accuracy"],"picked":"Poisoned Stab","floor":20}],"player_experience":93780,"relics_obtained":[{"floor":6,"key":"WingedGreaves"},{"floor":8,"key":"Tiny Chest"}],"event_choices":[{"damage_healed":0,"gold_gain":0,"player_choice":"Success","damage_taken":12,"relics_obtained":["Sundial"],"max_hp_gain":0,"max_hp_loss":0,"event_name":"Scrap Ooze","floor":5,"gold_loss":0},{"damage_healed":0,"gold_gain":0,"player_choice":"Donut","damage_taken":0,"max_hp_gain":5,"max_hp_loss":0,"event_name":"Big Fish","floor":12,"gold_loss":0},{"damage_healed":0,"gold_gain":0,"player_choice":"Damaged","damage_taken":8,"max_hp_gain":0,"max_hp_loss":0,"event_name":"Wheel of Change","floor":21,"gold_loss":0}],"is_beta":false,"boss_relics":[{"not_picked":["Orrery","Astrolabe"],"picked":"HoveringKite"}],"items_purged_floors":[4,22],"is_endless":false,"potions_floor_spawned":[1,6,7,11,18,19,20],"killed_by":"Gremlin Leader","ascension_level":2}