{"gold_per_floor":[110,260,18,30,50,83,83,115,115,115,136,150,181,201,201,201],"floor_reached":16,"playtime":1148,"items_purged":[],"score":290,"play_id":"4c73ddcd-46c6-4952-a254-a6553040b71a","local_time":"20190402222043","is_ascension_mode":true,"campfire_choices":[{"data":"Defragment","floor":7,"key":"SMITH"},{"data":"Undo","floor":10,"key":"SMITH"},{"data":"Coolheaded","floor":15,"key":"SMITH"}],"neow_cost":"NONE","seed_source_timestamp":45256512813477,"circlet_count":0,"master_deck":["AscendersBane","Strike_B","Strike_B","Strike_B","Strike_B","Defend_B","Defend_B","Defend_B","Defend_B","Zap+1","Dualcast","Sweeping Beam","Doubt","Defragment+1","Undo+1","Cold Snap","Conserve Battery","Coolheaded+1","Coolheaded"],"relics":["Cracked Core","DataDisk","Oddly Smooth Stone","Gremlin Horn","Odd Mushroom","Bag of Marbles"],"potions_floor_usage":[13,14],"damage_taken":[{"damage":2,"enemies":"Jaw Worm","floor":1,"turns":2},{"damage":3,"enemies":"Small Slimes","floor":4,"turns":2},{"damage":0,"enemies":"2 Louse","floor":5,"turns":2},{"damage":18,"enemies":"Lagavulin","floor":6,"turns":7},{"damage":9,"enemies":"3 Sentries","floor":8,"turns":9},{"damage":6,"enemies":"The Mushroom Lair","floor":11,"turns":4},{"damage":10,"enemies":"Blue Slaver","floor":12,"turns":4},{"damage":0,"enemies":"Gremlin Nob","floor":13,"turns":5},{"damage":4,"enemies":"Exordium Wildlife","floor":14,"turns":7},{"damage":13,"enemies":"Hexaghost","floor":16,"turns":15}],"seed_played":"5685464727546771677","potions_obtained":[{"floor":6,"key":"Weak Potion"},{"floor":8,"key":"EssenceOfSteel"},{"floor":14,"key":"Explosive Potion"}],"is_trial":false,"path_per_floor":["M","?","$","M","M","E","R","E","T","R","?","M","E","M","R","B"],"character_chosen":"DEFECT","items_purchased":["DataDisk","Defragment"],"campfire_rested":0,"item_purchase_floors":[3,3],"current_hp_per_floor":[62,62,62,59,59,41,41,32,32,32,26,16,16,12,12,0],"gold":201,"neow_bonus":"UPGRADE_CARD","is_prod":false,"is_daily":false,"chose_seed":false,"campfire_upgraded":3,"win_rate":0,"timestamp":1554236443,"path_taken":["M","?","$","M","M","E","R","E","T","R","?","?","E","M","R","BOSS"],"build_version":"2019-01-23","purchased_purges":0,"victory":false,"max_hp_per_floor":[71,71,71,71,71,71,71,71,71,71,71,71,71,71,71,71],"card_choices":[{"not_picked":["Redo","Leap"],"picked":"Sweeping Beam","floor":1},{"not_picked":["Recycle","Redo"],"picked":"Undo","floor":4},{"not_picked":["Rip and Tear","Gash"],"picked":"Cold Snap","floor":5},{"not_picked":["Streamline","Double Energy","Steam"],"picked":"SKIP","floor":6},{"not_picked":["Force Field","Sunder"],"picked":"Conserve Battery","floor":8},{"not_picked":["Beam Cell","Sweeping Beam"],"picked":"Coolheaded","floor":11},{"not_picked":["Chaos","Rebound","Go for the Eyes"],"picked":"SKIP","floor":12},{"not_picked":["Gash","All For One"],"picked":"Coolheaded","floor":13},{"not_picked":["Sweeping Beam","BootSequence","Sunder"],"picked":"SKIP","floor":14}],"player_experience":1527165,"relics_obtained":[{"floor":6,"key":"Oddly Smooth Stone"},{"floor":9,"key":"Gremlin Horn"},{"floor":11,"key":"Odd Mushroom"},{"floor":13,"key":"Bag of Marbles"}],"event_choices":[{"damage_healed":0,"gold_gain":150,"player_choice":"AGREE","damage_taken":0,"max_hp_gain":0,"max_hp_loss":0,"event_name":"Liars Game","floor":2,"gold_loss":0,"cards_obtained":["Doubt"]},{"damage_healed":0,"gold_gain":0,"player_choice":"Fought Mushrooms","damage_taken":0,"max_hp_gain":0,"max_hp_loss":0,"event_name":"Mushrooms","floor":11,"gold_loss":0}],"is_beta":false,"boss_relics":[],"items_purged_floors":[],"is_endless":false,"potions_floor_spawned":[6,8,11,14],"killed_by":"Hexaghost","ascension_level":20}