{"gold_per_floor":[111,124,135,146,196,196,216,216,243,268,313,327,327,362,362,434,434,446,456,456,506,516,516,516],"floor_reached":24,"playtime":747,"items_purged":[],"score":416,"play_id":"d24a980e-faaf-4a38-ade9-f48301b57ee6","local_time":"20190320162425","is_ascension_mode":true,"campfire_choices":[{"data":"Noxious Fumes","floor":6,"key":"SMITH"},{"data":"Corpse Explosion","floor":8,"key":"SMITH"},{"floor":13,"key":"REST"},{"data":"Deadly Poison","floor":15,"key":"SMITH"},{"floor":23,"key":"REST"}],"neow_cost":"NONE","seed_source_timestamp":20661573162489,"circlet_count":0,"master_deck":["AscendersBane","Defend_G","Defend_G","Defend_G","Defend_G","Defend_G","Strike_G","Strike_G+1","Strike_G","Strike_G+1","Strike_G","Survivor","Neutralize","Leg Sweep","Deadly Poison+1","Noxious Fumes+1","Corpse Explosion+1","Flying Knee","Poisoned Stab","Burst","Deadly Poison","Acrobatics","Catalyst","Footwork+1"],"relics":["Ring of the Snake","Omamori","Potion Belt","Art of War","Whetstone","Cursed Key"],"potions_floor_usage":[10,10,24,24,24],"damage_taken":[{"damage":0,"enemies":"2 Louse","floor":1,"turns":4},{"damage":3,"enemies":"Cultist","floor":2,"turns":5},{"damage":0,"enemies":"Jaw Worm","floor":3,"turns":4},{"damage":7,"enemies":"2 Fungi Beasts","floor":4,"turns":6},{"damage":15,"enemies":"Exordium Thugs","floor":7,"turns":5},{"damage":8,"enemies":"Gremlin Nob","floor":10,"turns":3},{"damage":8,"enemies":"3 Louse","floor":12,"turns":4},{"damage":10,"enemies":"Lagavulin","floor":14,"turns":6},{"damage":17,"enemies":"Hexaghost","floor":16,"turns":9},{"damage":8,"enemies":"Chosen","floor":18,"turns":5},{"damage":6,"enemies":"Spheric Guardian","floor":19,"turns":3},{"damage":41,"enemies":"Snake Plant","floor":22,"turns":6},{"damage":33,"enemies":"Slavers","floor":24,"turns":3}],"seed_played":"7497329344501940363","potions_obtained":[{"floor":2,"key":"AttackPotion"},{"floor":4,"key":"Fire Potion"},{"floor":12,"key":"Strength Potion"},{"floor":14,"key":"GamblersBrew"},{"floor":18,"key":"PowerPotion"},{"floor":19,"key":"Swift Potion"}],"is_trial":false,"path_per_floor":["M","M","M","M","?","R","M","R","T","E","T","M","R","E","R","B",null,"M","M","?","?","M","R","E"],"character_chosen":"THE_SILENT","items_purchased":[],"campfire_rested":2,"item_purchase_floors":[],"current_hp_per_floor":[65,62,62,55,55,55,40,40,40,32,32,24,45,35,35,18,59,51,45,45,45,4,25,0],"gold":516,"neow_bonus":"TEN_PERCENT_HP_BONUS","is_prod":false,"is_daily":false,"chose_seed":false,"campfire_upgraded":3,"win_rate":0,"timestamp":1553095465,"path_taken":["M","M","M","M","?","R","?","R","T","E","?","M","R","E","R","BOSS","M","M","?","?","M","R","E"],"build_version":"2019-01-23","purchased_purges":0,"victory":false,"max_hp_per_floor":[72,72,72,72,72,72,72,72,72,72,72,72,72,72,72,72,72,72,72,72,72,72,72,72],"card_choices":[{"not_picked":["Flying Knee","Deflect"],"picked":"Leg Sweep","floor":1},{"not_picked":["Prepared","Escape Plan"],"picked":"Deadly Poison","floor":2},{"not_picked":["Leg Sweep","Dodge and Roll","Slice"],"picked":"SKIP","floor":3},{"not_picked":["PiercingWail","Dodge and Roll"],"picked":"Noxious Fumes","floor":4},{"not_picked":["Predator","Poisoned Stab"],"picked":"Corpse Explosion","floor":7},{"not_picked":["Outmaneuver","Dagger Spray"],"picked":"Flying Knee","floor":10},{"not_picked":["Underhanded Strike","Acrobatics","Dagger Spray"],"picked":"SKIP","floor":12},{"not_picked":["Predator","PiercingWail"],"picked":"Poisoned Stab","floor":14},{"not_picked":["Doppelganger","Phantasmal Killer"],"picked":"Burst","floor":16},{"not_picked":["Dagger Spray","Flying Knee+1"],"picked":"Deadly Poison","floor":18},{"not_picked":["Quick Slash","Bane"],"picked":"Acrobatics","floor":19},{"not_picked":["Caltrops","Acrobatics"],"picked":"Footwork+1","floor":22}],"player_experience":1456294,"relics_obtained":[{"floor":9,"key":"Omamori"},{"floor":10,"key":"Potion Belt"},{"floor":11,"key":"Art of War"},{"floor":14,"key":"Whetstone"}],"event_choices":[{"damage_healed":0,"gold_gain":50,"player_choice":"Pray","damage_taken":0,"max_hp_gain":0,"max_hp_loss":0,"event_name":"Golden Shrine","floor":5,"gold_loss":0},{"damage_healed":0,"gold_gain":0,"player_choice":"Read","damage_taken":0,"max_hp_gain":0,"max_hp_loss":0,"event_name":"The Library","floor":20,"gold_loss":0,"cards_obtained":["Catalyst"]},{"damage_healed":0,"gold_gain":50,"player_choice":"Stole From Cult","damage_taken":0,"max_hp_gain":0,"max_hp_loss":0,"event_name":"Nest","floor":21,"gold_loss":0}],"is_beta":false,"boss_relics":[{"not_picked":["Sozu","Busted Crown"],"picked":"Cursed Key"}],"items_purged_floors":[],"is_endless":false,"potions_floor_spawned":[2,4,12,14,18,19],"killed_by":"Slavers","ascension_level":20}