{"gold_per_floor":[117,267,283,283,296,296,296,322,322,87,120,120],"floor_reached":12,"playtime":418,"items_purged":["Strike_G"],"score":172,"play_id":"2fdd9d4f-2325-4a72-894a-1373a026f7fd","local_time":"20190222112348","is_ascension_mode":true,"campfire_choices":[{"data":"Deadly Poison","floor":7,"key":"SMITH"}],"neow_cost":"NONE","seed_source_timestamp":9053301620965,"circlet_count":0,"master_deck":["AscendersBane","Defend_G","Defend_G","Defend_G","Defend_G","Defend_G","Strike_G","Strike_G","Strike_G","Survivor","Neutralize","Deadly Poison+1","Doubt","Deadly Poison","PiercingWail","Footwork","Noxious Fumes+1","Crippling Poison"],"relics":["Ring of the Snake","Pen Nib","Juzu Bracelet","Frozen Egg 2","Shovel"],"potions_floor_usage":[],"damage_taken":[{"damage":1,"enemies":"Small Slimes","floor":1,"turns":5},{"damage":2,"enemies":"2 Louse","floor":3,"turns":4},{"damage":0,"enemies":"Jaw Worm","floor":5,"turns":5},{"damage":34,"enemies":"Lagavulin","floor":8,"turns":6},{"damage":14,"enemies":"3 Sentries","floor":11,"turns":7},{"damage":8,"enemies":"Exordium Wildlife","floor":12,"turns":3}],"seed_played":"6875876537209384684","potions_obtained":[{"floor":1,"key":"FearPotion"},{"floor":3,"key":"Explosive Potion"}],"is_trial":false,"path_per_floor":["M","?","M","?","M","?","R","E","T","$","E","M"],"character_chosen":"THE_SILENT","items_purchased":["Noxious Fumes+1","Crippling Poison"],"campfire_rested":0,"item_purchase_floors":[10,10],"current_hp_per_floor":[58,58,56,49,49,54,54,20,20,20,6,0],"gold":120,"neow_bonus":"RANDOM_COMMON_RELIC","is_prod":false,"is_daily":false,"chose_seed":false,"campfire_upgraded":1,"win_rate":0,"timestamp":1550831028,"path_taken":["M","?","M","?","M","?","R","E","T","$","E","M"],"build_version":"2019-01-23","purchased_purges":1,"victory":false,"max_hp_per_floor":[66,66,66,66,66,71,71,71,71,71,71,71],"card_choices":[{"not_picked":["Caltrops","Backflip"],"picked":"Deadly Poison","floor":1},{"not_picked":["Bane","Acrobatics"],"picked":"Deadly Poison","floor":3},{"not_picked":["Sucker Punch","Choke"],"picked":"PiercingWail","floor":5},{"not_picked":["Flying Knee","Outmaneuver"],"picked":"Footwork","floor":8},{"not_picked":["Riddle With Holes","Venomology","Infinite Blades+1"],"picked":"SKIP","floor":11}],"player_experience":1328788,"relics_obtained":[{"floor":8,"key":"Juzu Bracelet"},{"floor":9,"key":"Frozen Egg 2"},{"floor":11,"key":"Shovel"}],"event_choices":[{"damage_healed":0,"gold_gain":150,"player_choice":"AGREE","damage_taken":0,"max_hp_gain":0,"max_hp_loss":0,"event_name":"Liars Game","floor":2,"gold_loss":0,"cards_obtained":["Doubt"]},{"cards_removed":["Strike_G"],"damage_healed":0,"gold_gain":0,"player_choice":"Card Removal","damage_taken":7,"max_hp_gain":0,"max_hp_loss":0,"event_name":"Golden Wing","floor":4,"gold_loss":0},{"damage_healed":0,"gold_gain":0,"player_choice":"Donut","damage_taken":0,"max_hp_gain":5,"max_hp_loss":0,"event_name":"Big Fish","floor":6,"gold_loss":0}],"is_beta":false,"boss_relics":[],"items_purged_floors":[10],"is_endless":false,"potions_floor_spawned":[1,3,11],"killed_by":"Exordium Wildlife","ascension_level":20}