{"gold_per_floor":[116,116,131,145,145,186,199,240,240,240,254,279,38,71,71,199,199,212,65,65,65,89,89,124,124,124,148,2,2],"floor_reached":29,"playtime":3376,"items_purged":["Defend_B"],"score":300,"play_id":"62acb892-8551-4313-951c-fab4f77b9224","local_time":"20190215151308","is_ascension_mode":true,"campfire_choices":[{"floor":10,"key":"REST"},{"data":"Coolheaded","floor":15,"key":"SMITH"},{"data":"Zap","floor":23,"key":"SMITH"},{"floor":25,"key":"REST"}],"neow_cost":"NONE","seed_source_timestamp":169670810624023,"circlet_count":0,"master_deck":["Strike_B","Strike_B","Strike_B","Strike_B","Defend_B","Defend_B","Zap+1","Dualcast","Compile Driver","Stack","Rip and Tear","Redo","Core Surge","Go for the Eyes","Loop","Coolheaded+1","Self Repair","Barrage","Reboot","Coolheaded","Leap","Capacitor","Go for the Eyes","Turbo","Steam Power","Defragment+1","Shame","Heatsinks","Heatsinks","Hologram+1","Genetic Algorithm+1"],"relics":["Cracked Core","Golden Idol","Shovel","Anchor","Shuriken","Dream Catcher","Bag of Preparation","Darkstone Periapt","Orrery","Toxic Egg 2","Happy Flower","Peace Pipe","PreservedInsect"],"potions_floor_usage":[8,8,14,14,24,29],"damage_taken":[{"damage":0,"enemies":"2 Louse","floor":1,"turns":2},{"damage":6,"enemies":"Jaw Worm","floor":3,"turns":2},{"damage":1,"enemies":"Cultist","floor":4,"turns":3},{"damage":14,"enemies":"Lagavulin","floor":6,"turns":7},{"damage":12,"enemies":"Large Slime","floor":7,"turns":4},{"damage":5,"enemies":"3 Sentries","floor":8,"turns":7},{"damage":2,"enemies":"Blue Slaver","floor":11,"turns":2},{"damage":0,"enemies":"Lagavulin","floor":14,"turns":5},{"damage":20,"enemies":"Hexaghost","floor":16,"turns":11},{"damage":19,"enemies":"3 Byrds","floor":18,"turns":6},{"damage":12,"enemies":"Chosen","floor":22,"turns":5},{"damage":68,"enemies":"Slavers","floor":24,"turns":6},{"damage":20,"enemies":"3 Cultists","floor":27,"turns":6},{"damage":16,"enemies":"Gremlin Leader","floor":29,"turns":5}],"seed_played":"-6299392257134848731","potions_obtained":[{"floor":3,"key":"LiquidBronze"},{"floor":7,"key":"SkillPotion"},{"floor":8,"key":"EssenceOfSteel"},{"floor":11,"key":"SkillPotion"},{"floor":18,"key":"SpeedPotion"},{"floor":27,"key":"Weak Potion"}],"is_trial":false,"path_per_floor":["M","?","M","M","?","E","M","E","T","R","M","T","$","E","R","B",null,"M","$","?","?","M","R","E","R","T","M","$","E"],"character_chosen":"DEFECT","items_purchased":["Coolheaded","Self Repair","Bag of Preparation","Defragment","PreservedInsect"],"campfire_rested":2,"item_purchase_floors":[13,13,13,19,28],"current_hp_per_floor":[82,75,69,68,48,34,22,17,17,41,39,39,39,39,39,19,82,70,70,76,76,71,71,3,29,29,16,16,0],"gold":2,"neow_bonus":"TEN_PERCENT_HP_BONUS","is_prod":false,"is_daily":false,"chose_seed":false,"campfire_upgraded":2,"win_rate":0,"timestamp":1550272388,"path_taken":["M","?","M","M","?","E","M","E","T","R","M","?","$","E","R","BOSS","M","$","?","?","M","R","E","R","T","M","$","E"],"build_version":"2019-01-23","purchased_purges":1,"victory":false,"max_hp_per_floor":[82,82,82,82,82,82,82,82,82,82,82,82,82,82,82,82,82,82,82,88,88,88,88,88,88,88,88,88,88],"card_choices":[{"not_picked":["Stack","Ball Lightning"],"picked":"Compile Driver","floor":1},{"not_picked":["Hello World","Darkness"],"picked":"Stack","floor":3},{"not_picked":["Rebound","Reinforced Body"],"picked":"Rip and Tear","floor":4},{"not_picked":["Consume","Tempest"],"picked":"Redo","floor":6},{"not_picked":["Reinforced Body","Darkness"],"picked":"Core Surge","floor":7},{"not_picked":["Steam","Stack"],"picked":"Go for the Eyes","floor":8},{"not_picked":["Sweeping Beam","Gash"],"picked":"Loop","floor":11},{"not_picked":["Force Field","Sunder"],"picked":"Barrage","floor":14},{"not_picked":["Rainbow","All For One"],"picked":"Reboot","floor":16},{"not_picked":["Redo","Rebound"],"picked":"Coolheaded","floor":17},{"not_picked":["Rebound","Auto Shields"],"picked":"Leap","floor":17},{"not_picked":["Scrape","White Noise"],"picked":"Capacitor","floor":17},{"not_picked":["Electrodynamics","Leap"],"picked":"Go for the Eyes","floor":17},{"not_picked":["Steam","Compile Driver"],"picked":"Turbo","floor":17},{"not_picked":["Steam","Sweeping Beam"],"picked":"Steam Power","floor":18},{"not_picked":["Lockon","Tempest+1"],"picked":"Heatsinks","floor":22},{"not_picked":["Compile Driver","Electrodynamics"],"picked":"Heatsinks","floor":24},{"not_picked":["Leap+1","Consume+1"],"picked":"Hologram+1","floor":25},{"not_picked":["Hologram+1","Conserve Battery+1"],"picked":"Genetic Algorithm+1","floor":27}],"player_experience":176303,"relics_obtained":[{"floor":6,"key":"Shovel"},{"floor":8,"key":"Anchor"},{"floor":9,"key":"Shuriken"},{"floor":12,"key":"Dream Catcher"},{"floor":14,"key":"Darkstone Periapt"},{"floor":24,"key":"Happy Flower"},{"floor":26,"key":"Peace Pipe"}],"event_choices":[{"cards_removed":["Defend_B"],"damage_healed":0,"gold_gain":0,"player_choice":"Card Removal","damage_taken":7,"max_hp_gain":0,"max_hp_loss":0,"event_name":"Golden Wing","floor":2,"gold_loss":0},{"damage_healed":0,"gold_gain":0,"player_choice":"Take Damage","damage_taken":20,"relics_obtained":["Golden Idol"],"max_hp_gain":0,"max_hp_loss":0,"event_name":"Golden Idol","floor":5,"gold_loss":0},{"damage_healed":0,"gold_gain":0,"player_choice":"Stole Relic","damage_taken":0,"relics_obtained":["Toxic Egg 2"],"max_hp_gain":0,"max_hp_loss":0,"event_name":"Addict","floor":20,"gold_loss":0,"cards_obtained":["Shame"]},{"damage_healed":0,"gold_gain":0,"player_choice":"Upgraded","damage_taken":0,"max_hp_gain":0,"max_hp_loss":0,"event_name":"Upgrade Shrine","floor":21,"gold_loss":0,"cards_upgraded":["Defragment"]}],"is_beta":false,"boss_relics":[{"not_picked":["Empty Cage","Ectoplasm"],"picked":"Orrery"}],"items_purged_floors":[19],"is_endless":false,"potions_floor_spawned":[3,7,8,11,18,27],"killed_by":"Gremlin Leader","ascension_level":1}