{"gold_per_floor":[109,109,109,121,140,140,158,158,158,185,198,9,9,29,29,104,104,117,137,11,29,29],"floor_reached":22,"playtime":1009,"items_purged":["Strike_G"],"score":310,"play_id":"a756a543-f61d-4c3e-aec0-fa5f3103bf1c","local_time":"20181025232017","is_ascension_mode":true,"campfire_choices":[{"data":"Neutralize","floor":6,"key":"SMITH"},{"data":"Blade Dance","floor":8,"key":"SMITH"},{"floor":15,"key":"REST"}],"neow_cost":"NONE","seed_source_timestamp":54760237573297,"circlet_count":0,"master_deck":["Defend_G","Defend_G","Defend_G","Defend_G","Defend_G+1","Strike_G+1","Strike_G","Strike_G","Strike_G","Survivor","Neutralize+1","AscendersBane","Envenom+1","Blade Dance+1","Decay","Backflip","Choke","All Out Attack","Leg Sweep","Heel Hook","Infinite Blades","Dash","Adrenaline","Finisher","Cloak And Dagger","Cloak And Dagger"],"relics":["Ring of the Snake","Pantograph","Pocketwatch","Lantern","Black Star"],"potions_floor_usage":[7,10,16,18,21,22],"damage_taken":[{"damage":0,"enemies":"Small Slimes","floor":1,"turns":4},{"damage":3,"enemies":"Jaw Worm","floor":4,"turns":4},{"damage":5,"enemies":"2 Louse","floor":5,"turns":3},{"damage":5,"enemies":"Large Slime","floor":7,"turns":7},{"damage":26,"enemies":"3 Sentries","floor":10,"turns":7},{"damage":1,"enemies":"Red Slaver","floor":11,"turns":5},{"damage":1,"enemies":"Blue Slaver","floor":14,"turns":3},{"damage":47,"enemies":"Hexaghost","floor":16,"turns":10},{"damage":33,"enemies":"Spheric Guardian","floor":18,"turns":8},{"damage":2,"enemies":"Chosen","floor":19,"turns":4},{"damage":14,"enemies":"Centurion and Healer","floor":21,"turns":7},{"damage":15,"enemies":"Snecko","floor":22,"turns":3}],"seed_played":"-3557702679179739814","potions_obtained":[{"floor":1,"key":"PowerPotion"},{"floor":4,"key":"Energy Potion"},{"floor":11,"key":"FearPotion"},{"floor":16,"key":"PowerPotion"},{"floor":18,"key":"SteroidPotion"},{"floor":19,"key":"AttackPotion"}],"is_trial":false,"path_per_floor":["M","?","?","M","M","R","M","R","T","E","M","$","?","M","R","B",null,"M","M","$","M"],"character_chosen":"THE_SILENT","items_purchased":["Infinite Blades","Lantern","Cloak And Dagger"],"campfire_rested":1,"item_purchase_floors":[12,12,20],"current_hp_per_floor":[63,63,63,60,55,55,50,50,50,24,23,23,9,8,29,7,54,21,19,19,5,0],"gold":29,"neow_bonus":"ONE_RANDOM_RARE_CARD","is_prod":false,"is_daily":false,"chose_seed":false,"campfire_upgraded":2,"win_rate":0,"timestamp":1540502417,"path_taken":["M","?","?","?","M","R","M","R","T","E","M","$","?","M","R","BOSS","M","M","$","M","M"],"build_version":"2018-10-25","purchased_purges":1,"victory":false,"max_hp_per_floor":[70,70,70,70,70,70,70,70,70,70,70,70,70,70,70,70,70,70,70,70,70,70],"card_choices":[{"not_picked":["Reflex","Slice"],"picked":"Blade Dance","floor":1},{"not_picked":["Finisher","Concentrate"],"picked":"Backflip","floor":4},{"not_picked":["Riddle With Holes","Sucker Punch"],"picked":"Choke","floor":5},{"not_picked":["PiercingWail","Prepared"],"picked":"All Out Attack","floor":7},{"not_picked":["Sucker Punch","Tactician"],"picked":"Leg Sweep","floor":10},{"not_picked":["Choke","Eviscerate"],"picked":"Heel Hook","floor":11},{"not_picked":["Blade Dance","Tools of the Trade"],"picked":"Dash","floor":14},{"not_picked":["Venomology","Unload"],"picked":"Adrenaline","floor":16},{"not_picked":["Deflect","Calculated Gamble","Outmaneuver"],"picked":"SKIP","floor":18},{"not_picked":["Bane","Cloak And Dagger"],"picked":"Finisher","floor":19},{"not_picked":["Slice","Dagger Throw"],"picked":"Cloak And Dagger","floor":21}],"player_experience":678746,"relics_obtained":[{"floor":9,"key":"Pantograph"},{"floor":10,"key":"Pocketwatch"}],"event_choices":[{"damage_healed":0,"gold_gain":0,"player_choice":"Grow","damage_taken":0,"max_hp_gain":0,"max_hp_loss":0,"event_name":"Living Wall","floor":2,"gold_loss":0,"cards_upgraded":["Envenom"]},{"damage_healed":0,"gold_gain":0,"player_choice":"Cursed","damage_taken":0,"max_hp_gain":0,"max_hp_loss":0,"event_name":"Wheel of Change","floor":3,"gold_loss":0,"cards_obtained":["Decay"]},{"damage_healed":0,"gold_gain":0,"player_choice":"Entered Light","damage_taken":14,"max_hp_gain":0,"max_hp_loss":0,"event_name":"Shining Light","floor":13,"gold_loss":0,"cards_upgraded":["Strike_G","Defend_G"]}],"is_beta":true,"boss_relics":[{"not_picked":["Runic Pyramid","Runic Dome"],"picked":"Black Star"}],"items_purged_floors":[20],"is_endless":false,"potions_floor_spawned":[1,4,5,11,16,18,19],"killed_by":"Snecko","ascension_level":13}