{"gold_per_floor":[110,110,125,200,200,231,231,251,251,284,284,312,277,201,201,273,273,292,126,41,51,67,67,97,97,122,122,156,171,171,197,197,275,275,290,306,306,326,157,188,17,17,43,73,73],"floor_reached":45,"playtime":1152,"items_purged":[],"score":1140,"play_id":"3ed4b4f5-1920-4565-b920-82801ac041d6","local_time":"20190126205143","is_ascension_mode":true,"campfire_choices":[{"data":"Perfected Strike","floor":7,"key":"SMITH"},{"data":"Double Tap","floor":11,"key":"SMITH"},{"data":"Whirlwind","floor":15,"key":"SMITH"},{"data":"Limit Break","floor":23,"key":"SMITH"},{"data":"Inflame","floor":25,"key":"SMITH"},{"data":"Inflame","floor":27,"key":"SMITH"},{"floor":32,"key":"REST"}],"neow_cost":"NONE","seed_source_timestamp":28937536172859,"circlet_count":0,"master_deck":["AscendersBane","Strike_R","Strike_R","Strike_R","Strike_R","Strike_R","Defend_R","Defend_R","Defend_R","Bash","Perfected Strike+1","Double Tap+1","Pommel Strike","Anger","Inflame+1","Ghostly Armor+1","Inflame+1","Whirlwind+1","Limit Break+1","Pommel Strike","Reaper","Twin Strike","Twin Strike","Demon Form","Dual Wield+1","Perfected Strike+1","Master of Strategy","Violence","Pommel Strike","Perfected Strike"],"relics":["Burning Blood","NeowsBlessing","Bottled Flame","Bottled Tornado","Juzu Bracelet","Bag of Marbles","hubris:CrackedHourglass","hubris:CrystalStatue","Regal Pillow","Centennial Puzzle","hubris:ChampionShield","Lantern","Empty Cage","War Paint","Ancient Tea Set","Pen Nib","hubris:Towel","Bag of Preparation"],"potions_floor_usage":[28,45],"damage_taken":[{"damage":0,"enemies":"2 Louse","floor":1,"turns":1},{"damage":0,"enemies":"Cultist","floor":3,"turns":1},{"damage":0,"enemies":"3 Sentries","floor":6,"turns":2},{"damage":6,"enemies":"Small Slimes","floor":8,"turns":2},{"damage":8,"enemies":"Gremlin Nob","floor":10,"turns":3},{"damage":20,"enemies":"Lagavulin","floor":12,"turns":5},{"damage":38,"enemies":"Slime Boss","floor":16,"turns":4},{"damage":8,"enemies":"3 Byrds","floor":18,"turns":3},{"damage":11,"enemies":"2 Thieves","floor":21,"turns":2},{"damage":0,"enemies":"Snake Plant","floor":22,"turns":1},{"damage":38,"enemies":"Slavers","floor":24,"turns":5},{"damage":10,"enemies":"Gremlin Leader","floor":28,"turns":2},{"damage":0,"enemies":"Centurion and Healer","floor":29,"turns":2},{"damage":51,"enemies":"Book of Stabbing","floor":31,"turns":4},{"damage":37,"enemies":"hubris:MusketHawk","floor":33,"turns":5},{"damage":32,"enemies":"3 Darklings","floor":35,"turns":4},{"damage":0,"enemies":"Orb Walker","floor":36,"turns":1},{"damage":37,"enemies":"Maw","floor":38,"turns":6},{"damage":66,"enemies":"Giant Head","floor":40,"turns":5},{"damage":38,"enemies":"Reptomancer","floor":44,"turns":6},{"damage":27,"enemies":"Sphere and 2 Shapes","floor":45,"turns":3}],"seed_played":"-4916300391087764517","potions_obtained":[{"floor":3,"key":"FairyPotion"},{"floor":6,"key":"Dexterity Potion"},{"floor":16,"key":"Fire Potion"},{"floor":28,"key":"SteroidPotion"},{"floor":31,"key":"GamblersBrew"}],"is_trial":false,"path_per_floor":["M","?","M","?","?","E","R","M","T","E","R","E","?","$","R","B",null,"M","$","?","M","M","R","E","R","T","R","E","M","?","E","R","B",null,"M","M","?","M","$","E","$","?","T","E","M"],"character_chosen":"IRONCLAD","items_purchased":["Whirlwind","Reaper","War Paint","Pen Nib"],"campfire_rested":1,"item_purchase_floors":[14,19,39,41],"current_hp_per_floor":[74,74,75,64,64,70,70,70,70,68,68,54,72,72,72,40,66,64,64,64,59,65,65,48,48,48,48,44,50,50,13,50,19,61,75,75,65,75,75,54,54,54,54,22,0],"gold":73,"neow_bonus":"THREE_ENEMY_KILL","is_prod":false,"is_daily":false,"chose_seed":false,"campfire_upgraded":6,"win_rate":0,"timestamp":1548532303,"path_taken":["M","?","?","?","?","E","R","M","T","E","R","E","?","$","R","BOSS","M","$","?","M","M","R","E","R","T","R","E","M","?","E","R","BOSS","M","M","?","M","$","E","$","?","T","E","M"],"build_version":"2019-01-23","purchased_purges":0,"victory":false,"max_hp_per_floor":[75,75,75,75,75,75,75,75,75,75,75,75,75,75,75,75,75,75,75,75,75,75,75,75,75,75,75,75,75,75,75,75,75,75,75,75,75,75,75,75,75,75,75,75,75],"card_choices":[{"not_picked":["Body Slam","Corruption"],"picked":"Perfected Strike","floor":1},{"not_picked":["Inflame","Twin Strike"],"picked":"Anger","floor":3},{"not_picked":["Exhume","Sword Boomerang"],"picked":"Inflame","floor":6},{"not_picked":["Flex","Headbutt"],"picked":"Ghostly Armor","floor":8},{"not_picked":["True Grit","Anger"],"picked":"Inflame","floor":10},{"not_picked":["Rampage","hubris:SharpeningStone","Exhume"],"picked":"SKIP","floor":12},{"not_picked":["Reaper","Impervious"],"picked":"Limit Break","floor":16},{"not_picked":["Combust","Sword Boomerang"],"picked":"Pommel Strike","floor":18},{"not_picked":["Sword Boomerang","Feel No Pain"],"picked":"Twin Strike","floor":21},{"not_picked":["hubris:ReadiedAction+1","True Grit","Sword Boomerang"],"picked":"SKIP","floor":22},{"not_picked":["Anger","Flame Barrier"],"picked":"Twin Strike","floor":24},{"not_picked":["Flex","Barricade","Thunderclap+1"],"picked":"SKIP","floor":28},{"not_picked":["Armaments","Iron Wave","Flex"],"picked":"SKIP","floor":29},{"not_picked":["Ghostly Armor","hubris:ReadiedAction"],"picked":"Demon Form","floor":31},{"not_picked":["Wild Strike","Seeing Red"],"picked":"Dual Wield","floor":35},{"not_picked":["Thunderclap+1","Headbutt"],"picked":"Perfected Strike+1","floor":36},{"not_picked":["Enlightenment","hubris:EnhanceAbility"],"picked":"Master of Strategy","floor":37},{"not_picked":["Transmutation","Mind Blast"],"picked":"Violence","floor":37},{"not_picked":["Headbutt","hubris:ReadiedAction"],"picked":"Pommel Strike","floor":38},{"not_picked":["Dual Wield","Headbutt"],"picked":"Perfected Strike","floor":40},{"not_picked":["Fire Breathing","Immolate","Anger"],"picked":"SKIP","floor":44}],"player_experience":1166145,"relics_obtained":[{"floor":6,"key":"Bottled Flame"},{"floor":9,"key":"Bottled Tornado"},{"floor":10,"key":"Juzu Bracelet"},{"floor":12,"key":"Bag of Marbles"},{"floor":24,"key":"Regal Pillow"},{"floor":26,"key":"Centennial Puzzle"},{"floor":28,"key":"hubris:ChampionShield"},{"floor":31,"key":"Lantern"},{"floor":40,"key":"Ancient Tea Set"},{"floor":44,"key":"Bag of Preparation"}],"event_choices":[{"damage_healed":0,"gold_gain":0,"player_choice":"2 cards matched","damage_taken":0,"max_hp_gain":0,"max_hp_loss":0,"event_name":"Match and Keep!","floor":2,"gold_loss":0,"cards_obtained":["Double Tap","Pommel Strike"]},{"damage_healed":0,"gold_gain":75,"player_choice":"Gather Gold","damage_taken":11,"max_hp_gain":0,"max_hp_loss":0,"event_name":"World of Goop","floor":4,"gold_loss":0},{"damage_healed":0,"gold_gain":0,"player_choice":"Ignored","damage_taken":0,"max_hp_gain":0,"max_hp_loss":0,"event_name":"Liars Game","floor":5,"gold_loss":0},{"damage_healed":18,"gold_gain":0,"player_choice":"Healed","damage_taken":0,"max_hp_gain":0,"max_hp_loss":0,"event_name":"The Cleric","floor":13,"gold_loss":35},{"damage_healed":0,"gold_gain":0,"player_choice":"Obtained Relic","damage_taken":0,"relics_obtained":["hubris:CrystalStatue"],"max_hp_gain":0,"max_hp_loss":0,"event_name":"Addict","floor":20,"gold_loss":85},{"damage_healed":0,"gold_gain":0,"player_choice":"Smashed Altar","damage_taken":0,"max_hp_gain":0,"max_hp_loss":0,"event_name":"Forgotten Altar","floor":30,"gold_loss":0,"cards_obtained":["Decay"]},{"damage_healed":0,"gold_gain":0,"player_choice":"Memory 3","damage_taken":10,"max_hp_gain":0,"max_hp_loss":0,"event_name":"SensoryStone","floor":37,"gold_loss":0}],"is_beta":false,"boss_relics":[{"not_picked":["hubris:ScarierMask","Astrolabe"],"picked":"hubris:CrackedHourglass"},{"not_picked":["Runic Dome","Pandora\u0027s Box"],"picked":"Empty Cage"}],"items_purged_floors":[],"is_endless":false,"potions_floor_spawned":[3,6,8,16,21,22,24,28,31,35,36],"killed_by":"Sphere and 2 Shapes","ascension_level":20}