{"gold_per_floor":[115,115,129,129,49,82,101,101,101,101,130,143,170,185,185,262,262,281,296,221,240,240],"floor_reached":22,"playtime":625,"items_purged":["Strike_G"],"score":442,"play_id":"07c7f737-2c67-4252-9878-91e0eabbbb99","local_time":"20190823145321","is_ascension_mode":true,"campfire_choices":[{"data":"Deadly Poison","floor":8,"key":"SMITH"},{"data":"Catalyst","floor":10,"key":"SMITH"},{"data":"Catalyst","floor":15,"key":"SMITH"}],"neow_cost":"NONE","seed_source_timestamp":16766147937654,"circlet_count":0,"master_deck":["AscendersBane","Strike_G","Strike_G","Strike_G","Strike_G","Defend_G","Defend_G","Defend_G","Defend_G","Defend_G","Survivor","Neutralize","Deadly Poison+1","Catalyst+1","Catalyst+1","Poisoned Stab","Quick Slash","Cloak And Dagger","Wraith Form v2","Deadly Poison+1"],"relics":["Ring of the Snake","NeowsBlessing","WarpedTongs","Ninja Scroll","Juzu Bracelet","Dream Catcher","Blood Vial","Snecko Eye"],"potions_floor_usage":[21,21],"damage_taken":[{"damage":0,"enemies":"Small Slimes","floor":1,"turns":1},{"damage":1,"enemies":"Cultist","floor":3,"turns":1},{"damage":0,"enemies":"3 Sentries","floor":6,"turns":1},{"damage":0,"enemies":"2 Louse","floor":7,"turns":4},{"damage":32,"enemies":"Gremlin Nob","floor":11,"turns":4},{"damage":3,"enemies":"Blue Slaver","floor":12,"turns":4},{"damage":0,"enemies":"Gremlin Gang","floor":14,"turns":6},{"damage":11,"enemies":"The Guardian","floor":16,"turns":5},{"damage":12,"enemies":"Spheric Guardian","floor":18,"turns":4},{"damage":1,"enemies":"Chosen","floor":19,"turns":4},{"damage":37,"enemies":"3 Cultists","floor":21,"turns":7},{"damage":14,"enemies":"Snake Plant","floor":22,"turns":3}],"seed_played":"5952122237206736142","potions_obtained":[{"floor":7,"key":"Energy Potion"},{"floor":11,"key":"Block Potion"}],"is_trial":false,"path_per_floor":["M","?","M","?","$","E","M","R","T","R","E","M","T","M","R","B",null,"M","M","$","M","M"],"character_chosen":"THE_SILENT","items_purchased":["Catalyst"],"campfire_rested":0,"item_purchase_floors":[5],"current_hp_per_floor":[59,59,58,51,51,51,51,51,51,51,19,16,16,18,18,9,52,42,43,43,8,0],"gold":240,"neow_bonus":"THREE_ENEMY_KILL","is_prod":false,"is_daily":false,"chose_seed":false,"campfire_upgraded":3,"win_rate":0,"timestamp":1566564801,"path_taken":["M","?","?","?","$","E","M","R","T","R","E","M","?","M","R","BOSS","M","M","$","M","M"],"build_version":"2019-07-17","purchased_purges":1,"victory":false,"max_hp_per_floor":[66,66,66,66,66,66,66,66,66,66,66,66,66,66,66,66,66,66,66,66,66,66],"card_choices":[{"not_picked":["Cloak And Dagger","Expertise"],"picked":"Deadly Poison","floor":1},{"not_picked":["Eviscerate","Slice","Deflect"],"picked":"SKIP","floor":3},{"not_picked":["Concentrate","Deflect"],"picked":"Catalyst","floor":6},{"not_picked":["Concentrate","Deflect"],"picked":"Poisoned Stab","floor":7},{"not_picked":["Bullet Time","Reflex","Slice"],"picked":"SKIP","floor":11},{"not_picked":["All Out Attack","Escape Plan"],"picked":"Quick Slash","floor":12},{"not_picked":["Acrobatics","Bane"],"picked":"Cloak And Dagger","floor":14},{"not_picked":["Glass Knife","Unload"],"picked":"Wraith Form v2","floor":16},{"not_picked":["Concentrate","Cloak And Dagger","Blade Dance"],"picked":"SKIP","floor":18},{"not_picked":["Outmaneuver","Deflect","Endless Agony"],"picked":"SKIP","floor":19},{"not_picked":["Underhanded Strike","Dagger Spray"],"picked":"Deadly Poison+1","floor":21}],"player_experience":1958667,"relics_obtained":[{"floor":6,"key":"Ninja Scroll"},{"floor":9,"key":"Juzu Bracelet"},{"floor":11,"key":"Dream Catcher"},{"floor":13,"key":"Blood Vial"}],"event_choices":[{"damage_healed":0,"gold_gain":0,"player_choice":"Rummage","damage_taken":0,"relics_obtained":["WarpedTongs"],"max_hp_gain":0,"max_hp_loss":0,"event_name":"Accursed Blacksmith","floor":2,"gold_loss":0,"cards_obtained":["Pain"]},{"cards_removed":["Pain"],"damage_healed":0,"gold_gain":0,"player_choice":"Card Removal","damage_taken":7,"max_hp_gain":0,"max_hp_loss":0,"event_name":"Golden Wing","floor":4,"gold_loss":0}],"is_beta":false,"boss_relics":[{"not_picked":["Calling Bell","Philosopher\u0027s Stone"],"picked":"Snecko Eye"}],"items_purged_floors":[20],"is_endless":false,"potions_floor_spawned":[7,11,12,14,19],"killed_by":"Snake Plant","ascension_level":20}