{"gold_per_floor":[119,131,131,81,131,160,177,177,204,231,3,17,45,64,64,64],"floor_reached":16,"playtime":3856,"items_purged":[],"score":168,"play_id":"21ba5725-5e00-496d-b52e-21e930dc3004","local_time":"20190329084019","is_ascension_mode":true,"campfire_choices":[{"floor":8,"key":"REST"},{"floor":15,"key":"REST"}],"neow_cost":"NONE","seed_source_timestamp":178941506716281,"circlet_count":0,"master_deck":["Strike_B","Strike_B","Strike_B","Strike_B","Defend_B","Defend_B","Defend_B","Defend_B","Zap","Dualcast","Conserve Battery","Storm","Conserve Battery","Capacitor","Chill","Heatsinks","Self Repair","Go for the Eyes","Loop","Genetic Algorithm"],"relics":["Cracked Core","SsserpentHead","Du-Vu Doll","Blood Vial","Bag of Marbles","PreservedInsect","Oddly Smooth Stone","Juzu Bracelet"],"potions_floor_usage":[16,16,16],"damage_taken":[{"damage":0,"enemies":"2 Louse","floor":1,"turns":2},{"damage":0,"enemies":"Cultist","floor":2,"turns":3},{"damage":60,"enemies":"3 Sentries","floor":6,"turns":10},{"damage":5,"enemies":"Jaw Worm","floor":7,"turns":3},{"damage":26,"enemies":"Gremlin Nob","floor":10,"turns":5},{"damage":0,"enemies":"Gremlin Gang","floor":12,"turns":8},{"damage":4,"enemies":"Lagavulin","floor":13,"turns":7},{"damage":0,"enemies":"Large Slime","floor":14,"turns":4},{"damage":61,"enemies":"Slime Boss","floor":16,"turns":11}],"seed_played":"5228323103647861596","potions_obtained":[{"floor":7,"key":"SteroidPotion"},{"floor":12,"key":"LiquidBronze"},{"floor":13,"key":"SneckoOil"}],"is_trial":false,"path_per_floor":["M","M","?","$","T","E","M","R","T","E","$","M","E","M","R","B"],"character_chosen":"DEFECT","items_purchased":["Conserve Battery","Capacitor","Self Repair","Oddly Smooth Stone"],"campfire_rested":2,"item_purchase_floors":[4,4,11,11],"current_hp_per_floor":[75,75,75,75,75,15,12,36,36,12,12,21,26,35,59,0],"gold":64,"neow_bonus":"TEN_PERCENT_HP_BONUS","is_prod":false,"is_daily":false,"chose_seed":false,"campfire_upgraded":0,"win_rate":0,"timestamp":1553874019,"path_taken":["M","M","?","?","?","E","M","R","T","E","$","M","E","M","R","BOSS"],"build_version":"2019-01-23","purchased_purges":0,"victory":false,"max_hp_per_floor":[82,82,82,82,82,82,82,82,82,82,82,82,82,82,82,82],"card_choices":[{"not_picked":["Stack","Force Field"],"picked":"Conserve Battery","floor":1},{"not_picked":["Fusion","Darkness"],"picked":"Storm","floor":2},{"not_picked":["Rebound","Rip and Tear"],"picked":"Chill","floor":6},{"not_picked":["Barrage","Melter","Streamline"],"picked":"SKIP","floor":7},{"not_picked":["Conserve Battery","Capacitor"],"picked":"Heatsinks","floor":10},{"not_picked":["Conserve Battery","Hologram"],"picked":"Go for the Eyes","floor":12},{"not_picked":["Auto Shields","Leap"],"picked":"Loop","floor":13},{"not_picked":["Hologram","Barrage"],"picked":"Genetic Algorithm","floor":14}],"player_experience":487326,"relics_obtained":[{"floor":5,"key":"Du-Vu Doll"},{"floor":6,"key":"Blood Vial"},{"floor":9,"key":"Bag of Marbles"},{"floor":10,"key":"PreservedInsect"},{"floor":13,"key":"Juzu Bracelet"}],"event_choices":[{"damage_healed":0,"gold_gain":0,"player_choice":"Trade","damage_taken":0,"relics_obtained":["SsserpentHead"],"max_hp_gain":0,"max_hp_loss":0,"event_name":"FaceTrader","floor":3,"gold_loss":0}],"is_beta":false,"boss_relics":[],"items_purged_floors":[],"is_endless":false,"potions_floor_spawned":[7,12,13],"killed_by":"Slime Boss","ascension_level":8}