{"path_per_floor":["M","M","M","?","?","E","M","M","T","R","?","R","M","$","R","B",null,"M","?","$","?","M","R","M"],"character_chosen":"DEFECT","items_purchased":["Pantograph","Melter","Turbo"],"gold_per_floor":[109,124,144,144,108,140,158,173,226,226,401,401,418,65,65,166,166,179,179,32,32,48,48,62,62],"floor_reached":25,"campfire_rested":2,"playtime":875,"item_purchase_floors":[14,14,20],"current_hp_per_floor":[28,25,25,28,28,18,14,2,2,42,42,42,42,42,42,41,74,16,16,16,44,25,65,46,0],"items_purged":["Doubt","Decay"],"gold":62,"score":284,"play_id":"537a8a04-75e9-4f0a-a753-c7e3608c3cf6","local_time":"20180611132502","is_prod":false,"is_daily":false,"chose_seed":false,"is_ascension_mode":true,"campfire_upgraded":2,"win_rate":0,"timestamp":1528716302,"campfire_choices":[{"floor":10,"key":"REST"},{"data":"Tempest","floor":12,"key":"SMITH"},{"data":"Zap","floor":15,"key":"SMITH"},{"floor":23,"key":"REST"}],"path_taken":["M","M","M","?","?","E","M","M","T","R","?","R","M","$","R","BOSS","M","?","$","?","?","R","M","E"],"build_version":"2018-06-08","seed_source_timestamp":18164402635916,"purchased_purges":2,"victory":false,"master_deck":["Strike_B","Strike_B","Strike_B","Strike_B","Defend_B","Defend_B","Defend_B","Defend_B","Zap+1","Dualcast","Echo Form","Sunder","Chaos","Steam","Tempest+1","Glacier","Leap","Self Repair","Melter","Amplify","Conserve Battery","Turbo","BootSequence+1","Coolheaded+1"],"max_hp_per_floor":[75,75,75,85,85,85,85,85,85,85,85,85,85,85,85,85,85,85,85,85,85,85,85,85,85],"relics":["Cracked Core","Pear","Bottled Flame","Regal Pillow","Pantograph","Philosopher\u0027s Stone"],"card_choices":[{"not_picked":["Meteor Strike","Biased Cognition"],"picked":"Echo Form","floor":0},{"not_picked":["Darkness","Streamline"],"picked":"Sunder","floor":1},{"not_picked":["Blizzard","Scrape"],"picked":"Chaos","floor":2},{"not_picked":["Aggregate","Beam Cell"],"picked":"Steam","floor":3},{"not_picked":["Leap","Barrage"],"picked":"Tempest","floor":6},{"not_picked":["Hologram","Turbo"],"picked":"Glacier","floor":7},{"not_picked":["Fusion","Go for the Eyes"],"picked":"Leap","floor":8},{"not_picked":["Core Surge","Undo"],"picked":"Self Repair","floor":13},{"not_picked":["All For One","Hyperbeam"],"picked":"Amplify","floor":16},{"not_picked":["Beam Cell","Go for the Eyes"],"picked":"Conserve Battery","floor":18},{"not_picked":["Redo+1","Turbo"],"picked":"BootSequence+1","floor":22},{"not_picked":["Steam","Hologram"],"picked":"Coolheaded+1","floor":24}],"player_experience":309809,"potions_floor_usage":[6,7,16,18],"damage_taken":[{"damage":6,"enemies":"Jaw Worm","floor":1,"turns":4},{"damage":3,"enemies":"2 Louse","floor":2,"turns":2},{"damage":0,"enemies":"Small Slimes","floor":3,"turns":3},{"damage":10,"enemies":"3 Sentries","floor":6,"turns":5},{"damage":4,"enemies":"Blue Slaver","floor":7,"turns":4},{"damage":12,"enemies":"3 Louse","floor":8,"turns":3},{"damage":0,"enemies":"Exordium Wildlife","floor":13,"turns":1},{"damage":40,"enemies":"Hexaghost","floor":16,"turns":8},{"damage":65,"enemies":"3 Byrds","floor":18,"turns":5},{"damage":26,"enemies":"Spheric Guardian","floor":22,"turns":4},{"damage":33,"enemies":"Snecko","floor":24,"turns":7},{"damage":55,"enemies":"Gremlin Leader","floor":25,"turns":7}],"relics_obtained":[{"floor":6,"key":"Bottled Flame"},{"floor":9,"key":"Regal Pillow"}],"event_choices":[{"event_name":"Scrap Ooze","player_choice":"success","floor":4,"damage_taken":7},{"event_name":"World of Goop","player_choice":"Left","floor":5,"damage_taken":0},{"event_name":"Liars Game","player_choice":"agreed","floor":11,"damage_taken":0},{"event_name":"Forgotten Altar","player_choice":"Smashed Altar","floor":19,"damage_taken":0},{"event_name":"The Library","player_choice":"Heal","floor":21,"damage_taken":0}],"boss_relics":[{"not_picked":["Busted Crown","Sozu"],"picked":"Philosopher\u0027s Stone"}],"items_purged_floors":[14,20],"potions_floor_spawned":[1,2,6,7,24],"seed_played":"-7712435189662939243","killed_by":"Gremlin Leader","ascension_level":8,"potions_obtained":[{"floor":1,"key":"LiquidBronze"},{"floor":2,"key":"SpeedPotion"},{"floor":6,"key":"EssenceOfSteel"},{"floor":7,"key":"FocusPotion"},{"floor":24,"key":"SteroidPotion"}],"is_trial":false}