{"gold_per_floor":[210,485,47,62,80,108,108,137,137,137,169,184,184,184,184,184],"floor_reached":16,"playtime":545,"items_purged":["Regret"],"score":236,"play_id":"a78dc4d2-0dd0-462a-834e-e51d866ed85e","local_time":"20190128015433","is_ascension_mode":true,"campfire_choices":[{"data":"Body Slam","floor":7.0,"key":"SMITH"},{"data":"Inflame","floor":10,"key":"SMITH"},{"data":"Anger","floor":13,"key":"SMITH"},{"data":"Infernal Blade","floor":15,"key":"SMITH"}],"neow_cost":"NONE","seed_source_timestamp":0,"circlet_count":0,"master_deck":["AscendersBane","Strike_R","Strike_R","Strike_R","Strike_R","Strike_R","Defend_R","Defend_R","Defend_R","Defend_R","Bash","Body Slam+1","Shrug It Off","Inflame+1","Twin Strike","Shrug It Off","Fiend Fire","Infernal Blade+1","Anger+1"],"special_seed":0,"relics":["Burning Blood","Medical Kit","hubris:SlimyHat","hubris:SphereOfDissonance","Matryoshka","Mummified Hand","hubris:Towel"],"potions_floor_usage":[8,8,11,16],"damage_taken":[{"damage":7.0,"enemies":"2 Louse","floor":1.0,"turns":4.0},{"damage":4.0,"enemies":"Cultist","floor":4.0,"turns":5.0},{"damage":7.0,"enemies":"Jaw Worm","floor":5.0,"turns":4.0},{"damage":48.0,"enemies":"Lagavulin","floor":6.0,"turns":9.0},{"damage":10,"enemies":"3 Sentries","floor":8,"turns":9},{"damage":12,"enemies":"Lagavulin","floor":11,"turns":5},{"damage":9,"enemies":"Lots of Slimes","floor":12,"turns":3},{"damage":15,"enemies":"Hexaghost","floor":16,"turns":5}],"seed_played":"-4094905905882751322","potions_obtained":[{"floor":1.0,"key":"SpeedPotion"},{"floor":5.0,"key":"Ancient Potion"},{"floor":8,"key":"EssenceOfSteel"},{"floor":12,"key":"AttackPotion"}],"is_trial":false,"path_per_floor":["M","?","$","M","M","E","R","E","T","R","E","M","R","?","R","B"],"character_chosen":"IRONCLAD","items_purchased":["Shrug It Off","Inflame","Medical Kit"],"campfire_rested":0,"item_purchase_floors":[3,3,3],"current_hp_per_floor":[67,67,67,69,68,26,26,22,22,22,16,13,13,13,13,0],"gold":184,"neow_bonus":"HUNDRED_GOLD","is_prod":false,"is_daily":false,"chose_seed":false,"campfire_upgraded":4,"win_rate":0,"timestamp":1548636873,"path_taken":["M","?","$","M","?","E","R","E","T","R","E","M","R","?","R","BOSS"],"build_version":"2019-01-23","purchased_purges":1,"victory":false,"max_hp_per_floor":[75,75,75,75,75,75,75,75,75,75,75,75,75,75,75,75],"card_choices":[{"not_picked":["Bloodletting","Clothesline"],"picked":"Body Slam","floor":1.0},{"not_picked":["Anger","Wild Strike"],"picked":"Twin Strike","floor":4.0},{"not_picked":["Rage","Twin Strike"],"picked":"Shrug It Off","floor":5.0},{"not_picked":["Entrench","Perfected Strike"],"picked":"Fiend Fire","floor":6.0},{"not_picked":["Clash","Twin Strike"],"picked":"Infernal Blade","floor":8},{"not_picked":["Iron Wave","hubris:ReadiedAction"],"picked":"Anger","floor":11},{"not_picked":["True Grit","Warcry","Carnage"],"picked":"SKIP","floor":12}],"player_experience":1173513,"relics_obtained":[{"floor":6.0,"key":"hubris:SlimyHat"},{"floor":8,"key":"hubris:SphereOfDissonance"},{"floor":9,"key":"Matryoshka"},{"floor":11,"key":"Mummified Hand"}],"event_choices":[{"damage_healed":0.0,"max_hp_gain":0.0,"max_hp_loss":0.0,"gold_gain":275.0,"event_name":"Golden Shrine","player_choice":"Desecrate","floor":2.0,"gold_loss":0.0,"damage_taken":0.0,"cards_obtained":["Regret"]}],"is_beta":false,"boss_relics":[],"items_purged_floors":[3],"is_endless":false,"potions_floor_spawned":[1,5,6,8,12],"killed_by":"Hexaghost","ascension_level":20}