{"gold_per_floor":[117,42,42,61,61,91,91,56,56,56,70,70,84,102,102,179,179,190,202,202,220,220],"floor_reached":22,"playtime":1110,"items_purged":["Pain"],"score":369,"play_id":"c5508130-0b50-403d-9eeb-725ee88f1dcb","local_time":"20181122155520","is_ascension_mode":true,"campfire_choices":[{"data":"Havoc","floor":10,"key":"SMITH"},{"data":"Fiend Fire","floor":12,"key":"SMITH"},{"data":"Bash","floor":15,"key":"SMITH"}],"neow_cost":"CURSE","seed_source_timestamp":19967286443117,"circlet_count":0,"master_deck":["AscendersBane","Defend_R","Defend_R","Defend_R","Bash+1","Havoc+1","Carnage+1","Fiend Fire+1","Second Wind","Body Slam","Anger","Juggernaut","Infernal Blade","Shrug It Off","Bite","Bite","Bite","Bite","Bite","Ghostly Armor"],"relics":["Burning Blood","Torii","Dead Branch","Gremlin Horn","White Beast Statue"],"potions_floor_usage":[13,16,21,21],"damage_taken":[{"damage":18,"enemies":"Jaw Worm","floor":1,"turns":5},{"damage":2,"enemies":"Small Slimes","floor":4,"turns":3},{"damage":26,"enemies":"3 Sentries","floor":6,"turns":10},{"damage":1,"enemies":"2 Louse","floor":11,"turns":2},{"damage":0,"enemies":"Large Slime","floor":13,"turns":3},{"damage":0,"enemies":"Looter","floor":14,"turns":1},{"damage":21,"enemies":"The Guardian","floor":16,"turns":8},{"damage":25,"enemies":"Chosen","floor":18,"turns":4},{"damage":27,"enemies":"Shell Parasite","floor":19,"turns":3},{"damage":32,"enemies":"Centurion and Healer","floor":21,"turns":7},{"damage":34,"enemies":"Snecko","floor":22,"turns":4}],"seed_played":"3640525400254633692","potions_obtained":[{"floor":11,"key":"SkillPotion"},{"floor":14,"key":"Swift Potion"},{"floor":16,"key":"Energy Potion"},{"floor":18,"key":"BloodPotion"},{"floor":19,"key":"Block Potion"},{"floor":21,"key":"SpeedPotion"}],"is_trial":false,"path_per_floor":["M","$","?","M","?","E","?","?","T","R","M","R","M","M","R","B",null,"M","M","?","M","M"],"character_chosen":"IRONCLAD","items_purchased":[],"campfire_rested":0,"item_purchase_floors":[],"current_hp_per_floor":[56,56,49,53,53,33,10,28,28,28,33,33,39,45,45,30,64,45,24,24,15,0],"gold":220,"neow_bonus":"ONE_RARE_RELIC","is_prod":false,"is_daily":false,"chose_seed":false,"campfire_upgraded":3,"win_rate":0,"timestamp":1542898520,"path_taken":["M","$","?","M","?","E","?","?","T","R","M","R","M","M","R","BOSS","M","M","?","M","M"],"build_version":"2018-11-15","purchased_purges":1,"victory":false,"max_hp_per_floor":[75,75,75,75,75,75,75,75,75,75,75,75,75,75,75,75,75,75,75,52,52,52],"card_choices":[{"not_picked":["Perfected Strike","Anger"],"picked":"Havoc","floor":1},{"not_picked":["Rage","Cleave"],"picked":"Carnage","floor":4},{"not_picked":["Headbutt","Intimidate"],"picked":"Fiend Fire","floor":6},{"not_picked":["Clothesline","Armaments"],"picked":"Second Wind","floor":11},{"not_picked":["Sever Soul","Entrench"],"picked":"Body Slam","floor":13},{"not_picked":["Entrench","Twin Strike"],"picked":"Anger","floor":14},{"not_picked":["Double Tap","Berserk"],"picked":"Juggernaut","floor":16},{"not_picked":["Anger","Clothesline+1"],"picked":"Infernal Blade","floor":18},{"not_picked":["Twin Strike","Flex"],"picked":"Shrug It Off","floor":19},{"not_picked":["Twin Strike","Shrug It Off"],"picked":"Ghostly Armor","floor":21}],"player_experience":862241,"relics_obtained":[{"floor":6,"key":"Dead Branch"},{"floor":9,"key":"Gremlin Horn"}],"event_choices":[{"cards_removed":["Defend_R"],"damage_healed":0,"gold_gain":0,"player_choice":"Card Removal","damage_taken":7,"max_hp_gain":0,"max_hp_loss":0,"event_name":"Golden Wing","floor":3,"gold_loss":0},{"damage_healed":0,"gold_gain":0,"player_choice":"Ignored","damage_taken":0,"max_hp_gain":0,"max_hp_loss":0,"event_name":"Liars Game","floor":5,"gold_loss":0},{"damage_healed":0,"gold_gain":0,"player_choice":"Entered Light","damage_taken":23,"max_hp_gain":0,"max_hp_loss":0,"event_name":"Shining Light","floor":7,"gold_loss":0,"cards_upgraded":["Strike_R","Carnage"]},{"damage_healed":18,"gold_gain":0,"player_choice":"Healed","damage_taken":0,"max_hp_gain":0,"max_hp_loss":0,"event_name":"The Cleric","floor":8,"gold_loss":35},{"damage_healed":0,"gold_gain":0,"player_choice":"Became a vampire","damage_taken":0,"max_hp_gain":0,"max_hp_loss":23,"event_name":"Vampires","floor":20,"gold_loss":0,"cards_obtained":["Bite","Bite","Bite","Bite","Bite"]}],"is_beta":true,"boss_relics":[{"not_picked":["Velvet Choker","Lizard Tail"],"picked":"White Beast Statue"}],"items_purged_floors":[2],"is_endless":false,"potions_floor_spawned":[11,14,16,18,19,21],"killed_by":"Snecko","ascension_level":17}