{"gold_per_floor":[119,135,135,158,182,182,222,222,276,276,309,309,309,323,323,413,413,426,139,159,177,177],"floor_reached":22,"playtime":850,"items_purged":["Strike_R"],"score":392,"play_id":"d16641e7-5a0b-4a04-9486-258da312d554","local_time":"20190701221742","is_ascension_mode":true,"campfire_choices":[{"data":"Bash","floor":6,"key":"SMITH"},{"data":"Demon Form","floor":8,"key":"SMITH"},{"data":"Perfected Strike","floor":10,"key":"SMITH"},{"floor":15,"key":"REST"}],"neow_cost":"NONE","seed_source_timestamp":0,"circlet_count":0,"master_deck":["AscendersBane","Strike_R","Strike_R","Strike_R","Strike_R","Defend_R","Defend_R","Defend_R","Defend_R","Bash+1","Perfected Strike+1","Perfected Strike","Demon Form+1","Shrug It Off","Cleave","Heavy Blade","Armaments","Feed","Twin Strike","Shrug It Off","Warcry+1"],"special_seed":0,"relics":["Burning Blood","Golden Idol","Blue Candle","Regal Pillow","Juzu Bracelet","Cursed Key","OrangePellets"],"potions_floor_usage":[11,18,21,22],"damage_taken":[{"damage":10,"enemies":"Small Slimes","floor":1,"turns":6},{"damage":0,"enemies":"2 Louse","floor":2,"turns":3},{"damage":0,"enemies":"Cultist","floor":4,"turns":2},{"damage":11,"enemies":"Blue Slaver","floor":5,"turns":3},{"damage":27,"enemies":"Lagavulin","floor":7,"turns":7},{"damage":35,"enemies":"3 Sentries","floor":11,"turns":7},{"damage":11,"enemies":"Looter","floor":14,"turns":3},{"damage":38,"enemies":"Slime Boss","floor":16,"turns":4},{"damage":26,"enemies":"3 Byrds","floor":18,"turns":7},{"damage":24,"enemies":"Spheric Guardian","floor":20,"turns":5},{"damage":23,"enemies":"Cultist and Chosen","floor":21,"turns":6},{"damage":25,"enemies":"Chosen and Byrds","floor":22,"turns":3}],"seed_played":"-4097234172215660045","potions_obtained":[{"floor":4,"key":"Swift Potion"},{"floor":7,"key":"Fire Potion"},{"floor":11,"key":"Block Potion"},{"floor":18,"key":"SteroidPotion"},{"floor":21,"key":"Energy Potion"}],"is_trial":false,"path_per_floor":["M","M","?","M","M","R","E","R","T","R","E","?","?","M","R","B",null,"M","$","M","M","M"],"character_chosen":"IRONCLAD","items_purchased":["OrangePellets"],"campfire_rested":1,"item_purchase_floors":[19],"current_hp_per_floor":[71,77,74,74,69,69,48,48,48,48,19,24,24,19,57,25,66,50,50,32,18,0],"gold":177,"neow_bonus":"TEN_PERCENT_HP_BONUS","is_prod":false,"is_daily":false,"chose_seed":false,"campfire_upgraded":3,"win_rate":0,"timestamp":1562012262,"path_taken":["M","M","?","M","M","R","E","R","T","R","E","?","?","M","R","BOSS","M","$","M","M","M"],"build_version":"2019-01-23","purchased_purges":1,"victory":false,"max_hp_per_floor":[82,82,74,74,74,74,74,74,74,74,74,79,79,79,79,79,79,83,83,83,86,86],"card_choices":[{"not_picked":["Heavy Blade","Pummel"],"picked":"Perfected Strike","floor":1},{"not_picked":["Clothesline","Burning Pact"],"picked":"Perfected Strike","floor":2},{"not_picked":["Entrench","Clothesline"],"picked":"Demon Form","floor":4},{"not_picked":["Wild Strike","Thunderclap"],"picked":"Shrug It Off","floor":5},{"not_picked":["Uppercut","Warcry"],"picked":"Cleave","floor":7},{"not_picked":["Juggernaut","Anger"],"picked":"Heavy Blade","floor":11},{"not_picked":["Body Slam","Clash"],"picked":"Armaments","floor":14},{"not_picked":["Juggernaut","Demon Form"],"picked":"Feed","floor":16},{"not_picked":["Thunderclap","Warcry"],"picked":"Twin Strike","floor":18},{"not_picked":["Infernal Blade","Headbutt"],"picked":"Shrug It Off","floor":20},{"not_picked":["Burning Pact","Dropkick"],"picked":"Warcry+1","floor":21}],"player_experience":1761017,"relics_obtained":[{"floor":7,"key":"Blue Candle"},{"floor":9,"key":"Regal Pillow"},{"floor":11,"key":"Juzu Bracelet"}],"event_choices":[{"damage_healed":0,"gold_gain":0,"player_choice":"Lose Max HP","damage_taken":0,"relics_obtained":["Golden Idol"],"max_hp_gain":0,"max_hp_loss":8,"event_name":"Golden Idol","floor":3,"gold_loss":0},{"damage_healed":0,"gold_gain":0,"player_choice":"Donut","damage_taken":0,"max_hp_gain":5,"max_hp_loss":0,"event_name":"Big Fish","floor":12,"gold_loss":0},{"damage_healed":0,"gold_gain":0,"player_choice":"Got Potions","damage_taken":0,"max_hp_gain":0,"max_hp_loss":0,"event_name":"Lab","floor":13,"gold_loss":0}],"is_beta":false,"boss_relics":[{"not_picked":["Lizard Tail","Runic Dome"],"picked":"Cursed Key"}],"items_purged_floors":[19],"is_endless":false,"potions_floor_spawned":[4,7,11,14,16,18,20,21],"killed_by":"Chosen and Byrds","ascension_level":20}