{"gold_per_floor":[118,18,18,18,36,71,71,71,71,106,106,146,146,160,160,253,253,272,272,172,183,200,200,200,200],"floor_reached":25,"playtime":670,"items_purged":["Strike_R","Decay"],"score":434,"play_id":"dfcecb3e-4734-4152-895c-01db95660c29","local_time":"20190426005029","is_ascension_mode":true,"campfire_choices":[{"data":"Bash","floor":7.0,"key":"SMITH"},{"floor":11.0,"key":"REST"},{"data":"Armaments","floor":15.0,"key":"SMITH"},{"floor":23,"key":"REST"}],"neow_cost":"NONE","seed_source_timestamp":52201859367748,"circlet_count":0,"master_deck":["AscendersBane","Strike_R","Strike_R","Strike_R","Defend_R","Defend_R","Defend_R","Defend_R","Bash+1","Heavy Blade","Twin Strike","Spot Weakness","Rage","Armaments+1","Inflame","Immolate","Feel No Pain","Exhume","Shrug It Off+1"],"special_seed":0,"relics":["Burning Blood","Pen Nib","PreservedInsect","Pear","Orichalcum","Black Star","Nloth\u0027s Gift"],"potions_floor_usage":[22,25],"damage_taken":[{"damage":2.0,"enemies":"Cultist","floor":1.0,"turns":4.0},{"damage":12.0,"enemies":"Small Slimes","floor":5.0,"turns":3.0},{"damage":64.0,"enemies":"Gremlin Nob","floor":6.0,"turns":5.0},{"damage":5.0,"enemies":"3 Sentries","floor":10.0,"turns":4.0},{"damage":4.0,"enemies":"Gremlin Nob","floor":12.0,"turns":3.0},{"damage":6.0,"enemies":"Jaw Worm","floor":14.0,"turns":4.0},{"damage":47.0,"enemies":"Hexaghost","floor":16.0,"turns":9.0},{"damage":9,"enemies":"2 Thieves","floor":18,"turns":3},{"damage":32,"enemies":"Shell Parasite","floor":21,"turns":5},{"damage":22,"enemies":"3 Cultists","floor":22,"turns":5},{"damage":64,"enemies":"Gremlin Leader","floor":25,"turns":9}],"seed_played":"-4680813091547658869","potions_obtained":[{"floor":6.0,"key":"AttackPotion"},{"floor":10.0,"key":"PowerPotion"},{"floor":12.0,"key":"Fire Potion"},{"floor":14.0,"key":"Block Potion"},{"floor":18,"key":"BloodPotion"}],"is_trial":false,"path_per_floor":["M","$","?","$","M","E","R","?","T","E","R","E","?","M","R","B",null,"M","?","$","M","M","R","?","E"],"character_chosen":"IRONCLAD","items_purchased":["Twin Strike"],"campfire_rested":2,"item_purchase_floors":[2],"current_hp_per_floor":[79,79,79,79,73,15,15,15,15,26,51,53,53,53,53,12,66,63,63,63,37,21,46,46,0],"gold":200,"neow_bonus":"TEN_PERCENT_HP_BONUS","is_prod":false,"is_daily":false,"chose_seed":false,"campfire_upgraded":2,"win_rate":0,"timestamp":1556232629,"path_taken":["M","?","?","$","?","E","R","?","T","E","R","E","?","M","R","BOSS","M","?","$","M","?","R","?","E"],"build_version":"2019-01-23","purchased_purges":2,"victory":false,"max_hp_per_floor":[82,82,82,82,82,82,82,74,74,84,84,84,84,84,84,84,84,84,84,84,84,84,84,84,84],"card_choices":[{"not_picked":["Warcry","Havoc"],"picked":"Heavy Blade","floor":1.0},{"not_picked":["Warcry","Sword Boomerang"],"picked":"Spot Weakness","floor":5.0},{"not_picked":["Wild Strike","Clothesline"],"picked":"Rage","floor":6.0},{"not_picked":["Power Through","Rage"],"picked":"Armaments","floor":10.0},{"not_picked":["Warcry","Sever Soul"],"picked":"Inflame","floor":12.0},{"not_picked":["Armaments","Dual Wield","Perfected Strike"],"picked":"SKIP","floor":14.0},{"not_picked":["Juggernaut","Exhume"],"picked":"Immolate","floor":16.0},{"not_picked":["Flex","Clash"],"picked":"Feel No Pain","floor":18},{"not_picked":["Perfected Strike","Twin Strike"],"picked":"Exhume","floor":21},{"not_picked":["Clash","Twin Strike"],"picked":"Shrug It Off+1","floor":22}],"player_experience":1626941,"relics_obtained":[{"floor":6.0,"key":"Pen Nib"},{"floor":9.0,"key":"PreservedInsect"},{"floor":10.0,"key":"Pear"},{"floor":12.0,"key":"Orichalcum"}],"event_choices":[{"damage_healed":0.0,"max_hp_gain":0.0,"max_hp_loss":0.0,"gold_gain":0.0,"event_name":"Match and Keep!","player_choice":"1 cards matched","floor":3.0,"gold_loss":0.0,"damage_taken":0.0,"cards_obtained":["Decay"]},{"damage_healed":0.0,"max_hp_gain":0.0,"max_hp_loss":8.0,"gold_gain":0.0,"event_name":"Golden Idol","player_choice":"Lose Max HP","floor":8.0,"gold_loss":0.0,"damage_taken":0.0,"relics_obtained":["Golden Idol"]},{"damage_healed":0.0,"max_hp_gain":0.0,"max_hp_loss":0.0,"gold_gain":0.0,"event_name":"Liars Game","player_choice":"Ignored","floor":13.0,"gold_loss":0.0,"damage_taken":0.0},{"damage_healed":0,"gold_gain":0,"player_choice":"Traded Relic","damage_taken":0,"relics_obtained":["Nloth\u0027s Gift"],"max_hp_gain":0,"max_hp_loss":0,"event_name":"N\u0027loth","floor":19,"relics_lost":["Golden Idol"],"gold_loss":0},{"cards_removed":["Strike_R"],"damage_healed":0,"gold_gain":0,"player_choice":"Purged","damage_taken":0,"max_hp_gain":0,"max_hp_loss":0,"event_name":"Purifier","floor":24,"gold_loss":0}],"is_beta":false,"boss_relics":[{"not_picked":["Cursed Key","Lizard Tail"],"picked":"Black Star"}],"items_purged_floors":[2,20],"is_endless":false,"potions_floor_spawned":[6,10,12,14,18,21],"killed_by":"Gremlin Leader","ascension_level":20}