{"gold_per_floor":[110,110,185,203,223,223,240,240,240,270,270,300,300,300,300,375,375,392,392,317,317,327,327,343,343],"floor_reached":25,"playtime":922,"items_purged":["hubris:Sloth"],"score":418,"play_id":"51096389-c599-44f1-a58b-90fed612e97a","local_time":"20190114113946","is_ascension_mode":true,"campfire_choices":[{"data":"Loop","floor":6,"key":"SMITH"},{"data":"Defragment","floor":8,"key":"SMITH"},{"floor":11,"key":"REST"},{"data":"Chill","floor":13,"key":"SMITH"},{"floor":15,"key":"REST"},{"floor":23,"key":"REST"}],"neow_cost":"NONE","seed_source_timestamp":3275977504683,"circlet_count":0,"master_deck":["AscendersBane","Strike_B","Strike_B","Strike_B","Defend_B","Defend_B","Defend_B","Defend_B","Zap+1","Dualcast","Ball Lightning","Chill+1","Loop+1","Defragment+1","Cold Snap","Cold Snap","Creative AI","Regret","hubris:Envy","Compile Driver","Writhe","Go for the Eyes"],"relics":["Cracked Core","Du-Vu Doll","Blue Candle","Meat on the Bone","hubris:Metronome","Calling Bell","hubris:ToyBattleship","hubris:PeanutButter","hubris:Teleporter","Pantograph","Enchiridion"],"potions_floor_usage":[22,25],"damage_taken":[{"damage":7,"enemies":"Small Slimes","floor":1,"turns":4},{"damage":7,"enemies":"Jaw Worm","floor":4,"turns":3},{"damage":0,"enemies":"2 Louse","floor":5,"turns":3},{"damage":1,"enemies":"2 Fungi Beasts","floor":7,"turns":2},{"damage":11,"enemies":"Lagavulin","floor":10,"turns":6},{"damage":24,"enemies":"Gremlin Nob","floor":12,"turns":4},{"damage":18,"enemies":"Slime Boss","floor":16,"turns":8},{"damage":0,"enemies":"Chosen","floor":18,"turns":6},{"damage":37,"enemies":"Shell Parasite","floor":22,"turns":6},{"damage":5,"enemies":"Sentry and Sphere","floor":24,"turns":4},{"damage":52,"enemies":"Gremlin Leader","floor":25,"turns":5}],"seed_played":"335340678496513353","potions_obtained":[{"floor":1,"key":"Explosive Potion"},{"floor":4,"key":"Energy Potion"}],"is_trial":false,"path_per_floor":["M","?","?","M","M","R","M","R","T","E","R","E","R","?","R","B",null,"M","?","$","?","M","R","M","E"],"character_chosen":"DEFECT","items_purchased":[],"campfire_rested":3,"item_purchase_floors":[],"current_hp_per_floor":[57,57,46,39,39,39,38,38,38,27,48,24,24,6,27,21,59,59,59,59,38,13,34,41,0],"gold":343,"neow_bonus":"UPGRADE_CARD","is_prod":false,"is_daily":false,"chose_seed":false,"campfire_upgraded":3,"win_rate":0,"timestamp":1547462386,"path_taken":["M","?","?","M","M","R","M","R","T","E","R","E","R","?","R","BOSS","M","?","$","?","M","R","M","E"],"build_version":"2019-01-10","purchased_purges":1,"victory":false,"max_hp_per_floor":[71,71,71,71,71,71,71,71,71,71,71,71,71,71,71,71,71,71,71,71,71,71,71,71,71],"card_choices":[{"not_picked":["Melter","Lockon"],"picked":"Ball Lightning","floor":1},{"not_picked":["Hologram","Compile Driver"],"picked":"Chill","floor":4},{"not_picked":["Rebound","Auto Shields"],"picked":"Loop","floor":5},{"not_picked":["Coolheaded","Cold Snap"],"picked":"Defragment","floor":7},{"not_picked":["Stack","Hologram"],"picked":"Cold Snap","floor":10},{"not_picked":["Recycle","Redo"],"picked":"Cold Snap","floor":12},{"not_picked":["hubris:Prefetch","Machine Learning"],"picked":"Creative AI","floor":16},{"not_picked":["Steam","Streamline+1"],"picked":"Compile Driver","floor":18},{"not_picked":["Cold Snap","Hello World","Hologram"],"picked":"SKIP","floor":22},{"not_picked":["Stack","Hologram"],"picked":"Go for the Eyes","floor":24}],"player_experience":1103862,"relics_obtained":[{"floor":9,"key":"Du-Vu Doll"},{"floor":10,"key":"Blue Candle"},{"floor":12,"key":"Meat on the Bone"},{"floor":17,"key":"hubris:ToyBattleship"},{"floor":17,"key":"hubris:PeanutButter"},{"floor":17,"key":"hubris:Teleporter"},{"floor":21,"key":"Enchiridion"}],"event_choices":[{"cards_removed":["Strike_B"],"damage_healed":0,"gold_gain":0,"player_choice":"Forget","damage_taken":0,"max_hp_gain":0,"max_hp_loss":0,"event_name":"Living Wall","floor":2,"gold_loss":0},{"damage_healed":0,"gold_gain":75,"player_choice":"Gather Gold","damage_taken":11,"max_hp_gain":0,"max_hp_loss":0,"event_name":"World of Goop","floor":3,"gold_loss":0},{"damage_healed":0,"gold_gain":0,"player_choice":"Success","damage_taken":18,"relics_obtained":["hubris:Metronome"],"max_hp_gain":0,"max_hp_loss":0,"event_name":"Scrap Ooze","floor":14,"gold_loss":0},{"damage_healed":0,"gold_gain":0,"player_choice":"Opened","damage_taken":0,"relics_obtained":["Pantograph"],"max_hp_gain":0,"max_hp_loss":0,"event_name":"The Mausoleum","floor":19,"gold_loss":0,"cards_obtained":["Writhe"]},{"damage_healed":0,"gold_gain":0,"player_choice":"Obtained Book","damage_taken":21,"max_hp_gain":0,"max_hp_loss":0,"event_name":"Cursed Tome","floor":21,"gold_loss":0}],"is_beta":false,"boss_relics":[{"not_picked":["hubris:CrackedHourglass","Tiny House"],"picked":"Calling Bell"}],"items_purged_floors":[20],"is_endless":false,"potions_floor_spawned":[1,4,18],"killed_by":"Gremlin Leader","ascension_level":20}