{"path_per_floor":["M","?","T","M","$","R","M","R","T","E","$","?","R","?","R","B",null,"M","M","M"],"character_chosen":"DEFECT","items_purchased":["BootSequence","Undo"],"gold_per_floor":[115,115,115,128,57,57,76,76,76,139,98,125,125,125,125,223,223,240,255,265,265],"floor_reached":21,"campfire_rested":0,"playtime":1064,"current_hp_per_floor":[70,70,70,69,69,69,69,69,69,61,61,44,44,44,44,5,75,43,25,17,0],"items_purged":[],"gold":265,"score":186,"play_id":"71f0af83-3b60-4a45-99a7-8bbf2eb1aede","local_time":"20180517160728","is_prod":false,"is_daily":false,"chose_seed":false,"is_ascension_mode":true,"campfire_upgraded":4,"timestamp":1526566048,"campfire_choices":[{"data":"Redo","floor":6,"key":"SMITH"},{"data":"Defragment","floor":8,"key":"SMITH"},{"data":"Redo","floor":13,"key":"SMITH"},{"data":"Aggregate","floor":15,"key":"SMITH"}],"path_taken":["M","?","?","M","$","R","M","R","T","E","?","?","R","?","R","BOSS","M","M","M","M"],"build_version":"2018-05-16","seed_source_timestamp":24524452081944,"purchased_purges":0,"victory":false,"master_deck":["Strike_B","Strike_B","Strike_B","Strike_B","Defend_B","Defend_B","Defend_B","Zap+1","Dualcast+1","Redo+1","Defragment+1","BootSequence","Leap","Aggregate+1","Undo","Redo+1","Creative AI","Barrage","Gash","Storm+1"],"max_hp_per_floor":[75,75,75,75,75,75,75,75,75,75,75,75,75,75,75,75,75,75,75,75,75],"relics":["Cracked Core","Happy Flower","Toolbox","Tiny Chest","Odd Mushroom","Inserter"],"card_choices":[{"not_picked":["Coolheaded","Turbo"],"picked":"Redo","floor":1},{"not_picked":["Sweeping Beam","Cold Snap"],"picked":"Defragment","floor":4},{"not_picked":["Rip and Tear","Cold Snap"],"picked":"Leap","floor":7},{"not_picked":["Skim","Stack"],"picked":"Aggregate","floor":10},{"not_picked":["Leap","Stack"],"picked":"Redo","floor":12},{"not_picked":["Buffer","Amplify"],"picked":"Creative AI","floor":16},{"not_picked":["Capacitor","Leap"],"picked":"Barrage","floor":18},{"not_picked":["Blizzard","Stack"],"picked":"Gash","floor":19},{"not_picked":["Leap","Axe Kick+1"],"picked":"Storm+1","floor":20}],"player_experience":151290,"potions_floor_usage":[10,19,20],"damage_taken":[{"damage":5,"enemies":"Small Slimes","floor":1,"turns":3},{"damage":1,"enemies":"Cultist","floor":4,"turns":3},{"damage":0,"enemies":"2 Louse","floor":7,"turns":2},{"damage":8,"enemies":"3 Sentries","floor":10,"turns":6},{"damage":17,"enemies":"The Mushroom Lair","floor":12,"turns":5},{"damage":39,"enemies":"Hexaghost","floor":16,"turns":10},{"damage":32,"enemies":"Spheric Guardian","floor":18,"turns":6},{"damage":18,"enemies":"Chosen","floor":19,"turns":7},{"damage":8,"enemies":"Snecko","floor":20,"turns":7},{"damage":23,"enemies":"Cultist and Chosen","floor":21,"turns":4}],"relics_obtained":[{"floor":3,"key":"Happy Flower"},{"floor":9,"key":"Toolbox"},{"floor":10,"key":"Tiny Chest"},{"floor":12,"key":"Odd Mushroom"}],"event_choices":[{"event_name":"Bonfire Elementals","player_choice":"BASIC","floor":2,"damage_taken":0},{"event_name":"Mushrooms","player_choice":"Fought Mushrooms","floor":12,"damage_taken":0},{"event_name":"Upgrade Shrine","player_choice":"Upgraded","floor":14,"damage_taken":0}],"boss_relics":[{"not_picked":["Lizard Tail","Philosopher\u0027s Stone"],"picked":"Inserter"}],"potions_floor_spawned":[4,12,18],"seed_played":"-7879258160966200635","killed_by":"Cultist and Chosen","ascension_level":1,"potions_obtained":[{"floor":4,"key":"Swift Potion"},{"floor":12,"key":"Energy Potion"},{"floor":18,"key":"Block Potion"}],"is_trial":false}