{"path_per_floor":["M","?","?","?","$","E","R","E","T","E","M","R","M","M","R","B",null,"M","$","?","M","?","R","M","E","T","E","R","?","?","M","R"],"character_chosen":"DEFECT","items_purchased":["Kunai","Molten Egg 2"],"gold_per_floor":[365,365,365,365,42,75,75,100,100,132,144,144,163,178,178,277,277,289,35,0,17,17,17,37,66,66,91,91,91,91,106,106,106],"floor_reached":33,"campfire_rested":2,"playtime":1722,"item_purchase_floors":[5,19],"current_hp_per_floor":[71,71,71,71,71,56,56,47,47,42,42,42,42,42,42,42,75,71,71,71,60,60,60,39,30,30,8,30,30,16,23,47,0],"items_purged":["Regret"],"gold":106,"score":404,"play_id":"5af471ea-ab75-4c4e-baa0-2744d1730a78","local_time":"20180602085235","is_prod":false,"is_daily":false,"chose_seed":false,"is_ascension_mode":true,"campfire_upgraded":4,"win_rate":0,"timestamp":1527922355,"campfire_choices":[{"data":"Dualcast","floor":7,"key":"SMITH"},{"data":"Double Energy","floor":12,"key":"SMITH"},{"data":"Redo","floor":15,"key":"SMITH"},{"data":"Redo","floor":23,"key":"SMITH"},{"floor":28,"key":"REST"},{"floor":32,"key":"REST"}],"path_taken":["M","?","?","?","$","E","R","E","T","E","M","R","M","?","R","BOSS","M","$","?","M","?","R","M","E","T","E","R","?","?","M","R","BOSS"],"build_version":"2018-05-30v2","seed_source_timestamp":871269993464,"purchased_purges":1,"victory":false,"master_deck":["Strike_B","Strike_B","Strike_B","Strike_B","Defend_B","Defend_B","Defend_B","Defend_B","Zap+1","Dualcast+1","Double Energy+1","Blind","Compile Driver","Sunder","Rainbow","Barrage","Redo+1","Ball Lightning","Redo+1","Thunder Strike","Compile Driver","BootSequence+1","Barrage+1","Defragment","Rebound+1","Electrodynamics"],"max_hp_per_floor":[75,75,75,75,75,75,75,75,75,75,75,75,75,75,75,75,75,75,75,75,75,75,75,75,75,75,75,75,75,80,80,80,80],"relics":["Cracked Core","Kunai","Symbiotic Virus","Anchor","Darkstone Periapt","Lantern","Inserter","Molten Egg 2","Oddly Smooth Stone","Blue Candle","The Courier","Vajra"],"card_choices":[{"not_picked":["Leap","Steam Power"],"picked":"Double Energy","floor":1},{"not_picked":["Coolheaded","Rip and Tear"],"picked":"Sunder","floor":6},{"not_picked":["Steam","Rebound"],"picked":"Rainbow","floor":8},{"not_picked":["Streamline","Sweeping Beam"],"picked":"Barrage","floor":10},{"not_picked":["Stack","Go for the Eyes"],"picked":"Redo","floor":11},{"not_picked":["Storm","Blizzard"],"picked":"Ball Lightning","floor":13},{"not_picked":["Go for the Eyes","Lockon"],"picked":"Redo","floor":14},{"not_picked":["Machine Learning","Meteor Strike"],"picked":"Thunder Strike","floor":16},{"not_picked":["Steam","Rebound"],"picked":"Compile Driver","floor":18},{"not_picked":["Barrage+1","Conserve Battery"],"picked":"BootSequence+1","floor":21},{"not_picked":["Beam Cell+1","Leap"],"picked":"Barrage+1","floor":24},{"not_picked":["Reinforced Body","Leap"],"picked":"Defragment","floor":25},{"not_picked":["Recycle+1","Capacitor"],"picked":"Rebound+1","floor":27},{"not_picked":["Sweeping Beam+1","Stack"],"picked":"Electrodynamics","floor":31}],"player_experience":262630,"potions_floor_usage":[6,6,6,8,10,25,25,25,25,31,33],"damage_taken":[{"damage":4,"enemies":"2 Louse","floor":1,"turns":2},{"damage":15,"enemies":"Lagavulin","floor":6,"turns":7},{"damage":9,"enemies":"3 Sentries","floor":8,"turns":4},{"damage":5,"enemies":"Lagavulin","floor":10,"turns":5},{"damage":0,"enemies":"Cultist","floor":11,"turns":3},{"damage":0,"enemies":"Small Slimes","floor":13,"turns":3},{"damage":0,"enemies":"3 Louse","floor":14,"turns":2},{"damage":0,"enemies":"Slime Boss","floor":16,"turns":7},{"damage":4,"enemies":"Shell Parasite","floor":18,"turns":4},{"damage":11,"enemies":"2 Thieves","floor":21,"turns":3},{"damage":21,"enemies":"Snecko","floor":24,"turns":4},{"damage":9,"enemies":"Slavers","floor":25,"turns":4},{"damage":22,"enemies":"Book of Stabbing","floor":27,"turns":4},{"damage":5,"enemies":"Slaver and Parasite","floor":31,"turns":4},{"damage":76,"enemies":"Collector","floor":33,"turns":7}],"relics_obtained":[{"floor":6,"key":"Symbiotic Virus"},{"floor":8,"key":"Anchor"},{"floor":9,"key":"Darkstone Periapt"},{"floor":10,"key":"Lantern"},{"floor":25,"key":"Blue Candle"},{"floor":26,"key":"The Courier"},{"floor":27,"key":"Vajra"}],"event_choices":[{"event_name":"Match and Keep!","player_choice":"2 cards matched","floor":2,"damage_taken":0},{"event_name":"Living Wall","player_choice":"Grow","floor":3,"damage_taken":0},{"event_name":"The Lab","player_choice":"Got Potions","floor":4,"damage_taken":0},{"event_name":"Masked Bandits","player_choice":"Paid Bandits 35 gold","floor":20,"damage_taken":0},{"event_name":"The Mausoleum","player_choice":"Yes","floor":22,"damage_taken":0},{"event_name":"Ghosts","player_choice":"Ignored","floor":29,"damage_taken":0},{"event_name":"Forgotten Altar","player_choice":"Shed Blood","floor":30,"damage_taken":0}],"boss_relics":[{"not_picked":["Ectoplasm","Snecko Eye"],"picked":"Inserter"}],"items_purged_floors":[5],"potions_floor_spawned":[1,6,8,14,27,31],"seed_played":"-1268859845104840208","killed_by":"Collector","ascension_level":3,"potions_obtained":[{"floor":1,"key":"EssenceOfSteel"},{"floor":4,"key":"EntropicBrew"},{"floor":4,"key":"Ancient Potion"},{"floor":4,"key":"Dexterity Potion"},{"floor":6,"key":"EntropicBrew"},{"floor":8,"key":"FairyPotion"},{"floor":14,"key":"Dexterity Potion"},{"floor":27,"key":"Regen Potion"},{"floor":31,"key":"Ancient Potion"}],"is_trial":false}