{"gold_per_floor":[14,14,29,29,29,58,58,91,91,105,140,166,212,236,248,260],"floor_reached":16,"playtime":475,"items_purged":[],"score":260,"play_id":"dd518562-3dbb-4728-93ad-d430b22895da","local_time":"20190114125457","is_ascension_mode":true,"campfire_choices":[{"data":"Bash","floor":7,"key":"SMITH"},{"data":"Body Slam","floor":15,"key":"SMITH"}],"neow_cost":"NO_GOLD","seed_source_timestamp":8234055227714,"circlet_count":0,"master_deck":["AscendersBane","Strike_R","Strike_R","Strike_R","Strike_R","Strike_R","Defend_R","Defend_R","Defend_R","Defend_R","Bash+1","Immolate+1","Evolve","Corruption","Shrug It Off","Body Slam+1","Armaments","Havoc"],"relics":["Burning Blood","Mercury Hourglass","hubris:BottledRain","hubris:TinFlute","MawBank","hubris:SphereOfDissonance"],"potions_floor_usage":[11,16],"damage_taken":[{"damage":0,"enemies":"2 Louse","floor":1,"turns":1},{"damage":0,"enemies":"Small Slimes","floor":3,"turns":3},{"damage":32,"enemies":"Gremlin Nob","floor":6,"turns":4},{"damage":30,"enemies":"Lagavulin","floor":8,"turns":7},{"damage":9,"enemies":"Jaw Worm","floor":10,"turns":4},{"damage":9,"enemies":"3 Sentries","floor":11,"turns":6},{"damage":0,"enemies":"3 Louse","floor":12,"turns":1},{"damage":32,"enemies":"Gremlin Nob","floor":13,"turns":4},{"damage":0,"enemies":"Blue Slaver","floor":14,"turns":1},{"damage":29,"enemies":"Hexaghost","floor":16,"turns":7}],"seed_played":"6992903529294894003","potions_obtained":[{"floor":8,"key":"Regen Potion"},{"floor":10,"key":"Strength Potion"},{"floor":11,"key":"Strength Potion"}],"is_trial":false,"path_per_floor":["M","?","M","?","?","E","R","E","T","M","E","M","E","M","R","B"],"character_chosen":"IRONCLAD","items_purchased":[],"campfire_rested":0,"item_purchase_floors":[],"current_hp_per_floor":[74,74,75,80,80,54,54,30,30,27,39,45,19,25,25,0],"gold":260,"neow_bonus":"THREE_RARE_CARDS","is_prod":false,"is_daily":false,"chose_seed":false,"campfire_upgraded":2,"win_rate":0,"timestamp":1547466897,"path_taken":["M","?","M","?","?","E","R","E","T","M","E","M","E","M","R","BOSS"],"build_version":"2019-01-10","purchased_purges":0,"victory":false,"max_hp_per_floor":[75,75,75,80,80,80,80,80,80,80,80,80,80,80,80,80],"card_choices":[{"not_picked":["hubris:StunningStrike","Offering"],"picked":"Immolate","floor":0},{"not_picked":["Clash","Wild Strike","Twin Strike"],"picked":"SKIP","floor":1},{"not_picked":["Hemokinesis","Sword Boomerang","Warcry"],"picked":"SKIP","floor":3},{"not_picked":["Fire Breathing","Spot Weakness"],"picked":"Evolve","floor":6},{"not_picked":["Anger","Sever Soul"],"picked":"Corruption","floor":8},{"not_picked":["Hemokinesis","hubris:ReadiedAction"],"picked":"Shrug It Off","floor":10},{"not_picked":["Dropkick","Headbutt"],"picked":"Body Slam","floor":11},{"not_picked":["Twin Strike","hubris:SharpeningStone"],"picked":"Armaments","floor":12},{"not_picked":["Cleave","Sword Boomerang","Fire Breathing"],"picked":"SKIP","floor":13},{"not_picked":["Clash","Pummel"],"picked":"Havoc","floor":14}],"player_experience":1104784,"relics_obtained":[{"floor":6,"key":"Mercury Hourglass"},{"floor":8,"key":"hubris:BottledRain"},{"floor":9,"key":"hubris:TinFlute"},{"floor":11,"key":"MawBank"},{"floor":13,"key":"hubris:SphereOfDissonance"}],"event_choices":[{"damage_healed":0,"gold_gain":0,"player_choice":"Grow","damage_taken":0,"max_hp_gain":0,"max_hp_loss":0,"event_name":"Living Wall","floor":2,"gold_loss":0,"cards_upgraded":["Immolate"]},{"damage_healed":0,"gold_gain":0,"player_choice":"Donut","damage_taken":0,"max_hp_gain":5,"max_hp_loss":0,"event_name":"Big Fish","floor":4,"gold_loss":0},{"damage_healed":0,"gold_gain":0,"player_choice":"Ignored","damage_taken":0,"max_hp_gain":0,"max_hp_loss":0,"event_name":"Liars Game","floor":5,"gold_loss":0}],"is_beta":false,"boss_relics":[],"items_purged_floors":[],"is_endless":false,"potions_floor_spawned":[8,10,11,14],"killed_by":"Hexaghost","ascension_level":20}