{"gold_per_floor":[114,134,134,7,20,50,61,61,85,85,85,116,116,127,127,201,201,214,56,56,56,76,76,107,107,134,469,469,499,499,513,513,585,585,602,620,425,425,425,460,476,508,508,519,519,531,543,543,543,543,543,543,543,134,165,165],"floor_reached":56,"playtime":3536,"items_purged":["Strike_G+1","Strike_G+1"],"score":2046,"play_id":"611a3651-7d13-45af-82df-e9179e09be39","local_time":"20190805104011","is_ascension_mode":true,"campfire_choices":[{"floor":11.0,"key":"REST"},{"data":"Noxious Fumes","floor":13.0,"key":"SMITH"},{"data":"Noxious Fumes","floor":15.0,"key":"SMITH"},{"floor":23.0,"key":"REST"},{"data":"After Image","floor":25.0,"key":"SMITH"},{"floor":28.0,"key":"REST"},{"data":"Leg Sweep","floor":32.0,"key":"SMITH"},{"floor":45.0,"key":"REST"},{"floor":49.0,"key":"RECALL"},{"data":"Catalyst","floor":53.0,"key":"SMITH"}],"neow_cost":"NONE","seed_source_timestamp":0,"circlet_count":0,"master_deck":["AscendersBane","Strike_G+1","Strike_G+1","Defend_G+1","Defend_G+1","Defend_G+1","Defend_G+1","Defend_G+1","Survivor","Neutralize","Predator","Noxious Fumes+1","Crippling Poison+1","Footwork+1","Leg Sweep+1","PiercingWail","Noxious Fumes+1","Dagger Spray","After Image+1","Backflip","Burst","Dash+1","Catalyst+1","Crippling Poison","Blur","Backflip","Blur+1"],"special_seed":0,"relics":["Ring of the Snake","Happy Flower","War Paint","PreservedInsect","Anchor","Philosopher\u0027s Stone","Snake Skull","Nilry\u0027s Codex","GremlinMask","Blood Vial","Ancient Tea Set","Old Coin","Oddly Smooth Stone","Snecko Eye","Matryoshka","Pen Nib","Letter Opener","ClockworkSouvenir","Lantern"],"potions_floor_usage":[56,56],"damage_taken":[{"damage":0.0,"enemies":"2 Louse","floor":1.0,"turns":3.0},{"damage":1.0,"enemies":"Small Slimes","floor":2.0,"turns":4.0},{"damage":0.0,"enemies":"Jaw Worm","floor":5.0,"turns":4.0},{"damage":33.0,"enemies":"3 Sentries","floor":6.0,"turns":7.0},{"damage":0.0,"enemies":"Exordium Thugs","floor":7.0,"turns":4.0},{"damage":0.0,"enemies":"Lagavulin","floor":12.0,"turns":7.0},{"damage":0.0,"enemies":"3 Louse","floor":14.0,"turns":2.0},{"damage":0.0,"enemies":"The Guardian","floor":16.0,"turns":10.0},{"damage":6.0,"enemies":"Shell Parasite","floor":18.0,"turns":6.0},{"damage":0.0,"enemies":"Chosen","floor":22.0,"turns":6.0},{"damage":21.0,"enemies":"Book of Stabbing","floor":24.0,"turns":6.0},{"damage":9.0,"enemies":"Slavers","floor":27.0,"turns":3.0},{"damage":15.0,"enemies":"Book of Stabbing","floor":29.0,"turns":6.0},{"damage":0.0,"enemies":"Shelled Parasite and Fungi","floor":31.0,"turns":5.0},{"damage":9.0,"enemies":"Automaton","floor":33.0,"turns":13.0},{"damage":30.0,"enemies":"3 Darklings","floor":35.0,"turns":5.0},{"damage":1.0,"enemies":"3 Shapes","floor":36.0,"turns":4.0},{"damage":13.0,"enemies":"Giant Head","floor":40.0,"turns":8.0},{"damage":15.0,"enemies":"Spire Growth","floor":41.0,"turns":9.0},{"damage":2.0,"enemies":"Nemesis","floor":42.0,"turns":7.0},{"damage":0.0,"enemies":"Writhing Mass","floor":44.0,"turns":6.0},{"damage":5.0,"enemies":"3 Darklings","floor":46.0,"turns":4.0},{"damage":4.0,"enemies":"4 Shapes","floor":47.0,"turns":4.0},{"damage":7.0,"enemies":"Awakened One","floor":50.0,"turns":17.0},{"damage":9.0,"enemies":"Donu and Deca","floor":51.0,"turns":11.0},{"damage":45,"enemies":"Shield and Spear","floor":55,"turns":5},{"damage":20,"enemies":"The Heart","floor":56,"turns":2}],"seed_played":"1694621094987899696","potions_obtained":[{"floor":1.0,"key":"Fire Potion"},{"floor":2.0,"key":"Block Potion"},{"floor":14.0,"key":"Block Potion"},{"floor":18.0,"key":"Block Potion"},{"floor":29.0,"key":"Weak Potion"},{"floor":31.0,"key":"GhostInAJar"},{"floor":44.0,"key":"Swift Potion"},{"floor":46.0,"key":"AttackPotion"}],"is_trial":false,"path_per_floor":["M","M","?","$","M","E","M","?","T","?","R","E","R","M","R","B",null,"M","$","?","?","M","R","E","R","T","E","R","E","?","M","R","B",null,"M","M","$","?","?","E","M","E","T","M","R","M","M","?","R","B","B",null,"R","$","E","B"],"character_chosen":"THE_SILENT","items_purchased":["Crippling Poison","Footwork","Snake Skull","Crippling Poison","GhostInAJar","ClockworkSouvenir","LiquidBronze"],"campfire_rested":4,"item_purchase_floors":[4,4,19,37,37,54,54],"current_hp_per_floor":[59,58,38,38,38,5,5,5,5,5,24,24,24,24,24,24,56,50,50,29,29,29,48,27,27,27,20,39,26,26,28,28,21,55,27,28,28,28,28,17,4,4,4,6,24,21,19,19,19,14,7,49,49,49,6,0],"gold":165,"neow_bonus":"RANDOM_COMMON_RELIC","is_prod":false,"is_daily":false,"chose_seed":false,"campfire_upgraded":5,"win_rate":0,"timestamp":1564994411,"path_taken":["M","M","?","$","M","E","M","?","T","?","R","E","R","M","R","BOSS","M","$","?","?","?","R","E","R","T","E","R","E","?","M","R","BOSS","M","M","$","?","?","E","M","E","T","M","R","M","M","?","R","BOSS","BOSS","R","$","E","BOSS"],"build_version":"2019-07-17","purchased_purges":2,"victory":false,"max_hp_per_floor":[66,66,66,66,66,66,66,66,66,66,66,66,66,66,66,66,66,66,66,66,66,66,66,66,66,66,66,66,66,66,66,66,66,66,66,66,66,63,63,63,63,63,63,63,63,63,63,63,63,63,63,63,63,63,63,63],"card_choices":[{"not_picked":["Backflip","Catalyst"],"picked":"Predator","floor":1.0},{"not_picked":["Tactician","Caltrops"],"picked":"Noxious Fumes","floor":2.0},{"not_picked":["Calculated Gamble","Outmaneuver","Blade Dance"],"picked":"SKIP","floor":5.0},{"not_picked":["Prepared","Underhanded Strike"],"picked":"Leg Sweep","floor":6.0},{"not_picked":["Dodge and Roll","Underhanded Strike"],"picked":"PiercingWail","floor":7.0},{"not_picked":["Dash","Heel Hook"],"picked":"Noxious Fumes","floor":12.0},{"not_picked":["Flechettes","Bullet Time"],"picked":"Dagger Spray","floor":14.0},{"not_picked":["Tools of the Trade","Bullet Time"],"picked":"After Image","floor":16.0},{"not_picked":["Slice","Predator"],"picked":"Backflip","floor":18.0},{"not_picked":["Prepared","Finisher","Concentrate"],"picked":"SKIP","floor":22.0},{"not_picked":["Masterful Stab","Dagger Spray","Predator"],"picked":"SKIP","floor":24.0},{"not_picked":["Infinite Blades","Heel Hook","Acrobatics"],"picked":"SKIP","floor":27.0},{"not_picked":["Eviscerate","Flying Knee","Riddle With Holes+1"],"picked":"SKIP","floor":29.0},{"not_picked":["Tactician","Deadly Poison","Endless Agony"],"picked":"SKIP","floor":31.0},{"not_picked":["Venomology","Doppelganger"],"picked":"Burst","floor":33.0},{"not_picked":["Prepared","Bouncing Flask"],"picked":"Dash+1","floor":35.0},{"not_picked":["Escape Plan+1","Dodge and Roll+1"],"picked":"Catalyst","floor":36.0},{"not_picked":["Predator","Cloak And Dagger+1","Dagger Spray"],"picked":"SKIP","floor":40.0},{"not_picked":["Bane+1","Bouncing Flask","Finisher"],"picked":"SKIP","floor":41.0},{"not_picked":["Riddle With Holes","Dagger Spray"],"picked":"Blur","floor":42.0},{"not_picked":["Blur","Reflex"],"picked":"Backflip","floor":44.0},{"not_picked":["Dash+1","Outmaneuver+1","Distraction"],"picked":"SKIP","floor":46.0},{"not_picked":["Blade Dance","Sucker Punch","A Thousand Cuts"],"picked":"SKIP","floor":47.0},{"not_picked":["Cloak And Dagger","Caltrops"],"picked":"Blur+1","floor":55}],"player_experience":1874924,"relics_obtained":[{"floor":6.0,"key":"War Paint"},{"floor":9.0,"key":"PreservedInsect"},{"floor":12.0,"key":"Anchor"},{"floor":20.0,"key":"Nilry\u0027s Codex"},{"floor":24.0,"key":"Blood Vial"},{"floor":26.0,"key":"Ancient Tea Set"},{"floor":27.0,"key":"Old Coin"},{"floor":29.0,"key":"Oddly Smooth Stone"},{"floor":40.0,"key":"Matryoshka"},{"floor":42.0,"key":"Pen Nib"},{"floor":43.0,"key":"Letter Opener"},{"floor":55,"key":"Lantern"}],"event_choices":[{"damage_healed":0.0,"max_hp_gain":0.0,"max_hp_loss":0.0,"gold_gain":0.0,"event_name":"Shining Light","player_choice":"Entered Light","floor":3.0,"gold_loss":0.0,"damage_taken":20.0,"cards_upgraded":["Defend_G","Defend_G"]},{"damage_healed":0.0,"max_hp_gain":0.0,"max_hp_loss":0.0,"gold_gain":0.0,"event_name":"Living Wall","player_choice":"Grow","floor":8.0,"gold_loss":0.0,"damage_taken":0.0,"cards_upgraded":["Footwork"]},{"damage_healed":0.0,"max_hp_gain":0.0,"max_hp_loss":0.0,"gold_gain":0.0,"event_name":"Scrap Ooze","player_choice":"Fled","floor":10.0,"gold_loss":0.0,"damage_taken":0.0},{"damage_healed":0.0,"max_hp_gain":0.0,"max_hp_loss":0.0,"gold_gain":0.0,"event_name":"Cursed Tome","player_choice":"Obtained Book","floor":20.0,"gold_loss":0.0,"damage_taken":21.0},{"damage_healed":0.0,"max_hp_gain":0.0,"max_hp_loss":0.0,"gold_gain":0.0,"event_name":"FaceTrader","player_choice":"Trade","floor":21.0,"gold_loss":0.0,"damage_taken":0.0,"relics_obtained":["GremlinMask"]},{"damage_healed":0.0,"max_hp_gain":0.0,"max_hp_loss":0.0,"gold_gain":0.0,"event_name":"Back to Basics","player_choice":"Simplicity","floor":30.0,"gold_loss":0.0,"damage_taken":0.0,"cards_upgraded":["Strike_G","Strike_G","Strike_G","Strike_G","Strike_G","Defend_G","Defend_G"]},{"damage_healed":0.0,"max_hp_gain":0.0,"max_hp_loss":3.0,"gold_gain":0.0,"event_name":"Winding Halls","player_choice":"Max HP","floor":38.0,"gold_loss":0.0,"damage_taken":0.0},{"cards_removed":["Strike_G"],"damage_healed":0.0,"max_hp_gain":0.0,"max_hp_loss":0.0,"gold_gain":0.0,"event_name":"Falling","player_choice":"Removed Attack","floor":39.0,"gold_loss":0.0,"damage_taken":0.0},{"damage_healed":0.0,"max_hp_gain":0.0,"max_hp_loss":0.0,"gold_gain":0.0,"event_name":"Mysterious Sphere","player_choice":"Ignored","floor":48.0,"gold_loss":0.0,"damage_taken":0.0}],"is_beta":false,"boss_relics":[{"not_picked":["Fusion Hammer","Eternal Feather"],"picked":"Philosopher\u0027s Stone"},{"not_picked":["Pandora\u0027s Box","Calling Bell"],"picked":"Snecko Eye"}],"items_purged_floors":[37,54],"is_endless":false,"potions_floor_spawned":[1,2,14,18,29,31,41,44,46],"killed_by":"The Heart","ascension_level":20}