{"gold_per_floor":[110,110,110,35,35,68,68,91,91,6,6,60,60,84,84,174,174,194,210,47,70,94,94,94],"floor_reached":24,"playtime":871,"items_purged":["Strike_G+1"],"score":438,"play_id":"43702d88-3b79-423b-9f29-d455de42251d","local_time":"20190825203436","is_ascension_mode":true,"campfire_choices":[{"data":"Neutralize","floor":7,"key":"SMITH"},{"data":"Crippling Poison","floor":13,"key":"SMITH"},{"data":"Well Laid Plans","floor":15,"key":"SMITH"},{"data":"Envenom","floor":23,"key":"SMITH"}],"neow_cost":"NONE","seed_source_timestamp":36428766153577,"circlet_count":0,"master_deck":["AscendersBane","Defend_G","Defend_G","Defend_G+1","Defend_G","Defend_G","Survivor","Neutralize+1","Dagger Throw","Well Laid Plans+1","Crippling Poison+1","Envenom+1","Venomology+1","Die Die Die+1","Slice+1","Choke+1","Backflip","Noxious Fumes","Crippling Poison"],"relics":["Ring of the Snake","NeowsBlessing","Singing Bowl","Golden Idol","Ancient Tea Set","Letter Opener","Happy Flower","Astrolabe"],"potions_floor_usage":[19,19,22,24,24],"damage_taken":[{"damage":0,"enemies":"Cultist","floor":1,"turns":1},{"damage":0,"enemies":"3 Sentries","floor":6,"turns":2},{"damage":0,"enemies":"Small Slimes","floor":8,"turns":1},{"damage":0,"enemies":"Jaw Worm","floor":14,"turns":3},{"damage":28,"enemies":"The Guardian","floor":16,"turns":21},{"damage":0,"enemies":"Chosen","floor":18,"turns":5},{"damage":3,"enemies":"2 Thieves","floor":19,"turns":3},{"damage":14,"enemies":"Centurion and Healer","floor":21,"turns":9},{"damage":6,"enemies":"3 Cultists","floor":22,"turns":4},{"damage":31,"enemies":"Gremlin Leader","floor":24,"turns":5}],"seed_played":"4939821205468261069","potions_obtained":[{"floor":8,"key":"SmokeBomb"},{"floor":16,"key":"Fire Potion"}],"is_trial":false,"path_per_floor":["M","?","?","?","$","E","R","M","T","$","?","T","R","M","R","B",null,"M","M","$","M","M","R","E"],"character_chosen":"THE_SILENT","items_purchased":["Crippling Poison","Noxious Fumes"],"campfire_rested":0,"item_purchase_floors":[10,20],"current_hp_per_floor":[59,48,48,48,48,48,48,48,48,48,30,30,30,32,32,4,48,48,45,45,31,27,27,0],"gold":94,"neow_bonus":"THREE_ENEMY_KILL","is_prod":false,"is_daily":false,"chose_seed":false,"campfire_upgraded":4,"win_rate":0,"timestamp":1566758076,"path_taken":["M","?","?","?","$","E","R","M","T","$","?","?","R","?","R","BOSS","M","M","$","M","M","R","E"],"build_version":"2019-07-17","purchased_purges":1,"victory":false,"max_hp_per_floor":[66,66,60,60,60,60,60,60,60,60,60,60,60,62,62,62,62,62,62,62,62,64,64,64],"card_choices":[{"not_picked":["Deflect","Tactician","Outmaneuver"],"picked":"SKIP","floor":1},{"not_picked":["Underhanded Strike","Outmaneuver"],"picked":"Dagger Throw","floor":6},{"not_picked":["Expertise","All Out Attack"],"picked":"Well Laid Plans","floor":8},{"not_picked":["Slice","Masterful Stab","Flying Knee"],"picked":"Singing Bowl","floor":14},{"not_picked":["Bullet Time","Grand Finale"],"picked":"Envenom","floor":16},{"not_picked":["Slice","Prepared"],"picked":"Choke+1","floor":18},{"not_picked":["Flying Knee","Expertise"],"picked":"Backflip","floor":19},{"not_picked":["Caltrops","Concentrate"],"picked":"Crippling Poison","floor":21},{"not_picked":["Terror","Bane","Acrobatics"],"picked":"Singing Bowl","floor":22}],"player_experience":1968150,"relics_obtained":[{"floor":6,"key":"Ancient Tea Set"},{"floor":9,"key":"Letter Opener"},{"floor":12,"key":"Happy Flower"}],"event_choices":[{"damage_healed":0,"gold_gain":0,"player_choice":"Success","damage_taken":11,"relics_obtained":["Singing Bowl"],"max_hp_gain":0,"max_hp_loss":0,"event_name":"Scrap Ooze","floor":2,"gold_loss":0},{"damage_healed":0,"gold_gain":0,"player_choice":"Lose Max HP","damage_taken":0,"relics_obtained":["Golden Idol"],"max_hp_gain":0,"max_hp_loss":6,"event_name":"Golden Idol","floor":3,"gold_loss":0},{"cards_removed":["Strike_G"],"damage_healed":0,"gold_gain":0,"player_choice":"Card Removal","damage_taken":0,"max_hp_gain":0,"max_hp_loss":0,"event_name":"The Cleric","floor":4,"gold_loss":75},{"damage_healed":0,"gold_gain":0,"player_choice":"Entered Light","damage_taken":18,"max_hp_gain":0,"max_hp_loss":0,"event_name":"Shining Light","floor":11,"gold_loss":0,"cards_upgraded":["Strike_G","Defend_G"]}],"is_beta":false,"boss_relics":[{"not_picked":["Lizard Tail","Black Star"],"picked":"Astrolabe"}],"items_purged_floors":[20],"is_endless":false,"potions_floor_spawned":[8,16,18],"killed_by":"Gremlin Leader","ascension_level":20}