{"gold_per_floor":[114,129,129,144,144,174,174,174,249,279,279,294,62,92,92,192,192,207,207,222,422,24,54,54,84,84,114,129,144,159,189,189,289,289,304,319,334,334,17,47,47,62,112,142,142,172,172,57,57,57],"floor_reached":51,"playtime":22528,"items_purged":["Flying Knee","Shame"],"score":1206,"play_id":"7832d0c1-e02b-4212-97a7-db80b54c69cf","local_time":"20190930220442","daily_mods":["Insanity","Time Dilation","Elite Swarm"],"is_ascension_mode":false,"campfire_choices":[{"floor":7,"key":"REST"},{"floor":11,"key":"REST"},{"floor":15,"key":"REST"},{"floor":24,"key":"REST"},{"floor":32,"key":"REST"},{"floor":41,"key":"REST"},{"floor":49,"key":"REST"}],"neow_cost":"","seed_source_timestamp":0,"circlet_count":0,"master_deck":["Underhanded Strike","Finisher","Dagger Throw","PiercingWail","Blade Dance","Bane","Outmaneuver","Poisoned Stab","Backflip+1","Slice","Heel Hook","Prepared","Slice","Dagger Spray","Blade Dance","Deadly Poison","Blade Dance","Dodge and Roll","Blade Dance","Dagger Spray","Acrobatics","Slice","Leg Sweep","Dagger Spray","Tactician","Outmaneuver","Cloak And Dagger","Deflect","Sucker Punch","Endless Agony","Blade Dance","Slice","Cloak And Dagger","Noxious Fumes","Skewer","Caltrops","Eviscerate","Noxious Fumes","Underhanded Strike","Dagger Spray","Deflect","Dagger Spray","Flying Knee","Underhanded Strike","Prepared","Sucker Punch","Deflect","Deflect","Die Die Die","Burst+1","Deadly Poison+1","Well Laid Plans","Deadly Poison+1","Acrobatics+1","Malaise+1","Adrenaline+1","Blind+1","Burst+1","Tools of the Trade","Corpse Explosion+1","Cloak And Dagger+1","Burst+1","Malaise+1","Parasite","Regret","Shame","Deadly Poison+1","Dodge and Roll+1","Outmaneuver+1","Bouncing Flask+1","Apotheosis+1","Adrenaline+1","Parasite","Deflect+1","Parasite","Phantasmal Killer+1","Impatience+1","Madness+1","Malaise+1","Madness+1","Madness+1","Acrobatics+1"],"special_seed":18169,"relics":["Ring of the Snake","Bag of Preparation","Singing Bowl","Toxic Egg 2","Darkstone Periapt","Cursed Key","Gambling Chip","Unceasing Top","Lantern","Matryoshka","Bottled Tornado","Bronze Scales","Calling Bell","Dream Catcher","Question Card","FossilizedHelix","Bird Faced Urn","Ancient Tea Set","Snake Skull","Oddly Smooth Stone","Torii","Meat on the Bone"],"potions_floor_usage":[16,27,31,40,46,50,50,50],"damage_taken":[{"damage":0,"enemies":"Cultist","floor":1,"turns":2},{"damage":0,"enemies":"2 Louse","floor":2,"turns":1},{"damage":0,"enemies":"Small Slimes","floor":4,"turns":2},{"damage":30,"enemies":"Gremlin Nob","floor":6,"turns":4},{"damage":7,"enemies":"3 Sentries","floor":10,"turns":4},{"damage":0,"enemies":"2 Fungi Beasts","floor":12,"turns":2},{"damage":19,"enemies":"Gremlin Nob","floor":14,"turns":4},{"damage":16,"enemies":"Hexaghost","floor":16,"turns":9},{"damage":3,"enemies":"Spheric Guardian","floor":18,"turns":3},{"damage":0,"enemies":"3 Byrds","floor":20,"turns":3},{"damage":23,"enemies":"Book of Stabbing","floor":23,"turns":4},{"damage":12,"enemies":"Gremlin Leader","floor":25,"turns":4},{"damage":3,"enemies":"Book of Stabbing","floor":27,"turns":4},{"damage":8,"enemies":"Centurion and Healer","floor":28,"turns":2},{"damage":7,"enemies":"Snecko","floor":29,"turns":4},{"damage":2,"enemies":"Shelled Parasite and Fungi","floor":30,"turns":3},{"damage":5,"enemies":"Slavers","floor":31,"turns":3},{"damage":14,"enemies":"Collector","floor":33,"turns":6},{"damage":0,"enemies":"Orb Walker","floor":35,"turns":2},{"damage":8,"enemies":"3 Darklings","floor":36,"turns":4},{"damage":26,"enemies":"Jaw Worm Horde","floor":37,"turns":3},{"damage":14,"enemies":"Reptomancer","floor":40,"turns":4},{"damage":0,"enemies":"Writhing Mass","floor":42,"turns":4},{"damage":0,"enemies":"Giant Head","floor":44,"turns":5},{"damage":14,"enemies":"Reptomancer","floor":46,"turns":5},{"damage":13,"enemies":"Donu and Deca","floor":50,"turns":6}],"seed_played":"56981733373106390","potions_obtained":[{"floor":2,"key":"Explosive Potion"},{"floor":6,"key":"SkillPotion"},{"floor":12,"key":"Poison Potion"},{"floor":23,"key":"Block Potion"},{"floor":27,"key":"AttackPotion"},{"floor":33,"key":"FearPotion"},{"floor":42,"key":"Ancient Potion"},{"floor":44,"key":"Fire Potion"},{"floor":46,"key":"SneckoOil"}],"is_trial":false,"path_per_floor":["M","M","?","M","?","E","R","?","T","E","R","M","$","E","R","B",null,"M","?","M","?","$","E","R","E","T","E","M","M","M","E","R","B",null,"M","M","M","?","$","E","R","M","T","E","?","E","?","?","R","B",null],"character_chosen":"THE_SILENT","items_purchased":["Well Laid Plans","Deadly Poison+1","Acrobatics+1","Gambling Chip","Blind+1","Bouncing Flask+1","Apotheosis+1"],"campfire_rested":7,"item_purchase_floors":[13,13,13,22,22,39,39],"current_hp_per_floor":[70,70,70,70,63,33,54,54,54,47,68,68,68,49,70,54,70,69,69,71,71,71,48,70,58,64,61,53,48,48,43,68,54,102,102,94,68,68,68,54,86,94,100,106,98,86,71,71,106,99],"gold":57,"neow_bonus":"","is_prod":false,"is_daily":true,"chose_seed":false,"campfire_upgraded":0,"win_rate":0.0,"timestamp":1569873882,"path_taken":["M","?","?","?","?","E","R","?","T","E","R","M","?","E","R","BOSS","M","?","M","?","$","E","R","E","T","E","M","M","M","E","R","BOSS","M","M","?","?","$","E","R","M","T","E","?","E","?","?","R","BOSS"],"build_version":"2019-07-05","purchased_purges":2,"victory":true,"max_hp_per_floor":[70,70,70,70,70,70,70,70,70,70,70,70,70,70,70,70,70,72,72,74,74,74,74,74,74,80,80,80,82,84,84,84,84,102,102,102,102,102,102,102,104,110,116,116,118,118,118,118,118,118],"card_choices":[{"not_picked":["Blade Dance","Dagger Throw"],"picked":"Deflect","floor":1},{"not_picked":["Bane","Choke"],"picked":"Deflect","floor":2},{"not_picked":["Dagger Spray","Quick Slash","Bane"],"picked":"SKIP","floor":4},{"not_picked":["Wraith Form v2","Grand Finale"],"picked":"Die Die Die","floor":6},{"not_picked":["Die Die Die","A Thousand Cuts"],"picked":"Burst","floor":10},{"not_picked":["Dagger Throw","Masterful Stab"],"picked":"Deadly Poison+1","floor":12},{"not_picked":["Tools of the Trade","Bullet Time+1"],"picked":"Malaise+1","floor":14},{"not_picked":["Wraith Form v2","A Thousand Cuts"],"picked":"Adrenaline+1","floor":16},{"not_picked":["Flying Knee","Outmaneuver+1","Blade Dance+1"],"picked":"Singing Bowl","floor":18},{"not_picked":["Slice+1","Dagger Spray+1","Underhanded Strike"],"picked":"Singing Bowl","floor":20},{"not_picked":["Wraith Form v2","Night Terror+1"],"picked":"Burst+1","floor":23},{"not_picked":["Bullet Time+1","Wraith Form v2"],"picked":"Tools of the Trade","floor":25},{"not_picked":["Burst+1","Grand Finale"],"picked":"Corpse Explosion+1","floor":27},{"not_picked":["Dagger Throw","Accuracy+1"],"picked":"Cloak And Dagger+1","floor":28},{"not_picked":["Dagger Spray","Sucker Punch","Dagger Throw"],"picked":"Singing Bowl","floor":29},{"not_picked":["Blade Dance+1","Infinite Blades+1","Sucker Punch"],"picked":"Singing Bowl","floor":30},{"not_picked":["Doppelganger+1","Wraith Form v2"],"picked":"Burst+1","floor":31},{"not_picked":["Venomology+1","Storm of Steel+1"],"picked":"Malaise+1","floor":33},{"not_picked":["Poisoned Stab","Slice","Distraction+1"],"picked":"Deadly Poison+1","floor":35},{"not_picked":["Dagger Spray","Accuracy+1","Quick Slash"],"picked":"Dodge and Roll+1","floor":36},{"not_picked":["Choke+1","Dagger Throw","Bane+1"],"picked":"Outmaneuver+1","floor":37},{"not_picked":["Tools of the Trade","Malaise+1","Glass Knife"],"picked":"Adrenaline+1","floor":40},{"not_picked":["Infinite Blades+1","Blade Dance+1","Riddle With Holes+1","Backstab+1"],"picked":"Singing Bowl","floor":41},{"not_picked":["Dagger Throw","Bane+1","PiercingWail+1"],"picked":"Deflect+1","floor":42},{"not_picked":["Malaise+1","Venomology+1","Wraith Form v2"],"picked":"Phantasmal Killer+1","floor":44},{"not_picked":["Good Instincts+1","PanicButton+1","Dark Shackles+1","Purity+1"],"picked":"Singing Bowl","floor":45},{"not_picked":["Secret Weapon+1","HandOfGreed","Blind+1"],"picked":"Impatience+1","floor":45},{"not_picked":["Blind+1","Panacea+1","Good Instincts+1"],"picked":"Madness+1","floor":45},{"not_picked":["Grand Finale","Bullet Time+1","Storm of Steel+1"],"picked":"Malaise+1","floor":46},{"not_picked":["Prepared+1","Reflex+1","PiercingWail+1"],"picked":"Acrobatics+1","floor":49}],"player_experience":46432,"relics_obtained":[{"floor":6,"key":"Bag of Preparation"},{"floor":9,"key":"Singing Bowl"},{"floor":10,"key":"Toxic Egg 2"},{"floor":14,"key":"Darkstone Periapt"},{"floor":23,"key":"Unceasing Top"},{"floor":25,"key":"Lantern"},{"floor":26,"key":"Matryoshka"},{"floor":27,"key":"Bottled Tornado"},{"floor":31,"key":"Bronze Scales"},{"floor":34,"key":"Dream Catcher"},{"floor":34,"key":"Question Card"},{"floor":34,"key":"FossilizedHelix"},{"floor":40,"key":"Bird Faced Urn"},{"floor":43,"key":"Ancient Tea Set"},{"floor":43,"key":"Snake Skull"},{"floor":44,"key":"Oddly Smooth Stone"},{"floor":46,"key":"Torii"}],"event_choices":[{"damage_healed":0,"gold_gain":0,"player_choice":"Forge","damage_taken":0,"max_hp_gain":0,"max_hp_loss":0,"event_name":"Accursed Blacksmith","floor":3,"gold_loss":0,"cards_upgraded":["Backflip"]},{"cards_removed":["Riddle With Holes"],"damage_healed":0,"gold_gain":0,"player_choice":"Card Removal","damage_taken":7,"max_hp_gain":0,"max_hp_loss":0,"event_name":"Golden Wing","floor":5,"gold_loss":0},{"damage_healed":0,"gold_gain":0,"player_choice":"Ignored","damage_taken":0,"max_hp_gain":0,"max_hp_loss":0,"event_name":"Golden Idol","floor":8,"gold_loss":0},{"cards_removed":["All Out Attack"],"damage_healed":0,"gold_gain":0,"player_choice":"Elegance","damage_taken":0,"max_hp_gain":0,"max_hp_loss":0,"event_name":"Back to Basics","floor":19,"gold_loss":0},{"damage_healed":0,"gold_gain":200,"player_choice":"Gold","damage_taken":0,"max_hp_gain":0,"max_hp_loss":0,"event_name":"Wheel of Change","floor":21,"gold_loss":0},{"cards_removed":["Predator"],"damage_healed":0,"gold_gain":0,"player_choice":"Removed Attack","damage_taken":0,"max_hp_gain":0,"max_hp_loss":0,"event_name":"Falling","floor":38,"gold_loss":0},{"damage_healed":0,"gold_gain":0,"player_choice":"Memory 3","damage_taken":10,"max_hp_gain":0,"max_hp_loss":0,"event_name":"SensoryStone","floor":45,"gold_loss":0},{"damage_healed":0,"gold_gain":0,"player_choice":"Embrace Madness","damage_taken":15,"max_hp_gain":0,"max_hp_loss":0,"event_name":"Winding Halls","floor":47,"gold_loss":0,"cards_obtained":["Madness","Madness"]},{"damage_healed":0,"gold_gain":0,"player_choice":"Paid Gold","damage_taken":0,"relics_obtained":["Meat on the Bone"],"max_hp_gain":0,"max_hp_loss":0,"event_name":"WeMeetAgain","floor":48,"gold_loss":115}],"is_beta":false,"boss_relics":[{"not_picked":["Astrolabe","Empty Cage"],"picked":"Cursed Key"},{"not_picked":["Runic Pyramid","WristBlade"],"picked":"Calling Bell"}],"items_purged_floors":[13,39],"is_endless":false,"potions_floor_spawned":[2,6,12,23,27,28,33,42,44,46],"ascension_level":0}