{"gold_per_floor":[15,15,34,34,50,50,89,107,132,144,197,209,241,271,283,391,403,429,441,468,496,531,574,586,621,702,747,784,834,846],"floor_reached":30,"playtime":1415,"items_purged":[],"score":658,"play_id":"83fb4095-9b1e-48da-8439-d2866597df9c","local_time":"20190428100751","is_ascension_mode":true,"campfire_choices":[{"data":"Bash","floor":6.0,"key":"SMITH"},{"data":"Armaments","floor":10.0,"key":"SMITH"},{"data":"Inflame","floor":15.0,"key":"SMITH"},{"floor":24.0,"key":"REST"}],"neow_cost":"NO_GOLD","seed_source_timestamp":0,"circlet_count":0,"master_deck":["AscendersBane","Strike_R","Strike_R","Defend_R","Defend_R+1","Defend_R","Defend_R","Bash+1","Iron Wave","Offering","Anger","Armaments+1","Thunderclap","Inflame+1","Disarm+1","Headbutt","Corruption","Feel No Pain","Limit Break","Shrug It Off","Shockwave","Flame Barrier","Body Slam","Warcry","Exhume","Heavy Blade+1","Shrug It Off","Anger","True Grit","Rage+1"],"special_seed":0,"relics":["Burning Blood","Golden Idol","PreservedInsect","MawBank","War Paint","Orrery","Happy Flower","Letter Opener","Meat on the Bone","Smiling Mask"],"potions_floor_usage":[30,30],"damage_taken":[{"damage":4.0,"enemies":"Jaw Worm","floor":1.0,"turns":5.0},{"damage":0.0,"enemies":"Small Slimes","floor":3.0,"turns":4.0},{"damage":1.0,"enemies":"2 Louse","floor":5.0,"turns":3.0},{"damage":36.0,"enemies":"3 Sentries","floor":7.0,"turns":9.0},{"damage":19.0,"enemies":"Lots of Slimes","floor":8.0,"turns":3.0},{"damage":14.0,"enemies":"Lagavulin","floor":11.0,"turns":6.0},{"damage":6.0,"enemies":"2 Fungi Beasts","floor":13.0,"turns":2.0},{"damage":6.0,"enemies":"Exordium Wildlife","floor":14.0,"turns":4.0},{"damage":3.0,"enemies":"The Guardian","floor":16.0,"turns":12.0},{"damage":9.0,"enemies":"2 Thieves","floor":18.0,"turns":3.0},{"damage":15.0,"enemies":"Spheric Guardian","floor":20.0,"turns":5.0},{"damage":6.0,"enemies":"Snecko","floor":21.0,"turns":7.0},{"damage":12.0,"enemies":"Centurion and Healer","floor":22.0,"turns":5.0},{"damage":37.0,"enemies":"Slavers","floor":23.0,"turns":8.0},{"damage":5.0,"enemies":"Snake Plant","floor":25.0,"turns":6.0},{"damage":14.0,"enemies":"Gremlin Leader","floor":27.0,"turns":5.0},{"damage":10.0,"enemies":"Sentry and Sphere","floor":28.0,"turns":8.0},{"damage":12.0,"enemies":"Slavers","floor":29.0,"turns":3.0},{"damage":36,"enemies":"Masked Bandits","floor":30,"turns":4}],"seed_played":"-3747964793243566757","potions_obtained":[{"floor":3.0,"key":"EssenceOfSteel"},{"floor":7.0,"key":"Fire Potion"},{"floor":14.0,"key":"SkillPotion"},{"floor":16.0,"key":"Dexterity Potion"},{"floor":27.0,"key":"FearPotion"},{"floor":28.0,"key":"SteroidPotion"},{"floor":29.0,"key":"PowerPotion"}],"is_trial":false,"path_per_floor":["M","?","M","?","M","R","E","M","T","R","E","?","M","M","R","B",null,"M","$","M","M","M","E","R","M","T","E","M","E","?"],"character_chosen":"IRONCLAD","items_purchased":[],"campfire_rested":1,"item_purchase_floors":[],"current_hp_per_floor":[70,68,68,61,66,66,36,23,23,23,15,15,15,15,15,18,56,53,53,44,44,38,7,27,28,28,20,28,34,0],"gold":846,"neow_bonus":"TRANSFORM_TWO_CARDS","is_prod":false,"is_daily":false,"chose_seed":false,"campfire_upgraded":3,"win_rate":0,"timestamp":1556438871,"path_taken":["M","?","M","?","M","R","E","M","T","R","E","?","M","?","R","BOSS","M","$","M","M","M","E","R","M","T","E","M","E","?"],"build_version":"2019-01-23","purchased_purges":0,"victory":false,"max_hp_per_floor":[75,68,68,68,68,68,68,68,68,68,68,68,68,68,68,68,68,68,68,68,68,68,68,68,68,68,68,68,68,68],"card_choices":[{"not_picked":["Heavy Blade","Pommel Strike"],"picked":"Anger","floor":1.0},{"not_picked":["Bloodletting","Clash"],"picked":"Armaments","floor":3.0},{"not_picked":["Blood for Blood","Searing Blow"],"picked":"Thunderclap","floor":5.0},{"not_picked":["Flex","Body Slam"],"picked":"Inflame","floor":7.0},{"not_picked":["Armaments","Twin Strike"],"picked":"Disarm","floor":8.0},{"not_picked":["Flex","Sword Boomerang"],"picked":"Headbutt","floor":11.0},{"not_picked":["Perfected Strike","Havoc"],"picked":"Corruption","floor":13.0},{"not_picked":["Armaments","Offering"],"picked":"Feel No Pain","floor":14.0},{"not_picked":["Dark Embrace","Double Tap"],"picked":"Limit Break","floor":16.0},{"not_picked":["Anger","Searing Blow"],"picked":"Shrug It Off","floor":17.0},{"not_picked":["Cleave","Wild Strike"],"picked":"Shockwave","floor":17.0},{"not_picked":["Pommel Strike","True Grit"],"picked":"Flame Barrier","floor":17.0},{"not_picked":["Sword Boomerang","Flex"],"picked":"Body Slam","floor":17.0},{"not_picked":["Armaments","Carnage"],"picked":"Warcry","floor":17.0},{"not_picked":["Body Slam","Blood for Blood"],"picked":"Exhume","floor":18.0},{"not_picked":["Whirlwind","Second Wind","Cleave"],"picked":"SKIP","floor":20.0},{"not_picked":["Armaments","Perfected Strike"],"picked":"Heavy Blade+1","floor":21.0},{"not_picked":["Perfected Strike","Seeing Red"],"picked":"Shrug It Off","floor":22.0},{"not_picked":["Combust","Warcry","Corruption"],"picked":"SKIP","floor":23.0},{"not_picked":["Headbutt+1","Bludgeon","Heavy Blade"],"picked":"SKIP","floor":25.0},{"not_picked":["Cleave","Bludgeon"],"picked":"Anger","floor":27.0},{"not_picked":["Armaments","Corruption"],"picked":"True Grit","floor":28.0},{"not_picked":["Perfected Strike","Wild Strike"],"picked":"Rage+1","floor":29.0}],"player_experience":1629409,"relics_obtained":[{"floor":7.0,"key":"PreservedInsect"},{"floor":9.0,"key":"MawBank"},{"floor":11.0,"key":"War Paint"},{"floor":23.0,"key":"Happy Flower"},{"floor":26.0,"key":"Letter Opener"},{"floor":27.0,"key":"Meat on the Bone"},{"floor":29.0,"key":"Smiling Mask"}],"event_choices":[{"damage_healed":0.0,"max_hp_gain":0.0,"max_hp_loss":7.0,"gold_gain":0.0,"event_name":"Golden Idol","player_choice":"Lose Max HP","floor":2.0,"gold_loss":0.0,"damage_taken":0.0,"relics_obtained":["Golden Idol"]},{"cards_removed":["Strike_R"],"damage_healed":0.0,"max_hp_gain":0.0,"max_hp_loss":0.0,"gold_gain":0.0,"event_name":"Golden Wing","player_choice":"Card Removal","floor":4.0,"gold_loss":0.0,"damage_taken":7.0},{"damage_healed":0.0,"max_hp_gain":0.0,"max_hp_loss":0.0,"gold_gain":0.0,"event_name":"Liars Game","player_choice":"Ignored","floor":12.0,"gold_loss":0.0,"damage_taken":0.0},{"damage_healed":0,"gold_gain":0,"player_choice":"Fought Bandits","damage_taken":0,"max_hp_gain":0,"max_hp_loss":0,"event_name":"Masked Bandits","floor":30,"gold_loss":0}],"is_beta":false,"boss_relics":[{"not_picked":["White Beast Statue","Busted Crown"],"picked":"Orrery"}],"items_purged_floors":[],"is_endless":false,"potions_floor_spawned":[3,7,11,14,16,18,27,28,29],"killed_by":"Masked Bandits","ascension_level":20}