{"gold_per_floor":[17,17,17,17,29,29,48,48,75,108,73,73,73,90,90,166,166,149,160,172,172],"floor_reached":21,"playtime":1671,"items_purged":[],"score":304,"play_id":"e84dc034-4897-41cc-bb82-b5acbe63d3e2","local_time":"20181013235050","is_ascension_mode":true,"campfire_choices":[{"data":"Juggernaut","floor":6.0,"key":"SMITH"},{"data":"Uppercut","floor":8.0,"key":"SMITH"},{"data":"Bash","floor":12.0,"key":"SMITH"},{"floor":15.0,"key":"REST"}],"neow_cost":"NO_GOLD","seed_source_timestamp":0,"circlet_count":0,"master_deck":["Strike_R","Strike_R","Strike_R","Strike_R+1","Defend_R+1","Defend_R","Defend_R+1","Defend_R","Bash+1","AscendersBane","Juggernaut+1","Ghostly Armor+1","Cleave","Uppercut+1","Sword Boomerang","Pummel","Barricade","Metallicize","Wild Strike","Impervious"],"special_seed":0,"relics":["Burning Blood","Kunai","War Paint","Regal Pillow","Empty Cage"],"potions_floor_usage":[21],"damage_taken":[{"damage":14.0,"enemies":"Jaw Worm","floor":1.0,"turns":5.0},{"damage":1.0,"enemies":"Small Slimes","floor":5.0,"turns":4.0},{"damage":8.0,"enemies":"2 Louse","floor":7.0,"turns":3.0},{"damage":28.0,"enemies":"Gremlin Nob","floor":10.0,"turns":4.0},{"damage":17.0,"enemies":"Large Slime","floor":14.0,"turns":6.0},{"damage":36.0,"enemies":"The Guardian","floor":16.0,"turns":13.0},{"damage":21.0,"enemies":"2 Thieves","floor":18.0,"turns":4.0},{"damage":6.0,"enemies":"Chosen","floor":19.0,"turns":5.0},{"damage":40,"enemies":"Centurion and Healer","floor":20,"turns":11},{"damage":36,"enemies":"Cultist and Chosen","floor":21,"turns":4}],"seed_played":"920503706969602145","potions_obtained":[{"floor":1.0,"key":"Block Potion"},{"floor":7.0,"key":"FearPotion"},{"floor":20,"key":"Energy Potion"}],"is_trial":false,"path_per_floor":["M","?","?","?","M","R","M","R","T","E","?","R","?","M","R","B",null,"M","M","M"],"character_chosen":"IRONCLAD","items_purchased":[],"campfire_rested":1,"item_purchase_floors":[],"current_hp_per_floor":[60,45,38,38,43,43,41,41,41,19,37,37,37,26,63,33,65,50,50,16,0],"gold":172,"neow_bonus":"THREE_RARE_CARDS","is_prod":false,"is_daily":false,"chose_seed":false,"campfire_upgraded":3,"win_rate":0,"timestamp":1539467450,"path_taken":["M","?","?","?","M","R","?","R","T","E","?","R","?","M","R","BOSS","M","M","M","M"],"build_version":"2018-10-11","purchased_purges":0,"victory":false,"max_hp_per_floor":[75,75,75,75,75,75,75,75,75,75,75,75,75,75,75,75,75,75,75,75,75],"card_choices":[{"not_picked":["Brutality","Exhume"],"picked":"Juggernaut","floor":0.0},{"not_picked":["Fire Breathing","Disarm"],"picked":"Ghostly Armor","floor":1.0},{"not_picked":["Armaments","Heavy Blade"],"picked":"Cleave","floor":5.0},{"not_picked":["Warcry","Perfected Strike"],"picked":"Uppercut","floor":7.0},{"not_picked":["Corruption","Clash"],"picked":"Sword Boomerang","floor":10.0},{"not_picked":["Anger","Perfected Strike"],"picked":"Pummel","floor":14.0},{"not_picked":["Fiend Fire","Berserk"],"picked":"Barricade","floor":16.0},{"not_picked":["True Grit","Havoc"],"picked":"Metallicize","floor":18.0},{"not_picked":["Thunderclap","Clash"],"picked":"Wild Strike","floor":19.0},{"not_picked":["Reckless Charge","Sword Boomerang+1"],"picked":"Impervious","floor":20}],"player_experience":608464,"relics_obtained":[{"floor":9.0,"key":"War Paint"},{"floor":10.0,"key":"Regal Pillow"}],"event_choices":[{"event_name":"Shining Light","player_choice":"Entered Light","floor":2.0,"damage_taken":0.0},{"event_name":"Scrap Ooze","player_choice":"success","floor":3.0,"damage_taken":7.0},{"event_name":"Liars Game","player_choice":"disagreed","floor":4.0,"damage_taken":0.0},{"event_name":"The Cleric","player_choice":"Healed","floor":11.0,"damage_taken":0.0},{"event_name":"Wheel of Change","player_choice":"Curse","floor":13.0,"damage_taken":0.0}],"is_beta":true,"boss_relics":[{"not_picked":["Eternal Feather","Tiny House"],"picked":"Empty Cage"}],"items_purged_floors":[],"is_endless":false,"potions_floor_spawned":[1,7,20],"killed_by":"Cultist and Chosen","ascension_level":14}