{"gold_per_floor":[14,14,14,14,28,28,47,82,155,171,197,197,197,211,211,211],"floor_reached":16,"playtime":635,"items_purged":[],"score":201,"play_id":"950d7563-b942-4cb2-aa0e-cfa72473286f","local_time":"20180928165956","is_ascension_mode":true,"campfire_choices":[{"data":"Heavy Blade","floor":6,"key":"SMITH"},{"data":"Armaments","floor":12,"key":"SMITH"},{"data":"Infernal Blade","floor":15,"key":"SMITH"}],"neow_cost":"NO_GOLD","seed_source_timestamp":30394395547998,"circlet_count":0,"master_deck":["Strike_R","Strike_R","Strike_R","Strike_R","Strike_R","Defend_R","Defend_R","Defend_R","Defend_R","Bash+1","AscendersBane","Heavy Blade+1","Wild Strike","Infernal Blade+1","Thunderclap","Armaments+1","Parasite","Perfected Strike"],"relics":["Burning Blood","Centennial Puzzle","Singing Bowl","Anchor"],"potions_floor_usage":[11,16,16],"damage_taken":[{"damage":18,"enemies":"Small Slimes","floor":1,"turns":5},{"damage":7,"enemies":"Jaw Worm","floor":5,"turns":3},{"damage":9,"enemies":"2 Louse","floor":7,"turns":2},{"damage":31,"enemies":"Gremlin Nob","floor":8,"turns":4},{"damage":13,"enemies":"Large Slime","floor":10,"turns":4},{"damage":33,"enemies":"Lagavulin","floor":11,"turns":6},{"damage":1,"enemies":"Exordium Thugs","floor":14,"turns":4},{"damage":50,"enemies":"The Guardian","floor":16,"turns":8}],"seed_played":"7861767584200252321","potions_obtained":[{"floor":8,"key":"Weak Potion"},{"floor":10,"key":"SneckoOil"},{"floor":11,"key":"FearPotion"}],"is_trial":false,"path_per_floor":["M","?","?","$","M","R","M","E","T","M","E","R","?","M","R"],"character_chosen":"IRONCLAD","items_purchased":[],"campfire_rested":0,"item_purchase_floors":[],"current_hp_per_floor":[76,81,81,81,80,80,77,52,52,45,20,20,45,50,50,0],"gold":211,"neow_bonus":"TWENTY_PERCENT_HP_BONUS","is_prod":false,"is_daily":false,"chose_seed":false,"campfire_upgraded":3,"win_rate":0,"timestamp":1538146796,"path_taken":["M","?","?","?","M","R","M","E","T","M","E","R","?","M","R","BOSS"],"build_version":"2018-09-27","purchased_purges":0,"victory":false,"max_hp_per_floor":[96,101,101,101,101,101,101,101,101,101,103,103,103,103,103,103],"card_choices":[{"not_picked":["True Grit","Havoc"],"picked":"Heavy Blade","floor":1},{"not_picked":["Sever Soul","Clothesline"],"picked":"Wild Strike","floor":5},{"not_picked":["Sword Boomerang","Armaments"],"picked":"Infernal Blade","floor":7},{"not_picked":["Power Through","Anger"],"picked":"Thunderclap","floor":8},{"not_picked":["Havoc","Pommel Strike"],"picked":"Armaments","floor":10},{"not_picked":["Ghostly Armor","Fire Breathing","Rampage"],"picked":"Singing Bowl","floor":11},{"not_picked":["Cleave","Flame Barrier"],"picked":"Perfected Strike","floor":14}],"player_experience":543493,"relics_obtained":[{"floor":8,"key":"Centennial Puzzle"},{"floor":9,"key":"Singing Bowl"},{"floor":11,"key":"Anchor"}],"event_choices":[{"event_name":"Big Fish","player_choice":"Donut","floor":2,"damage_taken":0},{"event_name":"Living Wall","player_choice":"Grow","floor":3,"damage_taken":0},{"event_name":"Mushrooms","player_choice":"Healed and dodged fight","floor":13,"damage_taken":0}],"is_beta":true,"boss_relics":[],"items_purged_floors":[],"is_endless":false,"potions_floor_spawned":[8,10,11],"killed_by":"The Guardian","ascension_level":12}