{"gold_per_floor":[110,60,75,95,149,174,174,206,206,237,237],"floor_reached":11,"playtime":758,"items_purged":[],"score":146,"play_id":"b5abcda4-963d-4abc-a867-1111555efb0b","local_time":"20180928175440","is_ascension_mode":true,"campfire_choices":[{"data":"Flame Barrier","floor":7,"key":"SMITH"}],"neow_cost":"PERCENT_DAMAGE","seed_source_timestamp":33555371090690,"circlet_count":0,"master_deck":["Strike_R","Strike_R","Strike_R","Strike_R","Strike_R","Defend_R","Defend_R","Defend_R","Defend_R","Bash","AscendersBane","Flame Barrier+1","Cleave","Clash","Sword Boomerang","Offering"],"relics":["Burning Blood","Magic Flower","Ancient Tea Set","Unceasing Top","Question Card","Singing Bowl"],"potions_floor_usage":[6],"damage_taken":[{"damage":8,"enemies":"Jaw Worm","floor":1,"turns":5},{"damage":1,"enemies":"2 Louse","floor":3,"turns":3},{"damage":4,"enemies":"Small Slimes","floor":4,"turns":4},{"damage":32,"enemies":"Gremlin Nob","floor":6,"turns":5},{"damage":24,"enemies":"Lagavulin","floor":8,"turns":7},{"damage":16,"enemies":"3 Sentries","floor":10,"turns":6},{"damage":23,"enemies":"Exordium Wildlife","floor":11,"turns":3}],"seed_played":"-1995394919153235822","potions_obtained":[{"floor":1,"key":"LiquidBronze"},{"floor":4,"key":"Poison Potion"}],"is_trial":false,"path_per_floor":["M","$","M","M","?","E","R","E","T","E"],"character_chosen":"IRONCLAD","items_purchased":["Cleave"],"campfire_rested":0,"item_purchase_floors":[2],"current_hp_per_floor":[52,52,60,65,65,42,42,27,27,22,0],"gold":237,"neow_bonus":"ONE_RARE_RELIC","is_prod":false,"is_daily":false,"chose_seed":false,"campfire_upgraded":1,"win_rate":0,"timestamp":1538150080,"path_taken":["M","$","M","M","?","E","R","E","T","E","?"],"build_version":"2018-09-27","purchased_purges":0,"victory":false,"max_hp_per_floor":[80,80,80,80,80,80,80,80,80,82,82],"card_choices":[{"not_picked":["Spot Weakness","Twin Strike"],"picked":"Flame Barrier","floor":1},{"not_picked":["Shrug It Off","Entrench"],"picked":"Clash","floor":3},{"not_picked":["Headbutt","Heavy Blade"],"picked":"Sword Boomerang","floor":4},{"not_picked":["Fire Breathing","Power Through","Bloodletting"],"picked":"SKIP","floor":6},{"not_picked":["True Grit","Sword Boomerang"],"picked":"Offering","floor":8},{"not_picked":["Juggernaut","Thunderclap","Entrench","Pommel Strike"],"picked":"Singing Bowl","floor":10}],"player_experience":546530,"relics_obtained":[{"floor":6,"key":"Ancient Tea Set"},{"floor":8,"key":"Unceasing Top"},{"floor":9,"key":"Question Card"},{"floor":10,"key":"Singing Bowl"}],"event_choices":[{"event_name":"Golden Wing","player_choice":"Gained Gold","floor":5,"damage_taken":0}],"is_beta":true,"boss_relics":[],"items_purged_floors":[],"is_endless":false,"potions_floor_spawned":[1,4],"killed_by":"Exordium Wildlife","ascension_level":12}