{"gold_per_floor":[110,122,142,142,155,155,167,184,184,202,202,237,237,251,251,251],"floor_reached":16,"playtime":638,"items_purged":[],"score":180,"play_id":"894d2a5e-5d37-4233-8f65-aba4cefeca4b","local_time":"20181003163241","is_ascension_mode":true,"campfire_choices":[{"data":"Streamline","floor":6,"key":"SMITH"},{"data":"Zap","floor":13,"key":"SMITH"},{"data":"Double Energy","floor":15,"key":"SMITH"}],"neow_cost":"TEN_PERCENT_HP_LOSS","seed_source_timestamp":30023198063480,"circlet_count":0,"master_deck":["Strike_B","Strike_B","Defend_B","Defend_B","Defend_B","Zap+1","Dualcast","AscendersBane","Go for the Eyes","Streamline+1","Gash","Compile Driver","Hyperbeam","Undo","Double Energy+1","Defragment"],"relics":["Cracked Core","NlothsMask","Bag of Preparation"],"potions_floor_usage":[16,16],"damage_taken":[{"damage":9,"enemies":"Jaw Worm","floor":1,"turns":4},{"damage":1,"enemies":"Cultist","floor":2,"turns":3},{"damage":0,"enemies":"2 Louse","floor":3,"turns":1},{"damage":15,"enemies":"Red Slaver","floor":5,"turns":3},{"damage":11,"enemies":"Looter","floor":7,"turns":2},{"damage":0,"enemies":"Lots of Slimes","floor":8,"turns":1},{"damage":0,"enemies":"Large Slime","floor":10,"turns":4},{"damage":5,"enemies":"3 Sentries","floor":12,"turns":4},{"damage":5,"enemies":"2 Fungi Beasts","floor":14,"turns":2},{"damage":22,"enemies":"Hexaghost","floor":16,"turns":7}],"seed_played":"-5650212161337940366","potions_obtained":[{"floor":7,"key":"Swift Potion"},{"floor":8,"key":"Poison Potion"},{"floor":10,"key":"LiquidBronze"}],"is_trial":false,"path_per_floor":["M","M","M","?","M","R","M","M","T","M","?","E","R","M","R"],"character_chosen":"DEFECT","items_purchased":[],"campfire_rested":0,"item_purchase_floors":[],"current_hp_per_floor":[55,54,54,54,39,39,28,28,28,28,28,23,23,18,18,0],"gold":251,"neow_bonus":"REMOVE_TWO","is_prod":false,"is_daily":false,"chose_seed":false,"campfire_upgraded":3,"win_rate":0,"timestamp":1538577161,"path_taken":["M","M","M","?","M","R","?","M","T","M","?","E","R","?","R","BOSS"],"build_version":"2018-10-02","purchased_purges":0,"victory":false,"max_hp_per_floor":[64,64,64,64,64,64,64,64,64,64,64,64,64,64,64,64],"card_choices":[{"not_picked":["Hologram","Steam"],"picked":"Go for the Eyes","floor":1},{"not_picked":["Go for the Eyes","Coolheaded"],"picked":"Streamline","floor":2},{"not_picked":["Cold Snap","Conserve Battery"],"picked":"Gash","floor":3},{"not_picked":["Turbo","Stack"],"picked":"Compile Driver","floor":5},{"not_picked":["Coolheaded","Doom and Gloom"],"picked":"Hyperbeam","floor":7},{"not_picked":["Go for the Eyes","Turbo"],"picked":"Undo","floor":8},{"not_picked":["Aggregate","Capacitor"],"picked":"Double Energy","floor":10},{"not_picked":["Hologram","Coolheaded","Redo"],"picked":"SKIP","floor":12},{"not_picked":["Conserve Battery","Cold Snap"],"picked":"Defragment","floor":14}],"player_experience":583464,"relics_obtained":[{"floor":12,"key":"Bag of Preparation"}],"event_choices":[{"event_name":"FaceTrader","player_choice":"Trade","floor":4,"damage_taken":0},{"event_name":"Purifier","player_choice":"One Purge","floor":11,"damage_taken":0}],"is_beta":true,"boss_relics":[],"items_purged_floors":[],"is_endless":false,"potions_floor_spawned":[7,8,10,14],"killed_by":"Hexaghost","ascension_level":14}