{"gold_per_floor":[114,114,114,114,124,124,158,158,226,226,246,273,273,288,288,288],"floor_reached":16,"playtime":982,"items_purged":[],"score":216,"play_id":"57c967a3-4585-48fc-9589-9e1c0baf92cf","local_time":"20190226214136","is_ascension_mode":true,"campfire_choices":[{"data":"Shrug It Off","floor":6,"key":"SMITH"},{"data":"Whirlwind","floor":8,"key":"SMITH"},{"data":"Feel No Pain","floor":13,"key":"SMITH"},{"data":"Shrug It Off","floor":15,"key":"SMITH"}],"neow_cost":"TEN_PERCENT_HP_LOSS","seed_source_timestamp":37642911031710,"circlet_count":0,"master_deck":["AscendersBane","Strike_R","Strike_R","Strike_R","Strike_R","Strike_R","Defend_R","Defend_R","Defend_R","Defend_R","Bash+1","Infernal Blade+1","Shrug It Off+1","Whirlwind+1","Shrug It Off+1","Feel No Pain+1","Shrug It Off"],"relics":["Burning Blood","infinitespire:CursedDice","Potion Belt","Dodecahedron","Bronze Scales"],"potions_floor_usage":[12,14,16],"damage_taken":[{"damage":19,"enemies":"Small Slimes","floor":1,"turns":6},{"damage":0,"enemies":"2 Louse","floor":5,"turns":2},{"damage":33,"enemies":"Gremlin Nob","floor":7,"turns":4},{"damage":0,"enemies":"infinitespire:Voidling","floor":11,"turns":3},{"damage":25,"enemies":"Lagavulin","floor":12,"turns":6},{"damage":1,"enemies":"2 Fungi Beasts","floor":14,"turns":2},{"damage":32,"enemies":"Hexaghost","floor":16,"turns":14}],"seed_played":"320930865685183721","potions_obtained":[{"floor":5,"key":"Explosive Potion"},{"floor":7,"key":"Strength Potion"},{"floor":12,"key":"BloodPotion"}],"is_trial":false,"path_per_floor":["M","?","?","?","M","R","E","R","T","?","M","E","R","M","R","B"],"character_chosen":"IRONCLAD","items_purchased":[],"campfire_rested":0,"item_purchase_floors":[],"current_hp_per_floor":[55,55,55,55,61,61,34,34,34,34,40,21,21,26,26,0],"gold":288,"neow_bonus":"ONE_RARE_RELIC","is_prod":false,"is_daily":false,"chose_seed":false,"campfire_upgraded":4,"win_rate":0,"timestamp":1551213696,"path_taken":["M","?","?","?","M","R","E","R","T","?","M","E","R","M","R","BOSS"],"build_version":"2019-01-23","purchased_purges":0,"victory":false,"max_hp_per_floor":[68,68,68,68,68,68,68,68,68,68,68,68,68,68,68,68],"card_choices":[{"not_picked":["Clash","Dual Wield"],"picked":"Infernal Blade","floor":1},{"not_picked":["Entrench","Cleave"],"picked":"Shrug It Off","floor":5},{"not_picked":["Cleave","Wild Strike"],"picked":"Whirlwind","floor":7},{"not_picked":["Wild Strike","Ghostly Armor"],"picked":"Shrug It Off","floor":11},{"not_picked":["Berserk","Metallicize"],"picked":"Feel No Pain","floor":12},{"not_picked":["Dual Wield","Fire Breathing"],"picked":"Shrug It Off","floor":14}],"player_experience":1335780,"relics_obtained":[{"floor":7,"key":"Potion Belt"},{"floor":9,"key":"Dodecahedron"},{"floor":12,"key":"Bronze Scales"}],"event_choices":[{"damage_healed":0,"gold_gain":0,"player_choice":"Grow","damage_taken":0,"max_hp_gain":0,"max_hp_loss":0,"event_name":"Living Wall","floor":4,"gold_loss":0,"cards_upgraded":["Infernal Blade"]},{"damage_healed":0,"gold_gain":0,"player_choice":"Ignored","damage_taken":0,"max_hp_gain":0,"max_hp_loss":0,"event_name":"Liars Game","floor":10,"gold_loss":0}],"is_beta":false,"boss_relics":[],"items_purged_floors":[],"is_endless":false,"potions_floor_spawned":[5,7,12],"killed_by":"Hexaghost","ascension_level":20}