{"path_per_floor":["M","$","M","M","?","E","R","?","T","$","M","T","M","M","R","B",null,"M","M","?","M","$","R","E","M","T","E","R","T","E","M","R","B",null,"M","M","$","M","M","R","E","R","T","M","R","E","?","$","R","B"],"character_chosen":"IRONCLAD","items_purchased":["Finesse","Bandage Up","Happy Flower","Orichalcum","Dramatic Entrance","Charon\u0027s Ashes","Enlightenment"],"gold_per_floor":[117,21,41,53,53,80,80,155,178,88,100,100,116,133,133,234,234,250,269,269,279,54,54,379,395,395,421,421,421,452,465,465,560,560,578,592,42,59,70,70,96,96,146,163,163,197,242,46,46,46],"floor_reached":51,"campfire_rested":2,"playtime":5983,"current_hp_per_floor":[80,80,80,80,64,27,51,40,40,40,46,46,56,65,65,56,80,67,74,56,56,56,56,49,56,56,53,53,53,55,52,52,40,56,54,56,56,31,43,43,56,56,56,45,45,39,35,35,51,33],"items_purged":["Clash"],"gold":46,"score":817,"play_id":"63905c3c-8eed-4e20-88d2-60244b00edc0","local_time":"20180511221726","is_prod":false,"is_daily":false,"chose_seed":false,"is_ascension_mode":false,"campfire_upgraded":7,"timestamp":1526069846,"path_taken":["M","$","M","M","?","E","R","?","T","$","?","?","M","M","R","BOSS","M","M","?","M","$","R","E","M","T","E","R","?","E","M","R","BOSS","M","M","$","M","M","R","E","R","T","M","R","E","?","$","R","BOSS"],"build_version":"2018-05-10","seed_source_timestamp":44420052255152,"purchased_purges":1,"victory":true,"master_deck":["Defend_R+1","Defend_R","Defend_R","Defend_R+1","Bash","Thunderclap","Finesse+1","Flame Barrier+1","Metallicize","Impervious","Bandage Up+1","Cleave","Shockwave+1","Double Tap+1","Iron Wave","Combust+1","Bite","Bite","Bite","Bite","Bite","Sword Boomerang+1","Infernal Blade+1","Carnage","Rage+1","Reaper","Iron Wave+1","Dramatic Entrance+1","Cleave+1","Whirlwind+1","Intimidate+1","Power Through+1","Rage+1","Seeing Red+1","Enlightenment","Armaments+1"],"max_hp_per_floor":[80,80,80,80,80,80,80,80,80,80,80,80,80,80,80,80,80,80,80,56,56,56,56,56,56,56,56,56,56,56,56,56,56,56,56,56,56,56,56,56,56,56,56,56,56,56,56,56,56,56],"relics":["Burning Blood","Ancient Tea Set","Whetstone","Bronze Scales","Runic Pyramid","Happy Flower","Old Coin","Bird Faced Urn","War Paint","Centennial Puzzle","Dream Catcher","Lizard Tail","Orichalcum","Charon\u0027s Ashes","Paper Frog","Oddly Smooth Stone","Pantograph","Ginger"],"card_choices":[{"not_picked":["Pommel Strike","True Grit"],"picked":"Thunderclap","floor":1},{"not_picked":["Iron Wave","Blood for Blood"],"picked":"Flame Barrier","floor":3},{"not_picked":["Flex","Warcry"],"picked":"Metallicize","floor":4},{"not_picked":["Headbutt","Flex"],"picked":"Impervious","floor":6},{"not_picked":["Entrench","Twin Strike"],"picked":"Cleave","floor":11},{"not_picked":["Headbutt","Pommel Strike"],"picked":"Shockwave","floor":13},{"not_picked":["Fire Breathing","Armaments"],"picked":"Clash","floor":14},{"not_picked":["Fiend Fire","Juggernaut"],"picked":"Double Tap","floor":16},{"not_picked":["Clothesline","Flex"],"picked":"Iron Wave","floor":18},{"not_picked":["Body Slam","Sword Boomerang"],"picked":"Combust","floor":19},{"not_picked":["Clash","True Grit"],"picked":"Sword Boomerang","floor":21},{"not_picked":["Pommel Strike","Rampage"],"picked":"Infernal Blade","floor":24},{"not_picked":["Rupture","Thunderclap"],"picked":"Carnage","floor":27},{"not_picked":["Iron Wave","Rupture"],"picked":"Rage","floor":30},{"not_picked":["Bludgeon","Impervious"],"picked":"Reaper","floor":33},{"not_picked":["Perfected Strike","Battle Trance"],"picked":"Iron Wave","floor":36},{"not_picked":["Perfected Strike","Rampage"],"picked":"Cleave","floor":38},{"not_picked":["Perfected Strike","Brutality"],"picked":"Whirlwind","floor":39},{"not_picked":["Clothesline","Hemokinesis"],"picked":"Intimidate","floor":41},{"not_picked":["Iron Wave","Twin Strike"],"picked":"Power Through","floor":44},{"not_picked":["Iron Wave","Cleave"],"picked":"Rage","floor":46},{"not_picked":["Berserk","Flame Barrier"],"picked":"Seeing Red","floor":47},{"not_picked":["Combust","Twin Strike"],"picked":"Armaments","floor":49}],"player_experience":0,"potions_floor_usage":[27,33,38,41,47,50,50],"damage_taken":[{"damage":6,"enemies":"2 Louse","floor":1,"turns":3},{"damage":1,"enemies":"Cultist","floor":3,"turns":3},{"damage":0,"enemies":"Jaw Worm","floor":4,"turns":3},{"damage":43,"enemies":"Gremlin Nob","floor":6,"turns":6},{"damage":4,"enemies":"Blue Slaver","floor":11,"turns":4},{"damage":0,"enemies":"Red Slaver","floor":13,"turns":5},{"damage":1,"enemies":"Exordium Wildlife","floor":14,"turns":3},{"damage":21,"enemies":"The Guardian","floor":16,"turns":12},{"damage":25,"enemies":"Spheric Guardian","floor":18,"turns":8},{"damage":5,"enemies":"Chosen","floor":19,"turns":7},{"damage":30,"enemies":"Slaver and Parasite","floor":21,"turns":12},{"damage":27,"enemies":"Book of Stabbing","floor":24,"turns":6},{"damage":5,"enemies":"Snecko","floor":25,"turns":5},{"damage":27,"enemies":"Slavers","floor":27,"turns":5},{"damage":11,"enemies":"Book of Stabbing","floor":30,"turns":5},{"damage":10,"enemies":"Snake Plant","floor":31,"turns":4},{"damage":53,"enemies":"Champ","floor":33,"turns":13},{"damage":36,"enemies":"3 Darklings","floor":35,"turns":7},{"damage":12,"enemies":"Orb Walker","floor":36,"turns":5},{"damage":48,"enemies":"Maw","floor":38,"turns":10},{"damage":12,"enemies":"Sphere and 2 Shapes","floor":39,"turns":4},{"damage":0,"enemies":"Nemesis","floor":41,"turns":7},{"damage":21,"enemies":"3 Darklings","floor":44,"turns":3},{"damage":34,"enemies":"2 Orb Walkers","floor":46,"turns":5},{"damage":20,"enemies":"Mysterious Sphere","floor":47,"turns":4},{"damage":104,"enemies":"Awakened One","floor":50,"turns":16}],"event_choices":[{"event_name":"Shining Light","player_choice":"Entered Light","floor":5,"damage_taken":0},{"event_name":"World of Goop","player_choice":"Gather Gold","floor":8,"damage_taken":0},{"event_name":"Vampires","player_choice":"Became a vampire","floor":20,"damage_taken":0},{"event_name":"Mysterious Sphere","player_choice":"Fight","floor":47,"damage_taken":0}],"boss_relics":[{"not_picked":["Tiny House","Snecko Eye"],"picked":"Runic Pyramid"},{"not_picked":["Orrery","Sozu"],"picked":"Lizard Tail"}],"potions_floor_spawned":[6,11,14,19,21,24,33,38,39,46,47],"seed_played":"-8743976174989041150","ascension_level":0,"is_trial":false}