{"path_per_floor":["M","M","?","M","$","R","M","R","T","R","E","R","M","?","R","B",null,"M","?","M","M","M","R"],"character_chosen":"THE_SILENT","items_purchased":["Noxious Fumes"],"gold_per_floor":[111,121,121,137,60,60,78,78,128,128,159,159,173,173,173,273,273,283,308,325,340,358,358,358],"floor_reached":24,"campfire_rested":2,"playtime":1208,"item_purchase_floors":[5],"current_hp_per_floor":[69,68,68,68,68,68,67,67,67,67,46,46,35,21,42,25,70,66,44,41,25,17,38,0],"items_purged":[],"gold":358,"score":238,"play_id":"a470c447-0fdb-486f-8ee1-f076aca4aaef","local_time":"20180527014925","is_prod":false,"is_daily":false,"chose_seed":false,"is_ascension_mode":true,"campfire_upgraded":4,"win_rate":0,"timestamp":1527378565,"campfire_choices":[{"data":"Noxious Fumes","floor":6,"key":"SMITH"},{"data":"Bane","floor":8,"key":"SMITH"},{"data":"Neutralize","floor":10,"key":"SMITH"},{"data":"Envenom","floor":12,"key":"SMITH"},{"floor":15,"key":"REST"},{"floor":23,"key":"REST"}],"path_taken":["M","M","?","M","$","R","M","R","T","R","E","R","M","?","R","BOSS","M","?","M","?","M","R","E"],"build_version":"2018-05-25","seed_source_timestamp":49261705902584,"purchased_purges":0,"victory":false,"master_deck":["Defend_G","Defend_G","Defend_G","Defend_G","Strike_G","Strike_G+1","Strike_G","Strike_G","Strike_G","Survivor","Neutralize+1","Deadly Poison","Deflect","Backflip","Noxious Fumes+1","Bane+1","Envenom+1","Quick Slash+1","After Image","Parasite","Doubt","Injury","Cloak And Dagger","Dodge and Roll","Dagger Throw+1","Infinite Blades","After Image"],"max_hp_per_floor":[70,70,70,70,70,70,70,70,70,70,70,70,70,70,70,70,70,70,70,70,70,70,70,70],"relics":["Ring of the Snake","Blood Vial","Bag of Marbles","Calling Bell","Bronze Scales","Gremlin Horn","Thread and Needle","Red Mask"],"card_choices":[{"not_picked":["Sucker Punch","Acrobatics"],"picked":"Deadly Poison","floor":1},{"not_picked":["Calculated Gamble","Outmaneuver"],"picked":"Deflect","floor":2},{"not_picked":["Outmaneuver","Calculated Gamble"],"picked":"Backflip","floor":4},{"not_picked":["Masterful Stab","Deflect"],"picked":"Bane","floor":7},{"not_picked":["Flying Knee","Sucker Punch"],"picked":"Envenom","floor":11},{"not_picked":["Calculated Gamble","Outmaneuver"],"picked":"Quick Slash","floor":13},{"not_picked":["Venomology","Doppelganger"],"picked":"After Image","floor":16},{"not_picked":["Choke","PiercingWail"],"picked":"Cloak And Dagger","floor":18},{"not_picked":["Deflect","Expertise"],"picked":"Dodge and Roll","floor":19},{"not_picked":["Slice","Flechettes"],"picked":"Dagger Throw+1","floor":20},{"not_picked":["Dodge and Roll+1","Dagger Spray+1"],"picked":"Infinite Blades","floor":21},{"not_picked":["Cloak And Dagger","Riddle With Holes+1"],"picked":"After Image","floor":22}],"player_experience":218032,"potions_floor_usage":[16,18,21,24],"damage_taken":[{"damage":1,"enemies":"Small Slimes","floor":1,"turns":3},{"damage":1,"enemies":"Cultist","floor":2,"turns":3},{"damage":0,"enemies":"Jaw Worm","floor":4,"turns":4},{"damage":1,"enemies":"3 Louse","floor":7,"turns":4},{"damage":23,"enemies":"Gremlin Nob","floor":11,"turns":4},{"damage":13,"enemies":"Large Slime","floor":13,"turns":5},{"damage":19,"enemies":"Hexaghost","floor":16,"turns":7},{"damage":4,"enemies":"Spheric Guardian","floor":18,"turns":4},{"damage":24,"enemies":"Masked Bandits","floor":19,"turns":6},{"damage":5,"enemies":"Chosen","floor":20,"turns":5},{"damage":18,"enemies":"Snecko","floor":21,"turns":6},{"damage":10,"enemies":"Snake Plant","floor":22,"turns":4},{"damage":48,"enemies":"Gremlin Leader","floor":24,"turns":4}],"relics_obtained":[{"floor":9,"key":"Blood Vial"},{"floor":11,"key":"Bag of Marbles"},{"floor":17,"key":"Bronze Scales"},{"floor":17,"key":"Gremlin Horn"},{"floor":17,"key":"Thread and Needle"},{"floor":19,"key":"Red Mask"}],"event_choices":[{"event_name":"Purifier","player_choice":"One Purge","floor":3,"damage_taken":0},{"event_name":"Shining Light","player_choice":"Entered Light","floor":14,"damage_taken":0},{"event_name":"Masked Bandits","player_choice":"Fought over 283 gold","floor":19,"damage_taken":0}],"boss_relics":[{"not_picked":["Runic Dome","Eternal Feather"],"picked":"Calling Bell"}],"items_purged_floors":[],"potions_floor_spawned":[11,13,16,19],"seed_played":"2241617126964214036","killed_by":"Gremlin Leader","ascension_level":4,"potions_obtained":[{"floor":11,"key":"GamblersBrew"},{"floor":13,"key":"AttackPotion"},{"floor":16,"key":"GamblersBrew"},{"floor":19,"key":"Strength Potion"}],"is_trial":false}