{"gold_per_floor":[20,34,49,69,84,84,115,115,115,115,115,126,126,151,151,227,227,227],"floor_reached":18,"playtime":768,"items_purged":[],"score":318,"play_id":"15f91dca-405d-404f-98c0-eae32ab1e8cf","local_time":"20181027000248","is_ascension_mode":true,"campfire_choices":[{"data":"Genetic Algorithm","floor":6,"key":"SMITH"},{"data":"Hologram","floor":8,"key":"SMITH"},{"data":"White Noise","floor":13,"key":"SMITH"},{"data":"Hologram","floor":15,"key":"SMITH"}],"neow_cost":"NO_GOLD","seed_source_timestamp":8314524952791,"circlet_count":0,"master_deck":["Strike_B","Strike_B+1","Defend_B","Defend_B","Defend_B","Zap","Dualcast","AscendersBane","Hyperbeam","Auto Shields","Gash+1","Gash","Genetic Algorithm+1","Hologram+1","Chaos+1","White Noise+1","Rebound","Hologram+1","All For One"],"relics":["Cracked Core","Whetstone","Shuriken","Meat on the Bone","Empty Cage"],"potions_floor_usage":[5,7,14],"damage_taken":[{"damage":0,"enemies":"Cultist","floor":1,"turns":3},{"damage":0,"enemies":"2 Louse","floor":2,"turns":1},{"damage":2,"enemies":"Jaw Worm","floor":3,"turns":4},{"damage":4,"enemies":"Large Slime","floor":4,"turns":6},{"damage":0,"enemies":"Gremlin Gang","floor":5,"turns":1},{"damage":26,"enemies":"Lagavulin","floor":7,"turns":7},{"damage":1,"enemies":"Blue Slaver","floor":12,"turns":5},{"damage":8,"enemies":"Gremlin Nob","floor":14,"turns":5},{"damage":13,"enemies":"Hexaghost","floor":16,"turns":8},{"damage":60,"enemies":"3 Byrds","floor":18,"turns":5}],"seed_played":"-5749227593255851206","potions_obtained":[{"floor":1,"key":"Weak Potion"},{"floor":3,"key":"AttackPotion"},{"floor":7,"key":"Block Potion"},{"floor":14,"key":"Dexterity Potion"}],"is_trial":false,"path_per_floor":["M","M","M","M","M","R","E","R","T","?","?","M","R","E","R","B",null],"character_chosen":"DEFECT","items_purchased":[],"campfire_rested":0,"item_purchase_floors":[],"current_hp_per_floor":[64,64,62,58,58,58,32,32,32,32,32,31,31,23,23,22,59,0],"gold":227,"neow_bonus":"THREE_RARE_CARDS","is_prod":false,"is_daily":false,"chose_seed":false,"campfire_upgraded":4,"win_rate":0,"timestamp":1540591368,"path_taken":["M","M","?","M","M","R","E","R","T","?","?","M","R","E","R","BOSS","M"],"build_version":"2018-10-25v2","purchased_purges":0,"victory":false,"max_hp_per_floor":[71,71,71,71,71,71,71,71,71,71,71,71,71,71,71,71,71,71],"card_choices":[{"not_picked":["Thunder Strike","Rainbow"],"picked":"Hyperbeam","floor":0},{"not_picked":["Static Discharge","Skim"],"picked":"Auto Shields","floor":1},{"not_picked":["Streamline","Steam Power"],"picked":"Gash","floor":2},{"not_picked":["Double Energy","Tempest"],"picked":"Gash","floor":3},{"not_picked":["Redo","Heatsinks"],"picked":"Genetic Algorithm","floor":4},{"not_picked":["Genetic Algorithm","Coolheaded"],"picked":"Hologram","floor":5},{"not_picked":["Double Energy","Melter"],"picked":"Chaos","floor":7},{"not_picked":["Streamline","Cold Snap"],"picked":"Rebound","floor":12},{"not_picked":["Static Discharge","Hello World"],"picked":"Hologram","floor":14},{"not_picked":["Machine Learning","Echo Form"],"picked":"All For One","floor":16}],"player_experience":687639,"relics_obtained":[{"floor":7,"key":"Whetstone"},{"floor":9,"key":"Shuriken"},{"floor":14,"key":"Meat on the Bone"}],"event_choices":[{"damage_healed":0,"gold_gain":0,"cards_transformed":["Strike_B"],"player_choice":"Transformed","damage_taken":0,"max_hp_gain":0,"max_hp_loss":0,"event_name":"Transmorgrifier","floor":10,"gold_loss":0,"cards_obtained":["White Noise"]},{"damage_healed":0,"gold_gain":0,"player_choice":"Upgraded","damage_taken":0,"max_hp_gain":0,"max_hp_loss":0,"event_name":"Upgrade Shrine","floor":11,"gold_loss":0,"cards_upgraded":["Chaos"]}],"is_beta":true,"boss_relics":[{"not_picked":["Busted Crown","Lizard Tail"],"picked":"Empty Cage"}],"items_purged_floors":[],"is_endless":false,"potions_floor_spawned":[1,3,7,14],"killed_by":"3 Byrds","ascension_level":17}