{"gold_per_floor":[17,17,17,17,41,41,79,97,97,140,160,160,184,225,225,225],"floor_reached":16,"playtime":469,"items_purged":[],"score":240,"play_id":"c5ac1d2b-d40f-43f9-a5ee-a53761102f9b","local_time":"20190404153117","is_ascension_mode":true,"campfire_choices":[{"data":"Immolate","floor":6.0,"key":"SMITH"},{"data":"Juggernaut","floor":12.0,"key":"SMITH"},{"floor":15.0,"key":"REST"}],"neow_cost":"NO_GOLD","seed_source_timestamp":0,"circlet_count":0,"master_deck":["AscendersBane","Strike_R","Strike_R","Strike_R","Strike_R","Defend_R","Defend_R","Defend_R","Defend_R","Bash","Immolate+1","Headbutt","Clothesline","Metallicize","Twin Strike","Juggernaut+1","Warcry","Barricade"],"special_seed":0,"relics":["Burning Blood","Golden Idol","Letter Opener","Dodecahedron","Dead Branch","Art of War"],"potions_floor_usage":[16],"damage_taken":[{"damage":7.0,"enemies":"Jaw Worm","floor":1.0,"turns":2.0},{"damage":0.0,"enemies":"2 Louse","floor":5.0,"turns":1.0},{"damage":28.0,"enemies":"Gremlin Nob","floor":7.0,"turns":4.0},{"damage":9.0,"enemies":"Small Slimes","floor":8.0,"turns":3.0},{"damage":9.0,"enemies":"3 Sentries","floor":10.0,"turns":3.0},{"damage":16.0,"enemies":"Blue Slaver","floor":11.0,"turns":5.0},{"damage":8.0,"enemies":"Large Slime","floor":13.0,"turns":3.0},{"damage":51.0,"enemies":"Gremlin Nob","floor":14.0,"turns":5.0},{"damage":34,"enemies":"The Guardian","floor":16,"turns":12}],"seed_played":"832778382838528130","potions_obtained":[{"floor":8.0,"key":"FairyPotion"},{"floor":10.0,"key":"Weak Potion"},{"floor":14.0,"key":"LiquidBronze"}],"is_trial":false,"path_per_floor":["M","?","?","?","M","R","E","M","T","E","M","R","M","E","R","B"],"character_chosen":"IRONCLAD","items_purchased":[],"campfire_rested":1,"item_purchase_floors":[],"current_hp_per_floor":[67,67,67,60,66,66,44,41,41,38,28,28,26,12,32,0],"gold":225,"neow_bonus":"THREE_RARE_CARDS","is_prod":false,"is_daily":false,"chose_seed":false,"campfire_upgraded":2,"win_rate":0,"timestamp":1554384677,"path_taken":["M","?","?","?","M","R","E","M","T","E","M","R","M","E","R","BOSS"],"build_version":"2019-01-23","purchased_purges":0,"victory":false,"max_hp_per_floor":[75,75,68,68,68,68,68,68,68,68,68,68,68,68,68,68],"card_choices":[{"not_picked":["Double Tap","Reaper"],"picked":"Immolate","floor":0.0},{"not_picked":["Warcry","Heavy Blade"],"picked":"Headbutt","floor":1.0},{"not_picked":["Sword Boomerang","Havoc"],"picked":"Clothesline","floor":5.0},{"not_picked":["Carnage","Wild Strike","Cleave"],"picked":"SKIP","floor":7.0},{"not_picked":["Warcry","Sword Boomerang"],"picked":"Metallicize","floor":8.0},{"not_picked":["Hemokinesis","Body Slam"],"picked":"Twin Strike","floor":10.0},{"not_picked":["Searing Blow","Shockwave"],"picked":"Juggernaut","floor":11.0},{"not_picked":["Searing Blow","Blood for Blood"],"picked":"Warcry","floor":13.0},{"not_picked":["Havoc","Cleave"],"picked":"Barricade","floor":14.0}],"player_experience":1547682,"relics_obtained":[{"floor":7.0,"key":"Letter Opener"},{"floor":9.0,"key":"Dodecahedron"},{"floor":10.0,"key":"Dead Branch"},{"floor":14.0,"key":"Art of War"}],"event_choices":[{"damage_healed":0.0,"max_hp_gain":0.0,"max_hp_loss":0.0,"gold_gain":0.0,"event_name":"Liars Game","player_choice":"Ignored","floor":2.0,"gold_loss":0.0,"damage_taken":0.0},{"damage_healed":0.0,"max_hp_gain":0.0,"max_hp_loss":7.0,"gold_gain":0.0,"event_name":"Golden Idol","player_choice":"Lose Max HP","floor":3.0,"gold_loss":0.0,"damage_taken":0.0,"relics_obtained":["Golden Idol"]},{"cards_removed":["Strike_R"],"damage_healed":0.0,"max_hp_gain":0.0,"max_hp_loss":0.0,"gold_gain":0.0,"event_name":"Golden Wing","player_choice":"Card Removal","floor":4.0,"gold_loss":0.0,"damage_taken":7.0}],"is_beta":false,"boss_relics":[],"items_purged_floors":[],"is_endless":false,"potions_floor_spawned":[8,10,13,14],"killed_by":"The Guardian","ascension_level":20}