{"gold_per_floor":[114,114,12,26,46,46,77,94,94,109,127,96,111,20,20,115,115,133,133],"floor_reached":19,"playtime":858,"items_purged":["Normality"],"score":265,"play_id":"3c5824a3-db82-4d78-90ae-f8d967d96c53","local_time":"20180907103735","is_ascension_mode":true,"campfire_choices":[{"data":"Zap","floor":6,"key":"SMITH"},{"floor":15,"key":"REST"}],"neow_cost":"CURSE","seed_source_timestamp":90424439677102,"circlet_count":0,"master_deck":["Strike_B","Strike_B","Strike_B","Strike_B","Defend_B","Defend_B","Defend_B","Defend_B","Zap+1","Dualcast","AscendersBane","Compile Driver","Beam Cell","Conserve Battery","Skim","Electrodynamics","Hello World","Tempest","Storm","Storm","Echo Form","Double Energy"],"relics":["Cracked Core","Dead Branch","Bag of Preparation","Ice Cream","The Courier","Inserter"],"potions_floor_usage":[13,16,16,16],"damage_taken":[{"damage":12,"enemies":"Small Slimes","floor":1,"turns":3},{"damage":1,"enemies":"Cultist","floor":4,"turns":3},{"damage":0,"enemies":"Jaw Worm","floor":5,"turns":3},{"damage":30,"enemies":"3 Sentries","floor":7,"turns":7},{"damage":8,"enemies":"Lots of Slimes","floor":8,"turns":4},{"damage":0,"enemies":"Large Slime","floor":10,"turns":3},{"damage":0,"enemies":"2 Fungi Beasts","floor":11,"turns":2},{"damage":9,"enemies":"Blue Slaver","floor":13,"turns":3},{"damage":20,"enemies":"Slime Boss","floor":16,"turns":10},{"damage":35,"enemies":"Shell Parasite","floor":18,"turns":5},{"damage":28,"enemies":"Spheric Guardian","floor":19,"turns":3}],"seed_played":"9075754454574566000","potions_obtained":[{"floor":8,"key":"SmokeBomb"},{"floor":10,"key":"PowerPotion"},{"floor":13,"key":"EntropicBrew"}],"is_trial":false,"path_per_floor":["M","?","$","M","M","R","E","M","T","M","M","?","M","$","R","B",null,"M"],"character_chosen":"DEFECT","items_purchased":["Compile Driver","Storm","Storm"],"campfire_rested":1,"item_purchase_floors":[3,14,14],"current_hp_per_floor":[56,56,56,55,55,55,25,17,17,17,17,17,8,8,30,10,59,24,0],"gold":133,"neow_bonus":"ONE_RARE_RELIC","is_prod":false,"is_daily":false,"chose_seed":false,"campfire_upgraded":1,"win_rate":0,"timestamp":1536309455,"path_taken":["M","?","$","M","M","R","E","M","T","M","?","?","M","$","R","BOSS","M","M"],"build_version":"2018-09-06","purchased_purges":1,"victory":false,"max_hp_per_floor":[75,75,75,75,75,75,75,75,75,75,75,75,75,75,75,75,75,75,75],"card_choices":[{"not_picked":["Redo","Compile Driver"],"picked":"Fusion","floor":1},{"not_picked":["Redo","Compile Driver"],"picked":"Beam Cell","floor":4},{"not_picked":["Stack","Gash"],"picked":"Conserve Battery","floor":5},{"not_picked":["Coolheaded","Streamline"],"picked":"Skim","floor":7},{"not_picked":["Auto Shields","Barrage"],"picked":"Electrodynamics","floor":8},{"not_picked":["Stack","Chaos"],"picked":"Hello World","floor":10},{"not_picked":["Ball Lightning","White Noise"],"picked":"Tempest","floor":11},{"not_picked":["Redo","Gash","Force Field"],"picked":"SKIP","floor":13},{"not_picked":["Multi-Cast","Seek"],"picked":"Echo Form","floor":16},{"not_picked":["BootSequence","Lockon"],"picked":"Double Energy","floor":18}],"player_experience":389811,"relics_obtained":[{"floor":7,"key":"Ice Cream"},{"floor":9,"key":"The Courier"}],"event_choices":[{"event_name":"WeMeetAgain","player_choice":"Card","floor":2,"damage_taken":0},{"event_name":"World of Goop","player_choice":"Left","floor":12,"damage_taken":0}],"is_beta":true,"boss_relics":[{"not_picked":["Orrery","Coffee Dripper"],"picked":"Inserter"}],"items_purged_floors":[3],"is_endless":false,"potions_floor_spawned":[8,10,11,13],"killed_by":"Spheric Guardian","ascension_level":11}