{"gold_per_floor":[215,234,16,27,27,27,57,73,73,73,90,115,115,141,141,215,215,231,250,263,263],"floor_reached":21,"playtime":1400,"items_purged":[],"score":315,"play_id":"c6e7002d-ce0f-4e02-ac33-3e435d675662","local_time":"20181018235340","is_ascension_mode":true,"campfire_choices":[{"data":"Chrysalis","floor":6,"key":"SMITH"},{"data":"Neutralize","floor":10,"key":"SMITH"},{"data":"Sucker Punch","floor":15,"key":"SMITH"}],"neow_cost":"NONE","seed_source_timestamp":53977025416671,"circlet_count":0,"master_deck":["Defend_G","Defend_G","Defend_G","Defend_G","Defend_G","Strike_G+1","Strike_G","Strike_G","Strike_G","Strike_G+1","Survivor","Neutralize+1","AscendersBane","Backflip","Unload","Chrysalis+1","Blade Dance","Cloak And Dagger","Predator","Predator","Quick Slash","Well Laid Plans","Sucker Punch+1","Bullet Time","Backflip","Accuracy","Slice+1"],"relics":["Ring of the Snake","Mummified Hand","Meat on the Bone","Dodecahedron","Whetstone","Odd Mushroom","Runic Dome"],"potions_floor_usage":[1,8,12],"damage_taken":[{"damage":0,"enemies":"Small Slimes","floor":1,"turns":4},{"damage":0,"enemies":"Jaw Worm","floor":2,"turns":6},{"damage":1,"enemies":"2 Louse","floor":4,"turns":2},{"damage":7,"enemies":"Lagavulin","floor":7,"turns":6},{"damage":5,"enemies":"2 Fungi Beasts","floor":8,"turns":4},{"damage":2,"enemies":"Blue Slaver","floor":11,"turns":3},{"damage":26,"enemies":"Gremlin Nob","floor":12,"turns":4},{"damage":10,"enemies":"The Mushroom Lair","floor":14,"turns":4},{"damage":22,"enemies":"Hexaghost","floor":16,"turns":12},{"damage":20,"enemies":"Shell Parasite","floor":18,"turns":4},{"damage":17,"enemies":"Spheric Guardian","floor":19,"turns":4},{"damage":24,"enemies":"Centurion and Healer","floor":20,"turns":8},{"damage":33,"enemies":"Snake Plant","floor":21,"turns":4}],"seed_played":"-2942315113721955735","potions_obtained":[{"floor":1,"key":"Fruit Juice"},{"floor":2,"key":"EssenceOfSteel"},{"floor":8,"key":"PowerPotion"},{"floor":14,"key":"Dexterity Potion"},{"floor":20,"key":"PowerPotion"}],"is_trial":false,"path_per_floor":["M","M","$","M","?","R","E","M","T","R","M","E","?","?","R","B",null,"M","M","M"],"character_chosen":"THE_SILENT","items_purchased":["Chrysalis","Blade Dance"],"campfire_rested":0,"item_purchase_floors":[3,3],"current_hp_per_floor":[68,68,68,67,60,60,53,48,48,48,46,32,37,39,39,29,67,47,42,30,0],"gold":263,"neow_bonus":"HUNDRED_GOLD","is_prod":false,"is_daily":false,"chose_seed":false,"campfire_upgraded":3,"win_rate":0,"timestamp":1539899620,"path_taken":["M","M","$","M","?","R","E","M","T","R","M","E","?","?","R","BOSS","M","M","M","M"],"build_version":"2018-10-17v3","purchased_purges":0,"victory":false,"max_hp_per_floor":[75,75,75,75,75,75,75,75,75,75,75,75,80,80,80,80,80,80,80,80,80],"card_choices":[{"not_picked":["All Out Attack","Slice"],"picked":"Backflip","floor":1},{"not_picked":["Deflect","Riddle With Holes"],"picked":"Unload","floor":2},{"not_picked":["Distraction","Catalyst"],"picked":"Cloak And Dagger","floor":4},{"not_picked":["Dagger Spray","Corpse Explosion"],"picked":"Predator","floor":7},{"not_picked":["Escape Plan","Poisoned Stab"],"picked":"Predator","floor":8},{"not_picked":["PiercingWail","Deadly Poison"],"picked":"Quick Slash","floor":11},{"not_picked":["Heel Hook","Backflip"],"picked":"Well Laid Plans","floor":12},{"not_picked":["Bane","Riddle With Holes"],"picked":"Sucker Punch","floor":14},{"not_picked":["Adrenaline","Wraith Form v2"],"picked":"Bullet Time","floor":16},{"not_picked":["Reflex+1","Bane"],"picked":"Backflip","floor":18},{"not_picked":["Poisoned Stab","Dodge and Roll+1"],"picked":"Accuracy","floor":19},{"not_picked":["Poisoned Stab","Acrobatics"],"picked":"Slice+1","floor":20}],"player_experience":657466,"relics_obtained":[{"floor":7,"key":"Meat on the Bone"},{"floor":9,"key":"Dodecahedron"},{"floor":12,"key":"Whetstone"},{"floor":14,"key":"Odd Mushroom"}],"event_choices":[{"damage_healed":0,"gold_gain":0,"player_choice":"Success","damage_taken":7,"relics_obtained":["Mummified Hand"],"max_hp_gain":0,"max_hp_loss":0,"event_name":"Scrap Ooze","floor":5,"gold_loss":0},{"damage_healed":0,"gold_gain":0,"player_choice":"Donut","damage_taken":0,"max_hp_gain":5,"max_hp_loss":0,"event_name":"Big Fish","floor":13,"gold_loss":0},{"damage_healed":0,"gold_gain":0,"player_choice":"Fought Mushrooms","damage_taken":0,"max_hp_gain":0,"max_hp_loss":0,"event_name":"Mushrooms","floor":14,"gold_loss":0}],"is_beta":true,"boss_relics":[{"not_picked":["Fusion Hammer","Runic Pyramid"],"picked":"Runic Dome"}],"items_purged_floors":[],"is_endless":false,"potions_floor_spawned":[1,2,8,14,20],"killed_by":"Snake Plant","ascension_level":13}