{"gold_per_floor":[111,186,361,377,388,419,7,7,33,33,59,59,59,78,78,178,178,193,205,13,13,13],"floor_reached":22,"playtime":1830,"items_purged":["Doubt"],"score":211,"play_id":"0f7d1275-3596-4abd-a0b2-1ee7024912a3","local_time":"20190217150949","is_ascension_mode":true,"campfire_choices":[{"floor":8,"key":"REST"},{"data":"White Noise","floor":13,"key":"SMITH"},{"floor":15,"key":"REST"}],"neow_cost":"NONE","seed_source_timestamp":343817126697195,"circlet_count":0,"master_deck":["Strike_B","Strike_B","Strike_B+1","Defend_B","Defend_B","Defend_B","Zap+1","Dualcast","Rebound+1","Recycle","White Noise+1","Ball Lightning","Turbo","Sunder","Loop","Rainbow","Go for the Eyes","Leap+1","White Noise","BootSequence","Storm"],"relics":["Cracked Core","Whetstone","Dodecahedron","Juzu Bracelet","Turnip","Coffee Dripper"],"potions_floor_usage":[11,16,16,19],"damage_taken":[{"damage":7,"enemies":"Small Slimes","floor":1,"turns":4},{"damage":1,"enemies":"2 Louse","floor":4,"turns":2},{"damage":1,"enemies":"Cultist","floor":5,"turns":3},{"damage":39,"enemies":"3 Sentries","floor":6,"turns":7},{"damage":21,"enemies":"Lagavulin","floor":11,"turns":7},{"damage":8,"enemies":"Blue Slaver","floor":14,"turns":2},{"damage":30,"enemies":"Hexaghost","floor":16,"turns":8},{"damage":23,"enemies":"2 Thieves","floor":18,"turns":4},{"damage":26,"enemies":"Shell Parasite","floor":19,"turns":7},{"damage":26,"enemies":"Centurion and Healer","floor":22,"turns":5}],"seed_played":"3886444166119273134","potions_obtained":[{"floor":1,"key":"FearPotion"},{"floor":5,"key":"SpeedPotion"},{"floor":14,"key":"Explosive Potion"},{"floor":16,"key":"SpeedPotion"},{"floor":18,"key":"Swift Potion"},{"floor":19,"key":"Strength Potion"}],"is_trial":false,"path_per_floor":["M","?","?","M","M","E","$","R","T","?","E","?","R","M","R","B",null,"M","M","$","?","M"],"character_chosen":"DEFECT","items_purchased":["Sunder","Dodecahedron","White Noise","BootSequence","Storm"],"campfire_rested":2,"item_purchase_floors":[7,7,20,20,20],"current_hp_per_floor":[68,57,57,56,55,16,16,38,38,38,17,17,17,9,31,1,75,52,26,26,26,0],"gold":13,"neow_bonus":"TRANSFORM_CARD","is_prod":false,"is_daily":false,"chose_seed":false,"campfire_upgraded":1,"win_rate":0,"timestamp":1550444989,"path_taken":["M","?","?","M","M","E","$","R","T","?","E","?","R","M","R","BOSS","M","M","$","?","M"],"build_version":"2019-01-23","purchased_purges":1,"victory":false,"max_hp_per_floor":[75,75,75,75,75,75,75,75,75,75,75,75,75,75,75,75,75,75,75,75,75,75],"card_choices":[{"not_picked":["Stack","Gash"],"picked":"Recycle","floor":1},{"not_picked":["Sweeping Beam","Conserve Battery"],"picked":"White Noise","floor":4},{"not_picked":["Conserve Battery","Scrape"],"picked":"Ball Lightning","floor":5},{"not_picked":["Thunder Strike","Stack"],"picked":"Turbo","floor":6},{"not_picked":["Rebound","Aggregate","Sunder"],"picked":"SKIP","floor":11},{"not_picked":["Steam Power","Aggregate"],"picked":"Loop","floor":14},{"not_picked":["Thunder Strike","Seek"],"picked":"Rainbow","floor":16},{"not_picked":["BootSequence+1","Tempest+1"],"picked":"Go for the Eyes","floor":18},{"not_picked":["Sweeping Beam","Ball Lightning"],"picked":"Leap+1","floor":19}],"player_experience":194344,"relics_obtained":[{"floor":6,"key":"Whetstone"},{"floor":9,"key":"Juzu Bracelet"},{"floor":11,"key":"Turnip"}],"event_choices":[{"damage_healed":0,"gold_gain":75,"player_choice":"Gather Gold","damage_taken":11,"max_hp_gain":0,"max_hp_loss":0,"event_name":"World of Goop","floor":2,"gold_loss":0},{"damage_healed":0,"gold_gain":175,"player_choice":"AGREE","damage_taken":0,"max_hp_gain":0,"max_hp_loss":0,"event_name":"Liars Game","floor":3,"gold_loss":0,"cards_obtained":["Doubt"]},{"cards_removed":["Strike_B"],"damage_healed":0,"gold_gain":0,"player_choice":"Forget","damage_taken":0,"max_hp_gain":0,"max_hp_loss":0,"event_name":"Living Wall","floor":10,"gold_loss":0},{"damage_healed":0,"gold_gain":0,"player_choice":"Forge","damage_taken":0,"max_hp_gain":0,"max_hp_loss":0,"event_name":"Accursed Blacksmith","floor":12,"gold_loss":0,"cards_upgraded":["Zap"]},{"damage_healed":0,"gold_gain":0,"player_choice":"Ignored","damage_taken":0,"max_hp_gain":0,"max_hp_loss":0,"event_name":"Beggar","floor":21,"gold_loss":0}],"is_beta":false,"boss_relics":[{"not_picked":["Sozu","Velvet Choker"],"picked":"Coffee Dripper"}],"items_purged_floors":[7],"is_endless":false,"potions_floor_spawned":[1,5,14,16,18,19],"killed_by":"Centurion and Healer","ascension_level":2}