{"gold_per_floor":[10,22,33,48,68,68,100,123,155,183,195,195],"floor_reached":12,"playtime":2451,"items_purged":[],"score":184,"play_id":"a326ff8f-0929-4572-a259-0f47c132f896","local_time":"20190120131923","is_ascension_mode":true,"campfire_choices":[{"floor":6,"key":"REST"}],"neow_cost":"NO_GOLD","seed_source_timestamp":0,"circlet_count":0,"master_deck":["AscendersBane","Defend_G","Defend_G","Defend_G","Defend_G","Defend_G","Strike_G","Strike_G","Strike_G","Strike_G","Strike_G","Survivor","Neutralize","Crippling Poison","Deadly Poison","Footwork","Finisher","Dagger Throw","Dodge and Roll","Crippling Poison","Backflip","Leg Sweep","Wraith Form v2"],"special_seed":0,"relics":["Ring of the Snake","Prayer Wheel","Orichalcum","Dream Catcher","Oddly Smooth Stone","Pantograph"],"potions_floor_usage":[4,7,12,12],"damage_taken":[{"damage":4.0,"enemies":"Cultist","floor":1.0,"turns":5.0},{"damage":0.0,"enemies":"2 Louse","floor":2.0,"turns":2.0},{"damage":9.0,"enemies":"Jaw Worm","floor":3.0,"turns":5.0},{"damage":23,"enemies":"Gremlin Gang","floor":4,"turns":5},{"damage":8,"enemies":"Red Slaver","floor":5,"turns":5},{"damage":8,"enemies":"Lagavulin","floor":7,"turns":9},{"damage":1,"enemies":"2 Fungi Beasts","floor":9,"turns":20},{"damage":11,"enemies":"3 Sentries","floor":10,"turns":16},{"damage":0,"enemies":"2 Fungi Beasts","floor":11,"turns":5},{"damage":16,"enemies":"Gremlin Nob","floor":12,"turns":4}],"seed_played":"3932339317188262528","potions_obtained":[{"floor":1.0,"key":"Energy Potion"},{"floor":3.0,"key":"SkillPotion"},{"floor":4,"key":"SneckoOil"},{"floor":5,"key":"GhostInAJar"},{"floor":11,"key":"SteroidPotion"}],"is_trial":false,"path_per_floor":["M","M","M","M","M","R","E","T","MIM","E","M","E"],"character_chosen":"THE_SILENT","items_purchased":[],"campfire_rested":1,"item_purchase_floors":[],"current_hp_per_floor":[55,55,46,23,15,34,26,26,25,14,14,0],"gold":195,"neow_bonus":"ONE_RARE_RELIC","is_prod":false,"is_daily":false,"chose_seed":false,"campfire_upgraded":0,"win_rate":0,"timestamp":1547986763,"path_taken":["M","M","M","M","M","R","E","?","MIM","E","M","E"],"build_version":"2019-01-17v2","purchased_purges":0,"victory":false,"max_hp_per_floor":[66,66,66,66,66,66,66,66,66,66,66,66],"card_choices":[{"not_picked":["Tactician","Caltrops"],"picked":"Crippling Poison","floor":1.0},{"not_picked":["Slice","Escape Plan"],"picked":"Deadly Poison","floor":1.0},{"not_picked":["Deflect","Finisher"],"picked":"Footwork","floor":2.0},{"not_picked":["Burst","Sucker Punch"],"picked":"Finisher","floor":2.0},{"not_picked":["Deflect","Underhanded Strike"],"picked":"Dagger Throw","floor":3.0},{"not_picked":["Acrobatics","Dagger Throw"],"picked":"Dodge and Roll","floor":3.0},{"not_picked":["Prepared","Bouncing Flask"],"picked":"Crippling Poison","floor":4},{"not_picked":["Cloak And Dagger","Dagger Spray"],"picked":"Backflip","floor":4},{"not_picked":["Deadly Poison","hubris:SlightOfHand"],"picked":"Leg Sweep","floor":5},{"not_picked":["Infinite Blades","Quick Slash","Deflect"],"picked":"SKIP","floor":5},{"not_picked":["Deflect","Prepared","Deadly Poison"],"picked":"SKIP","floor":7},{"not_picked":["Dagger Spray","Flechettes"],"picked":"Wraith Form v2","floor":10},{"not_picked":["hubris:SlightOfHand","Underhanded Strike","Sucker Punch"],"picked":"SKIP","floor":11},{"not_picked":["hubris:SlightOfHand","Choke","Bane"],"picked":"SKIP","floor":11}],"player_experience":1137562,"relics_obtained":[{"floor":7,"key":"Orichalcum"},{"floor":8,"key":"Dream Catcher"},{"floor":9,"key":"Oddly Smooth Stone"},{"floor":10,"key":"Pantograph"}],"event_choices":[],"is_beta":false,"boss_relics":[],"items_purged_floors":[],"is_endless":false,"potions_floor_spawned":[1,3,4,5,11],"killed_by":"Gremlin Nob","ascension_level":20}