{"gold_per_floor":[115,115,10,29,45,78,91,17,41,58,84,84,115,115,115,246,246,267,291,291,316,50,50,88,101,101,101,26,65,65,96,96,226,226,246,31,50,70,0,0,36,36,36,336,377,302,360,396,396,396],"floor_reached":51,"playtime":4417,"items_purged":["Strike_B"],"score":1167,"play_id":"7b5e56a2-9c2a-4bf0-8ecb-7bff9c6a1e9d","local_time":"20190328084550","is_ascension_mode":true,"campfire_choices":[{"data":"Creative AI","floor":12,"key":"SMITH"},{"floor":15,"key":"REST"},{"data":"Defragment","floor":23,"key":"SMITH"},{"floor":27,"key":"DIG"},{"floor":30,"key":"REST"},{"floor":32,"key":"DIG"},{"floor":40,"key":"DIG"},{"floor":42,"key":"REST"},{"floor":44,"key":"DIG"},{"floor":49,"key":"DIG"}],"neow_cost":"NONE","seed_source_timestamp":0,"circlet_count":0,"master_deck":["Strike_B","Strike_B","Defend_B","Defend_B","Defend_B","Defend_B","Zap+1","Dualcast","Compile Driver","Defragment+1","Coolheaded","Conserve Battery","Steam","Reinforced Body","Go for the Eyes","Loop","Beam Cell","Creative AI+1","Hello World","Buffer","Compile Driver","Double Energy","Conserve Battery+1","FTL","Blizzard+1","Beam Cell+1","Stack","Seek","Defragment","Undo+1"],"special_seed":0,"relics":["Cracked Core","Pen Nib","Art of War","Happy Flower","Bag of Marbles","Symbiotic Virus","Golden Idol","Sozu","Blood Vial","Shovel","FossilizedHelix","Bronze Scales","Bag of Preparation","Orichalcum","Juzu Bracelet","Busted Crown","Strawberry","Red Mask","Du-Vu Doll","Ornamental Fan","Blue Candle","Old Coin","Bird Faced Urn","Ice Cream","Thread and Needle","Anchor","Pocketwatch"],"potions_floor_usage":[18],"damage_taken":[{"damage":3.0,"enemies":"Small Slimes","floor":1.0,"turns":3.0},{"damage":0.0,"enemies":"Cultist","floor":4.0,"turns":4.0},{"damage":0.0,"enemies":"Jaw Worm","floor":5.0,"turns":3.0},{"damage":3.0,"enemies":"3 Sentries","floor":6.0,"turns":8.0},{"damage":2.0,"enemies":"Large Slime","floor":7.0,"turns":5.0},{"damage":2,"enemies":"Exordium Thugs","floor":10,"turns":5},{"damage":3,"enemies":"Lagavulin","floor":11,"turns":8},{"damage":36,"enemies":"Gremlin Nob","floor":13,"turns":5},{"damage":16,"enemies":"The Guardian","floor":16,"turns":8},{"damage":0,"enemies":"2 Thieves","floor":18,"turns":4},{"damage":7,"enemies":"Shell Parasite","floor":19,"turns":6},{"damage":9,"enemies":"Sentry and Sphere","floor":21,"turns":5},{"damage":0,"enemies":"Book of Stabbing","floor":24,"turns":5},{"damage":4,"enemies":"Centurion and Healer","floor":25,"turns":6},{"damage":28,"enemies":"Gremlin Leader","floor":29,"turns":7},{"damage":20,"enemies":"Book of Stabbing","floor":31,"turns":5},{"damage":26,"enemies":"Automaton","floor":33,"turns":9},{"damage":0,"enemies":"Orb Walker","floor":35,"turns":2},{"damage":0,"enemies":"3 Shapes","floor":37,"turns":5},{"damage":0,"enemies":"Transient","floor":38,"turns":5},{"damage":32,"enemies":"Reptomancer","floor":41,"turns":5},{"damage":0,"enemies":"Nemesis","floor":45,"turns":7},{"damage":19,"enemies":"2 Orb Walkers","floor":47,"turns":5},{"damage":24,"enemies":"Reptomancer","floor":48,"turns":8},{"damage":64,"enemies":"Awakened One","floor":50,"turns":11}],"seed_played":"-4185223340821696749","potions_obtained":[{"floor":4.0,"key":"EssenceOfSteel"},{"floor":7.0,"key":"FairyPotion"},{"floor":16,"key":"Block Potion"}],"is_trial":false,"path_per_floor":["M","?","$","M","M","E","M","$","T","M","E","R","E","?","R","B",null,"M","M","?","M","$","R","E","M","T","R","?","E","R","E","R","B",null,"M","$","M","M","?","R","E","R","T","R","E","?","?","E","R","B",null],"character_chosen":"DEFECT","items_purchased":["Defragment","Coolheaded","Loop","Blood Vial","FTL","Defragment","Strawberry"],"campfire_rested":3,"item_purchase_floors":[3,3,8,22,22,36,36],"current_hp_per_floor":[65,65,65,65,65,62,60,60,60,58,55,55,19,1,23,7,58,58,51,75,66,66,66,68,66,66,66,66,40,62,44,44,20,61,63,70,72,74,74,74,44,68,68,68,70,70,71,63,63,45],"gold":396,"neow_bonus":"RANDOM_COMMON_RELIC","is_prod":false,"is_daily":false,"chose_seed":false,"campfire_upgraded":2,"win_rate":0,"timestamp":1553787950,"path_taken":["M","?","$","M","M","E","?","$","T","M","E","R","E","?","R","BOSS","M","M","?","M","$","R","E","M","T","R","?","E","R","E","R","BOSS","M","$","M","M","?","R","E","R","T","R","E","?","?","E","R","BOSS"],"build_version":"2019-01-23","purchased_purges":1,"victory":true,"max_hp_per_floor":[75,75,75,75,75,75,75,75,75,75,75,75,75,75,75,75,75,75,75,75,75,75,75,75,75,75,75,75,75,75,75,75,75,75,75,82,82,82,82,82,82,82,82,82,82,82,82,82,82,82],"card_choices":[{"not_picked":["Stack","Redo"],"picked":"Compile Driver","floor":1.0},{"not_picked":["Hello World","Barrage"],"picked":"Conserve Battery","floor":4.0},{"not_picked":["Barrage","Stack"],"picked":"Steam","floor":5.0},{"not_picked":["Tempest","Blizzard"],"picked":"Reinforced Body","floor":6.0},{"not_picked":["Aggregate","Stack"],"picked":"Go for the Eyes","floor":7.0},{"not_picked":["Melter","Multi-Cast"],"picked":"Beam Cell","floor":10},{"not_picked":["Force Field","Streamline"],"picked":"Creative AI","floor":11},{"not_picked":["Stack","Gash"],"picked":"Hello World","floor":13},{"not_picked":["Meteor Strike","Fission"],"picked":"Buffer","floor":16},{"not_picked":["Barrage+1","Sweeping Beam"],"picked":"Compile Driver","floor":18},{"not_picked":["Auto Shields","Stack"],"picked":"Double Energy","floor":19},{"not_picked":["Force Field","Hologram"],"picked":"Conserve Battery+1","floor":21},{"not_picked":["Go for the Eyes","Biased Cognition"],"picked":"Blizzard+1","floor":24},{"not_picked":["Cold Snap","Aggregate+1"],"picked":"Beam Cell+1","floor":25},{"not_picked":["Gash","Rip and Tear","Steam Power"],"picked":"SKIP","floor":29},{"not_picked":["Beam Cell","Gash"],"picked":"Stack","floor":31},{"not_picked":["Hyperbeam","Meteor Strike"],"picked":"Seek","floor":33},{"not_picked":["Darkness"],"picked":"SKIP","floor":35},{"not_picked":["Streamline"],"picked":"SKIP","floor":37},{"not_picked":["Conserve Battery+1"],"picked":"SKIP","floor":38},{"not_picked":["Turbo"],"picked":"SKIP","floor":41},{"not_picked":["Scrape"],"picked":"SKIP","floor":45},{"not_picked":[],"picked":"Undo+1","floor":47},{"not_picked":["Gash"],"picked":"SKIP","floor":48}],"player_experience":458276,"relics_obtained":[{"floor":6.0,"key":"Art of War"},{"floor":9,"key":"Happy Flower"},{"floor":11,"key":"Bag of Marbles"},{"floor":13,"key":"Symbiotic Virus"},{"floor":24,"key":"Shovel"},{"floor":26,"key":"FossilizedHelix"},{"floor":27,"key":"Bronze Scales"},{"floor":29,"key":"Bag of Preparation"},{"floor":31,"key":"Orichalcum"},{"floor":32,"key":"Juzu Bracelet"},{"floor":40,"key":"Du-Vu Doll"},{"floor":41,"key":"Ornamental Fan"},{"floor":43,"key":"Blue Candle"},{"floor":44,"key":"Old Coin"},{"floor":45,"key":"Bird Faced Urn"},{"floor":47,"key":"Thread and Needle"},{"floor":48,"key":"Anchor"},{"floor":49,"key":"Pocketwatch"}],"event_choices":[{"damage_healed":0.0,"max_hp_gain":0.0,"max_hp_loss":0.0,"gold_gain":0.0,"event_name":"Accursed Blacksmith","player_choice":"Forge","floor":2.0,"gold_loss":0.0,"damage_taken":0.0,"cards_upgraded":["Zap"]},{"damage_healed":0,"gold_gain":0,"player_choice":"Take Damage","damage_taken":18,"relics_obtained":["Golden Idol"],"max_hp_gain":0,"max_hp_loss":0,"event_name":"Golden Idol","floor":14,"gold_loss":0},{"damage_healed":25,"gold_gain":0,"player_choice":"Heal","damage_taken":0,"max_hp_gain":0,"max_hp_loss":0,"event_name":"The Library","floor":20,"gold_loss":0},{"cards_removed":["Strike_B"],"damage_healed":0,"gold_gain":0,"player_choice":"Gave Gold","damage_taken":0,"max_hp_gain":0,"max_hp_loss":0,"event_name":"Beggar","floor":28,"gold_loss":75},{"damage_healed":0,"gold_gain":0,"player_choice":"Paid","damage_taken":0,"relics_obtained":["Red Mask"],"max_hp_gain":0,"max_hp_loss":0,"event_name":"Tomb of Lord Red Mask","floor":39,"gold_loss":70},{"damage_healed":0,"gold_gain":0,"player_choice":"Paid Gold","damage_taken":0,"relics_obtained":["Ice Cream"],"max_hp_gain":0,"max_hp_loss":0,"event_name":"WeMeetAgain","floor":46,"gold_loss":75},{"damage_healed":0,"gold_gain":0,"player_choice":"Fight","damage_taken":0,"max_hp_gain":0,"max_hp_loss":0,"event_name":"Mysterious Sphere","floor":47,"gold_loss":0}],"is_beta":false,"boss_relics":[{"not_picked":["Cursed Key","Eternal Feather"],"picked":"Sozu"},{"not_picked":["White Beast Statue","Fusion Hammer"],"picked":"Busted Crown"}],"items_purged_floors":[22],"is_endless":false,"potions_floor_spawned":[4,7,16,21,24,31,33,35,45,47],"ascension_level":7}