{"path_per_floor":["M","M","?","$","?","R","E","M","T","M","E","R","$","M","R","B",null,"M","?","M","$"],"character_chosen":"THE_SILENT","items_purchased":["Noxious Fumes","Heel Hook","Finisher","Infinite Blades","Mind Blast"],"gold_per_floor":[114,125,125,57,132,132,165,182,182,193,220,220,32,42,42,137,137,147,147,161,61,61],"floor_reached":22,"campfire_rested":1,"playtime":1141,"item_purchase_floors":[4,13,13,13,21],"current_hp_per_floor":[63,63,63,63,52,52,43,43,43,38,22,43,43,27,32,13,60,42,28,1,1,0],"items_purged":[],"gold":61,"score":262,"play_id":"336f45de-ced0-40cf-a8b8-6fb392c9e5ee","local_time":"20180607001440","is_prod":false,"is_daily":false,"chose_seed":false,"is_ascension_mode":true,"campfire_upgraded":2,"win_rate":0,"timestamp":1528323280,"campfire_choices":[{"data":"Noxious Fumes","floor":6,"key":"SMITH"},{"floor":12,"key":"REST"},{"data":"Burst","floor":15,"key":"SMITH"}],"path_taken":["M","?","?","?","?","R","E","M","T","M","E","R","$","M","R","BOSS","M","?","M","$","?"],"build_version":"2018-06-05","seed_source_timestamp":48296599035844,"purchased_purges":0,"victory":false,"master_deck":["Defend_G","Defend_G","Defend_G","Defend_G","Defend_G","Strike_G","Strike_G","Strike_G","Strike_G","Strike_G","Survivor","Neutralize","Flechettes","Deadly Poison","Noxious Fumes+1","Burst+1","Sucker Punch","Quick Slash","Terror","Heel Hook","Finisher","Infinite Blades","Poisoned Stab","Adrenaline","Quick Slash+1","Reflex","Mind Blast"],"max_hp_per_floor":[70,70,70,70,70,70,70,70,70,70,70,70,70,70,75,75,75,75,80,80,80,80],"relics":["Ring of the Snake","Mercury Hourglass","Blue Candle","Smiling Mask","Sozu"],"card_choices":[{"not_picked":["Outmaneuver","PiercingWail"],"picked":"Flechettes","floor":1},{"not_picked":["Flying Knee","Accuracy"],"picked":"Deadly Poison","floor":2},{"not_picked":["All Out Attack","Bane"],"picked":"Burst","floor":7},{"not_picked":["Masterful Stab","All Out Attack"],"picked":"Sucker Punch","floor":8},{"not_picked":["Flechettes","Riddle With Holes"],"picked":"Quick Slash","floor":10},{"not_picked":["Underhanded Strike","Malaise"],"picked":"Terror","floor":11},{"not_picked":["Bane","Dagger Throw"],"picked":"Poisoned Stab","floor":14},{"not_picked":["Tactician","Wraith Form v2"],"picked":"Adrenaline","floor":16},{"not_picked":["Calculated Gamble","Eviscerate"],"picked":"Quick Slash+1","floor":18},{"not_picked":["Poisoned Stab","Dagger Throw"],"picked":"Reflex","floor":20}],"player_experience":288752,"potions_floor_usage":[7,11,15,16],"damage_taken":[{"damage":0,"enemies":"Cultist","floor":1,"turns":4},{"damage":0,"enemies":"2 Louse","floor":2,"turns":2},{"damage":9,"enemies":"3 Sentries","floor":7,"turns":6},{"damage":0,"enemies":"Jaw Worm","floor":8,"turns":3},{"damage":5,"enemies":"2 Fungi Beasts","floor":10,"turns":3},{"damage":16,"enemies":"Gremlin Nob","floor":11,"turns":3},{"damage":16,"enemies":"Lots of Slimes","floor":14,"turns":3},{"damage":19,"enemies":"Slime Boss","floor":16,"turns":7},{"damage":18,"enemies":"3 Byrds","floor":18,"turns":3},{"damage":27,"enemies":"Shell Parasite","floor":20,"turns":4},{"damage":5,"enemies":"Snecko","floor":22,"turns":2}],"relics_obtained":[{"floor":7,"key":"Mercury Hourglass"},{"floor":9,"key":"Blue Candle"},{"floor":11,"key":"Smiling Mask"}],"event_choices":[{"event_name":"Golden Wing","player_choice":"Ignored","floor":3,"damage_taken":0},{"event_name":"World of Goop","player_choice":"Gather Gold","floor":5,"damage_taken":0},{"event_name":"Forgotten Altar","player_choice":"Shed Blood","floor":19,"damage_taken":0}],"boss_relics":[{"not_picked":["Black Star","Pandora\u0027s Box"],"picked":"Sozu"}],"items_purged_floors":[],"potions_floor_spawned":[1,10,11,14,18],"seed_played":"77295997470907977","killed_by":"Snecko","ascension_level":7,"potions_obtained":[{"floor":1,"key":"EssenceOfSteel"},{"floor":10,"key":"Fire Potion"},{"floor":11,"key":"AttackPotion"},{"floor":14,"key":"Fruit Juice"}],"is_trial":false}