{"gold_per_floor":[111,111,129,129,129,157,207,207,207,207,463,480,500,513,513,586,586,597,597,457,573,573],"floor_reached":22,"playtime":749,"items_purged":["Strike_R"],"score":413,"play_id":"6ce215c0-1396-4f29-a2d9-0274433e4f06","local_time":"20190130235621","is_ascension_mode":true,"campfire_choices":[{"data":"Bludgeon","floor":8,"key":"SMITH"},{"data":"Bash","floor":10,"key":"SMITH"},{"data":"Metallicize","floor":15,"key":"SMITH"}],"neow_cost":"NONE","seed_source_timestamp":49382562093007,"circlet_count":0,"master_deck":["AscendersBane","Strike_R","Strike_R","Strike_R","Defend_R","Defend_R","Defend_R","Defend_R","Bash+1","Bludgeon+1","Metallicize+1","Cleave","Pommel Strike","hubris:ReadiedAction","Battle Trance","Pommel Strike","Feed","Feel No Pain","Armaments"],"relics":["Burning Blood","Smiling Mask","hubris:Metronome","Orichalcum","hubris:Spice"],"potions_floor_usage":[11,16,21],"damage_taken":[{"damage":5,"enemies":"Small Slimes","floor":1,"turns":2},{"damage":6,"enemies":"Cultist","floor":3,"turns":3},{"damage":26,"enemies":"Gremlin Nob","floor":6,"turns":4},{"damage":22,"enemies":"Lagavulin","floor":11,"turns":6},{"damage":3,"enemies":"Jaw Worm","floor":12,"turns":2},{"damage":9,"enemies":"Large Slime","floor":13,"turns":3},{"damage":0,"enemies":"Exordium Thugs","floor":14,"turns":2},{"damage":51,"enemies":"The Guardian","floor":16,"turns":8},{"damage":12,"enemies":"Spheric Guardian","floor":18,"turns":4},{"damage":34,"enemies":"3 Byrds","floor":21,"turns":5},{"damage":20,"enemies":"Masked Bandits","floor":22,"turns":2}],"seed_played":"-8902018546074453741","potions_obtained":[{"floor":3,"key":"BloodPotion"},{"floor":6,"key":"Poison Potion"},{"floor":14,"key":"SpeedPotion"},{"floor":18,"key":"FearPotion"}],"is_trial":false,"path_per_floor":["M","?","M","?","$","E","?","R","T","R","E","M","M","M","R","B",null,"M","?","$","M","?"],"character_chosen":"IRONCLAD","items_purchased":["Feel No Pain"],"campfire_rested":0,"item_purchase_floors":[20],"current_hp_per_floor":[69,69,69,74,74,54,54,54,54,54,46,49,46,52,52,15,78,75,45,45,20,0],"gold":573,"neow_bonus":"ONE_RANDOM_RARE_CARD","is_prod":false,"is_daily":false,"chose_seed":false,"campfire_upgraded":3,"win_rate":0,"timestamp":1548888981,"path_taken":["M","?","?","?","$","E","?","R","T","R","E","?","M","M","R","BOSS","M","?","$","M","?"],"build_version":"2019-01-23","purchased_purges":1,"victory":false,"max_hp_per_floor":[75,75,75,80,80,80,80,80,80,80,88,88,88,88,88,88,96,99,104,104,107,107],"card_choices":[{"not_picked":["hubris:CleavingFinish","Havoc"],"picked":"Metallicize","floor":1},{"not_picked":["Sever Soul","Seeing Red"],"picked":"Cleave","floor":3},{"not_picked":["Cleave","Corruption"],"picked":"Pommel Strike","floor":6},{"not_picked":["Thunderclap","Cleave"],"picked":"hubris:ReadiedAction","floor":11},{"not_picked":["Warcry","Iron Wave","Sword Boomerang"],"picked":"SKIP","floor":12},{"not_picked":["Clothesline","hubris:StunningStrike"],"picked":"Battle Trance","floor":13},{"not_picked":["Carnage","hubris:ReadiedAction"],"picked":"Pommel Strike","floor":14},{"not_picked":["Dark Embrace","Juggernaut"],"picked":"Feed","floor":16},{"not_picked":["Fire Breathing","Warcry","Wild Strike"],"picked":"SKIP","floor":18},{"not_picked":["Burning Pact","Clothesline"],"picked":"Armaments","floor":21}],"player_experience":1191906,"relics_obtained":[{"floor":6,"key":"hubris:Metronome"},{"floor":9,"key":"Orichalcum"},{"floor":11,"key":"hubris:Spice"}],"event_choices":[{"cards_removed":["Strike_R"],"damage_healed":0,"gold_gain":0,"player_choice":"Card Removal","damage_taken":0,"max_hp_gain":0,"max_hp_loss":0,"event_name":"Wheel of Change","floor":2,"gold_loss":0},{"damage_healed":0,"gold_gain":0,"player_choice":"Donut","damage_taken":0,"max_hp_gain":5,"max_hp_loss":0,"event_name":"Big Fish","floor":4,"gold_loss":0},{"damage_healed":0,"gold_gain":50,"player_choice":"Pray","damage_taken":0,"max_hp_gain":0,"max_hp_loss":0,"event_name":"Golden Shrine","floor":7,"gold_loss":0},{"damage_healed":0,"gold_gain":0,"player_choice":"Shed Blood","damage_taken":35,"max_hp_gain":5,"max_hp_loss":0,"event_name":"Forgotten Altar","floor":19,"gold_loss":0},{"damage_healed":0,"gold_gain":0,"player_choice":"Fought Bandits","damage_taken":0,"max_hp_gain":0,"max_hp_loss":0,"event_name":"Masked Bandits","floor":22,"gold_loss":0}],"is_beta":false,"boss_relics":[{"not_picked":["Eternal Feather","Runic Dome"],"picked":"hubris:Spice"}],"items_purged_floors":[20],"is_endless":false,"potions_floor_spawned":[3,6,14,18],"killed_by":"Masked Bandits","ascension_level":20}