{"gold_per_floor":[12,12,24,24,24,41,41,57,57,57,57,57],"floor_reached":12,"playtime":340,"items_purged":[],"score":144,"play_id":"83a4f33a-cba5-4c3c-b438-ba25d95e04cb","local_time":"20181120095032","is_ascension_mode":true,"campfire_choices":[{"data":"Trip","floor":7,"key":"SMITH"},{"data":"True Grit","floor":11,"key":"SMITH"}],"neow_cost":"NO_GOLD","seed_source_timestamp":6561523522697,"circlet_count":0,"master_deck":["AscendersBane","Strike_R","Strike_R","Strike_R+1","Strike_R","Strike_R","Defend_R","Defend_R+1","Defend_R","Defend_R","Bash","Swift Strike","Trip+1","Body Slam","Anger","Shrug It Off","True Grit+1"],"relics":["Burning Blood","Ancient Tea Set"],"potions_floor_usage":[10],"damage_taken":[{"damage":12,"enemies":"2 Louse","floor":1,"turns":2},{"damage":16,"enemies":"Small Slimes","floor":3,"turns":3},{"damage":0,"enemies":"Cultist","floor":6,"turns":3},{"damage":37,"enemies":"Exordium Thugs","floor":8,"turns":5},{"damage":0,"enemies":"Gremlin Nob","floor":10,"turns":2},{"damage":22,"enemies":"3 Sentries","floor":12,"turns":5}],"seed_played":"6085759400199996425","potions_obtained":[{"floor":6,"key":"SmokeBomb"}],"is_trial":false,"path_per_floor":["M","?","M","?","?","M","R","M","T","E","R","E"],"character_chosen":"IRONCLAD","items_purchased":[],"campfire_rested":0,"item_purchase_floors":[],"current_hp_per_floor":[62,39,29,29,34,40,40,9,9,15,15,0],"gold":57,"neow_bonus":"RANDOM_COLORLESS_2","is_prod":false,"is_daily":false,"chose_seed":false,"campfire_upgraded":2,"win_rate":0,"timestamp":1542703832,"path_taken":["M","?","M","?","?","M","R","M","T","E","R","E"],"build_version":"2018-11-15","purchased_purges":0,"victory":false,"max_hp_per_floor":[75,75,75,75,80,80,80,80,80,80,80,80],"card_choices":[{"not_picked":["Sever Soul","Corruption"],"picked":"Body Slam","floor":1},{"not_picked":["Rage","Second Wind"],"picked":"Anger","floor":3},{"not_picked":["Perfected Strike","Searing Blow"],"picked":"Shrug It Off","floor":6},{"not_picked":["Twin Strike","Seeing Red"],"picked":"True Grit","floor":8}],"player_experience":839261,"relics_obtained":[{"floor":9,"key":"Ancient Tea Set"}],"event_choices":[{"damage_healed":0,"gold_gain":0,"player_choice":"Entered Light","damage_taken":23,"max_hp_gain":0,"max_hp_loss":0,"event_name":"Shining Light","floor":2,"gold_loss":0,"cards_upgraded":["Strike_R","Defend_R"]},{"damage_healed":0,"gold_gain":0,"player_choice":"Ignored","damage_taken":0,"max_hp_gain":0,"max_hp_loss":0,"event_name":"Golden Wing","floor":4,"gold_loss":0},{"damage_healed":0,"gold_gain":0,"player_choice":"Donut","damage_taken":0,"max_hp_gain":5,"max_hp_loss":0,"event_name":"Big Fish","floor":5,"gold_loss":0}],"is_beta":true,"boss_relics":[],"items_purged_floors":[],"is_endless":false,"potions_floor_spawned":[6,10],"killed_by":"3 Sentries","ascension_level":17}