{"gold_per_floor":[110,35,35,35,45,45,45,59,137,137,162,178,212,223,223,325,325,339,339,350,370,370,400,400,10,10,40,40,40,69,82,82,183,183,198,217,177,191,209,209,239,249,249,273,273,286,39,50,50,50],"floor_reached":50,"playtime":6750,"items_purged":["Doubt","Pain"],"score":934,"play_id":"68b93c6a-6083-4a97-bbb4-218503889202","local_time":"20180923172958","is_ascension_mode":true,"campfire_choices":[{"data":"Body Slam","floor":6,"key":"SMITH"},{"data":"Whirlwind","floor":15,"key":"SMITH"},{"data":"Perfected Strike","floor":24,"key":"SMITH"},{"data":"Limit Break","floor":28,"key":"SMITH"},{"floor":32,"key":"REST"},{"floor":40,"key":"REST"},{"floor":45,"key":"REST"},{"floor":49,"key":"REST"}],"neow_cost":"CURSE","seed_source_timestamp":20156821678713,"circlet_count":0,"master_deck":["Strike_R","Strike_R","Strike_R","Defend_R","Defend_R","Bash","AscendersBane","Thunderclap","Body Slam+1","Sword Boomerang","Shrug It Off","Perfected Strike","Whirlwind+1","Limit Break+1","Blood for Blood+1","Power Through+1","Metallicize+1","Perfected Strike","Whirlwind+1","Perfected Strike+1","Flex","Heavy Blade+1","Inflame+1","Clash","Infernal Blade+1","Offering","Feed","Twin Strike+1","Flex+1","Rage","Juggernaut"],"relics":["Burning Blood","Torii","Gremlin Horn","Red Skull","Champion Belt","Astrolabe","Strawberry","Mango","Ornamental Fan","Oddly Smooth Stone","WarpedTongs","Red Mask","Black Star","PreservedInsect","Juzu Bracelet","Singing Bowl","Omamori","Anchor"],"potions_floor_usage":[13,42,50,50],"damage_taken":[{"damage":19,"enemies":"Jaw Worm","floor":1,"turns":6},{"damage":1,"enemies":"Cultist","floor":5,"turns":4},{"damage":8,"enemies":"2 Louse","floor":8,"turns":2},{"damage":8,"enemies":"Large Slime","floor":12,"turns":6},{"damage":12,"enemies":"3 Sentries","floor":13,"turns":7},{"damage":6,"enemies":"3 Louse","floor":14,"turns":3},{"damage":47,"enemies":"Slime Boss","floor":16,"turns":10},{"damage":7,"enemies":"Chosen","floor":18,"turns":4},{"damage":0,"enemies":"3 Byrds","floor":20,"turns":3},{"damage":37,"enemies":"Shelled Parasite and Fungi","floor":21,"turns":6},{"damage":19,"enemies":"Gremlin Leader","floor":23,"turns":5},{"damage":20,"enemies":"Book of Stabbing","floor":27,"turns":5},{"damage":4,"enemies":"Masked Bandits","floor":30,"turns":2},{"damage":7,"enemies":"Centurion and Healer","floor":31,"turns":2},{"damage":73,"enemies":"Automaton","floor":33,"turns":7},{"damage":17,"enemies":"3 Shapes","floor":35,"turns":4},{"damage":12,"enemies":"3 Darklings","floor":36,"turns":5},{"damage":45,"enemies":"Jaw Worm Horde","floor":38,"turns":3},{"damage":32,"enemies":"Maw","floor":39,"turns":6},{"damage":86,"enemies":"Giant Head","floor":41,"turns":7},{"damage":10,"enemies":"3 Darklings","floor":42,"turns":3},{"damage":32,"enemies":"Transient","floor":46,"turns":5},{"damage":6,"enemies":"Spire Growth","floor":48,"turns":4},{"damage":71,"enemies":"Donu and Deca","floor":50,"turns":5}],"seed_played":"-2165152525147015783","potions_obtained":[{"floor":1,"key":"FairyPotion"},{"floor":5,"key":"SteroidPotion"},{"floor":18,"key":"Fire Potion"},{"floor":42,"key":"AttackPotion"},{"floor":46,"key":"LiquidBronze"}],"is_trial":false,"path_per_floor":["M","$","?","T","M","R","?","M","T","?","T","M","E","M","R","B",null,"M","?","M","M","$","E","R","$","T","E","R","?","?","M","R","B",null,"M","M","?","M","M","R","E","M","T","T","R","M","$","M","R"],"character_chosen":"IRONCLAD","items_purchased":["Mango","Inflame","Anchor"],"campfire_rested":4,"item_purchase_floors":[25,25,47],"current_hp_per_floor":[75,75,75,75,80,80,73,71,71,76,76,74,68,68,68,27,83,82,82,88,57,57,51,51,65,65,51,51,51,53,52,88,21,97,86,80,80,41,15,51,18,14,14,14,50,26,26,28,65,0],"gold":50,"neow_bonus":"TWENTY_PERCENT_HP_BONUS","is_prod":false,"is_daily":false,"chose_seed":false,"campfire_upgraded":4,"win_rate":0,"timestamp":1537716598,"path_taken":["M","$","?","?","?","R","?","M","T","?","?","?","E","M","R","BOSS","M","?","M","M","$","E","R","?","T","E","R","?","?","?","R","BOSS","M","M","?","M","?","R","E","M","T","?","R","M","$","M","R","BOSS"],"build_version":"2018-09-20","purchased_purges":2,"victory":false,"max_hp_per_floor":[96,96,96,96,96,96,96,96,96,101,101,101,101,101,101,101,101,101,101,101,101,101,108,108,122,122,122,122,122,122,122,122,122,122,122,122,122,122,122,122,122,122,122,122,122,124,124,126,126,126],"card_choices":[{"not_picked":["Blood for Blood","Body Slam"],"picked":"Thunderclap","floor":1},{"not_picked":["Sever Soul","Burning Pact"],"picked":"Sword Boomerang","floor":5},{"not_picked":["Dual Wield","Armaments"],"picked":"Shrug It Off","floor":8},{"not_picked":["Ghostly Armor","Headbutt"],"picked":"Perfected Strike","floor":12},{"not_picked":["Clothesline","Armaments"],"picked":"True Grit","floor":13},{"not_picked":["Evolve","Headbutt"],"picked":"Whirlwind","floor":14},{"not_picked":["Double Tap","Fiend Fire"],"picked":"Limit Break","floor":16},{"not_picked":["Warcry","Disarm"],"picked":"Perfected Strike","floor":18},{"not_picked":["Warcry","Iron Wave"],"picked":"Perfected Strike","floor":20},{"not_picked":["Second Wind","Body Slam"],"picked":"Flex","floor":21},{"not_picked":["Searing Blow","Rupture+1"],"picked":"Heavy Blade+1","floor":23},{"not_picked":["Burning Pact","Armaments"],"picked":"Clash","floor":27},{"not_picked":["Entrench","Perfected Strike"],"picked":"Infernal Blade+1","floor":30},{"not_picked":["Disarm","Armaments"],"picked":"Offering","floor":31},{"not_picked":["Berserk","Fiend Fire"],"picked":"Feed","floor":33},{"not_picked":["Headbutt","Cleave"],"picked":"Twin Strike+1","floor":35},{"not_picked":["Cleave","Shrug It Off","Warcry"],"picked":"SKIP","floor":36},{"not_picked":["Iron Wave","Clash"],"picked":"Flex+1","floor":38},{"not_picked":["Iron Wave","Wild Strike+1"],"picked":"Rage","floor":39},{"not_picked":["Corruption","Power Through","Twin Strike"],"picked":"SKIP","floor":41},{"not_picked":["Power Through","Cleave"],"picked":"Juggernaut","floor":42},{"not_picked":["Flex","Armaments+1","Feel No Pain+1"],"picked":"Singing Bowl","floor":46},{"not_picked":["Heavy Blade","Reckless Charge","Power Through"],"picked":"Singing Bowl","floor":48}],"player_experience":493372,"relics_obtained":[{"floor":4,"key":"Torii"},{"floor":9,"key":"Gremlin Horn"},{"floor":11,"key":"Red Skull"},{"floor":13,"key":"Champion Belt"},{"floor":23,"key":"Strawberry"},{"floor":26,"key":"Ornamental Fan"},{"floor":27,"key":"Oddly Smooth Stone"},{"floor":30,"key":"Red Mask"},{"floor":41,"key":"PreservedInsect"},{"floor":41,"key":"Juzu Bracelet"},{"floor":43,"key":"Singing Bowl"},{"floor":44,"key":"Omamori"}],"event_choices":[{"event_name":"Transmorgrifier","player_choice":"Transform","floor":3,"damage_taken":0},{"event_name":"Golden Wing","player_choice":"Card Removal","floor":7,"damage_taken":0},{"event_name":"Big Fish","player_choice":"Donut","floor":10,"damage_taken":0},{"event_name":"Duplicator","player_choice":"One dupe","floor":19,"damage_taken":0},{"event_name":"Accursed Blacksmith","player_choice":"Rummage","floor":29,"damage_taken":0},{"event_name":"Masked Bandits","player_choice":"Fought Bandits","floor":30,"damage_taken":0},{"event_name":"Designer","player_choice":"Upgrade Card","floor":37,"damage_taken":0}],"is_beta":true,"boss_relics":[{"not_picked":["Philosopher\u0027s Stone","Pandora\u0027s Box"],"picked":"Astrolabe"},{"not_picked":["Velvet Choker","Coffee Dripper"],"picked":"Black Star"}],"items_purged_floors":[2,47],"is_endless":false,"potions_floor_spawned":[1,5,18,20,21,27,35,38,39,42,46,48],"killed_by":"Donu and Deca","ascension_level":12}