{"path_per_floor":["M","M","?","M","M","R","E","M","T","R","E","R","M","$","R","B",null,"M","M","?","M","$","R","E","R","T","?","$","M","R","?","R"],"character_chosen":"THE_SILENT","items_purchased":["After Image","Finisher","Block Potion"],"gold_per_floor":[113,128,158,171,187,187,218,230,257,257,290,290,303,65,65,167,167,184,194,194,210,160,160,187,187,187,187,112,129,129,429,429,429],"floor_reached":33,"campfire_rested":2,"playtime":2274,"current_hp_per_floor":[60,60,57,57,56,56,44,43,43,43,28,28,28,28,49,37,70,70,64,64,55,55,55,44,44,44,28,28,28,28,28,49,0],"items_purged":["Regret"],"gold":429,"score":330,"play_id":"47b8de3b-190e-4492-a7b8-ecd761393777","local_time":"20180517204034","is_prod":false,"is_daily":false,"chose_seed":false,"is_ascension_mode":true,"campfire_upgraded":6,"timestamp":1526582434,"campfire_choices":[{"data":"Sucker Punch","floor":6,"key":"SMITH"},{"data":"Dagger Spray","floor":10,"key":"SMITH"},{"data":"Neutralize","floor":12,"key":"SMITH"},{"floor":15,"key":"REST"},{"data":"After Image","floor":23,"key":"SMITH"},{"data":"Envenom","floor":25,"key":"SMITH"},{"data":"Blade Dance","floor":30,"key":"SMITH"},{"floor":32,"key":"REST"}],"path_taken":["M","M","?","M","M","R","E","M","T","R","E","R","?","$","R","BOSS","M","M","?","M","$","R","E","R","T","?","$","?","R","?","R","BOSS"],"build_version":"2018-05-17","seed_source_timestamp":39697559671355,"purchased_purges":1,"victory":false,"master_deck":["Defend_G","Defend_G","Defend_G","Defend_G","Defend_G","Strike_G","Strike_G","Strike_G","Strike_G","Strike_G","Survivor","Neutralize+1","Flying Knee","Endless Agony+1","Poisoned Stab+1","Sucker Punch+1","Blur","Dagger Spray+1","Deadly Poison","Dagger Throw","After Image+1","Finisher","Envenom+1","Finisher+1","All Out Attack+1","Skewer","Sucker Punch+1","Footwork","Blade Dance+1"],"max_hp_per_floor":[70,70,70,70,70,70,70,70,70,70,70,70,70,70,70,70,70,70,70,70,70,70,70,70,70,70,70,70,70,70,70,70,70],"relics":["Ring of the Snake","Tiny Chest","Whetstone","Potion Belt","Snake Skull","Cursed Key","Bottled Tornado","Centennial Puzzle","Enchiridion","Old Coin"],"card_choices":[{"not_picked":["Bane","Eviscerate"],"picked":"Flying Knee","floor":1},{"not_picked":["Backflip","Outmaneuver"],"picked":"Endless Agony","floor":2},{"not_picked":["Dodge and Roll","Concentrate"],"picked":"Poisoned Stab","floor":4},{"not_picked":["Well Laid Plans","Deadly Poison"],"picked":"Sucker Punch","floor":5},{"not_picked":["Bane","Backflip"],"picked":"Blur","floor":7},{"not_picked":["Tools of the Trade","Cloak And Dagger"],"picked":"Dagger Spray","floor":8},{"not_picked":["Deflect","Malaise"],"picked":"Deadly Poison","floor":11},{"not_picked":["Quick Slash","Poisoned Stab"],"picked":"Dagger Throw","floor":13},{"not_picked":["Night Terror","Unload"],"picked":"Envenom","floor":16},{"not_picked":["PiercingWail","Caltrops"],"picked":"Finisher+1","floor":18},{"not_picked":["PiercingWail+1","Bouncing Flask"],"picked":"All Out Attack+1","floor":19},{"not_picked":["Skewer","Slice+1"],"picked":"Sucker Punch+1","floor":21},{"not_picked":["Finisher","Leg Sweep"],"picked":"Footwork","floor":24},{"not_picked":["Outmaneuver+1","Dagger Spray"],"picked":"Blade Dance","floor":29}],"player_experience":157463,"potions_floor_usage":[8,11,11,16,24,24,24,29],"damage_taken":[{"damage":10,"enemies":"Jaw Worm","floor":1,"turns":8},{"damage":0,"enemies":"2 Louse","floor":2,"turns":3},{"damage":0,"enemies":"Small Slimes","floor":4,"turns":2},{"damage":1,"enemies":"3 Louse","floor":5,"turns":5},{"damage":12,"enemies":"Gremlin Nob","floor":7,"turns":4},{"damage":1,"enemies":"Red Slaver","floor":8,"turns":3},{"damage":15,"enemies":"3 Sentries","floor":11,"turns":5},{"damage":0,"enemies":"Blue Slaver","floor":13,"turns":3},{"damage":12,"enemies":"Slime Boss","floor":16,"turns":10},{"damage":0,"enemies":"Chosen","floor":18,"turns":4},{"damage":6,"enemies":"3 Byrds","floor":19,"turns":4},{"damage":9,"enemies":"3 Cultists","floor":21,"turns":4},{"damage":11,"enemies":"Gremlin Leader","floor":24,"turns":5},{"damage":0,"enemies":"Snecko","floor":29,"turns":4},{"damage":56,"enemies":"Champ","floor":33,"turns":6}],"relics_obtained":[{"floor":7,"key":"Whetstone"},{"floor":9,"key":"Potion Belt"},{"floor":11,"key":"Snake Skull"},{"floor":24,"key":"Bottled Tornado"},{"floor":26,"key":"Centennial Puzzle"},{"floor":27,"key":"Enchiridion"}],"event_choices":[{"event_name":"Scrap Ooze","player_choice":"success","floor":3,"damage_taken":3},{"event_name":"The Library","player_choice":"Read","floor":20,"damage_taken":0},{"event_name":"Cursed Tome","player_choice":"Obtained Book","floor":27,"damage_taken":0},{"event_name":"Wheel of Change","player_choice":"Relic","floor":31,"damage_taken":0}],"boss_relics":[{"not_picked":["White Beast Statue","Astrolabe"],"picked":"Cursed Key"}],"potions_floor_spawned":[2,4,7,8,11,18,21],"seed_played":"7865360772888490408","killed_by":"Champ","ascension_level":4,"potions_obtained":[{"floor":2,"key":"Weak Potion"},{"floor":4,"key":"Weak Potion"},{"floor":7,"key":"Block Potion"},{"floor":8,"key":"SkillPotion"},{"floor":11,"key":"SkillPotion"},{"floor":18,"key":"SpeedPotion"},{"floor":21,"key":"SkillPotion"}],"is_trial":false}