{"gold_per_floor":[99,99,99,99,99,99,99,99,99,99,99,99,99,99,99,99],"floor_reached":16,"playtime":571,"items_purged":[],"score":221,"play_id":"41d9403a-dbb8-43b6-90be-691f1e6ab459","local_time":"20180918194305","is_ascension_mode":true,"campfire_choices":[{"data":"Skewer","floor":6,"key":"SMITH"},{"data":"Neutralize","floor":8,"key":"SMITH"},{"data":"Infinite Blades","floor":11,"key":"SMITH"},{"floor":15,"key":"REST"}],"neow_cost":"NONE","seed_source_timestamp":36697589211783,"circlet_count":0,"master_deck":["Defend_G","Defend_G","Defend_G","Defend_G","Defend_G","Strike_G","Strike_G","Strike_G","Strike_G","Strike_G","Survivor","Neutralize+1","AscendersBane","Skewer+1","Quick Slash","Infinite Blades+1","Masterful Stab","Dagger Spray","Concentrate","Blade Dance","Heel Hook","Storm of Steel"],"relics":["Ectoplasm","Gremlin Horn","Kunai","Anchor","Molten Egg 2"],"potions_floor_usage":[4,4,7,13,16],"damage_taken":[{"damage":4,"enemies":"Small Slimes","floor":1,"turns":5},{"damage":6,"enemies":"2 Louse","floor":2,"turns":5},{"damage":2,"enemies":"Jaw Worm","floor":3,"turns":3},{"damage":17,"enemies":"Exordium Thugs","floor":4,"turns":5},{"damage":13,"enemies":"Blue Slaver","floor":5,"turns":3},{"damage":12,"enemies":"3 Sentries","floor":7,"turns":7},{"damage":0,"enemies":"Lagavulin","floor":10,"turns":4},{"damage":0,"enemies":"Gremlin Gang","floor":12,"turns":2},{"damage":17,"enemies":"3 Sentries","floor":13,"turns":5},{"damage":30,"enemies":"Hexaghost","floor":16,"turns":9}],"seed_played":"7020394619227143286","potions_obtained":[{"floor":1,"key":"SteroidPotion"},{"floor":3,"key":"EssenceOfSteel"},{"floor":5,"key":"Regen Potion"},{"floor":10,"key":"LiquidBronze"},{"floor":13,"key":"LiquidBronze"}],"is_trial":false,"path_per_floor":["M","M","M","M","M","R","E","R","T","E","R","M","E","?","R"],"character_chosen":"THE_SILENT","items_purchased":[],"campfire_rested":1,"item_purchase_floors":[],"current_hp_per_floor":[59,53,51,34,21,21,24,24,24,24,24,24,7,7,28,0],"gold":99,"neow_bonus":"BOSS_RELIC","is_prod":false,"is_daily":false,"chose_seed":false,"campfire_upgraded":3,"win_rate":0,"timestamp":1537292585,"path_taken":["M","M","M","M","M","R","E","R","T","E","R","M","E","?","R","BOSS"],"build_version":"2018-09-17","purchased_purges":0,"victory":false,"max_hp_per_floor":[70,70,70,70,70,70,70,70,70,70,70,70,70,70,70,70],"card_choices":[{"not_picked":["Choke","Underhanded Strike"],"picked":"Skewer","floor":1},{"not_picked":["Dodge and Roll","Dagger Throw"],"picked":"Quick Slash","floor":2},{"not_picked":["PiercingWail","Acrobatics"],"picked":"Infinite Blades","floor":3},{"not_picked":["Quick Slash","Night Terror"],"picked":"Masterful Stab","floor":4},{"not_picked":["Bane","Outmaneuver"],"picked":"Dagger Spray","floor":5},{"not_picked":["Setup","Deflect"],"picked":"Concentrate","floor":7},{"not_picked":["Dodge and Roll","Backflip"],"picked":"Blade Dance","floor":10},{"not_picked":["Acrobatics","After Image"],"picked":"Heel Hook","floor":12},{"not_picked":["Quick Slash","Underhanded Strike"],"picked":"Storm of Steel","floor":13}],"player_experience":459862,"relics_obtained":[{"floor":7,"key":"Gremlin Horn"},{"floor":9,"key":"Kunai"},{"floor":10,"key":"Anchor"},{"floor":13,"key":"Molten Egg 2"}],"event_choices":[{"event_name":"Golden Wing","player_choice":"Gained Gold","floor":14,"damage_taken":0}],"is_beta":true,"boss_relics":[],"items_purged_floors":[],"is_endless":false,"potions_floor_spawned":[1,3,5,10,13],"killed_by":"Hexaghost","ascension_level":10}