{"gold_per_floor":[114,127,147,147,157,190,190,205,205,205,125,125,137,148,148,251,251,268,193,193,193,210,210,224,149,149,149,149,167,91,118,118,118],"floor_reached":33,"playtime":1408,"items_purged":["Strike_G"],"score":360,"play_id":"287586b6-9975-478b-84a4-88e3647c55f3","local_time":"20190113204026","is_ascension_mode":true,"campfire_choices":[{"data":"Neutralize","floor":7.0,"key":"SMITH"},{"floor":10.0,"key":"REST"},{"floor":12.0,"key":"REST"},{"data":"Blur","floor":15.0,"key":"SMITH"},{"data":"Glass Knife","floor":23.0,"key":"SMITH"},{"floor":28.0,"key":"REST"},{"floor":32.0,"key":"REST"}],"neow_cost":"NONE","seed_source_timestamp":260114799108398,"circlet_count":0,"master_deck":["Defend_G+1","Defend_G+1","Defend_G+1","Defend_G+1","Strike_G+1","Strike_G+1","Strike_G+1","Strike_G+1","Survivor","Neutralize+1","Dagger Spray+1","Blur+1","Glass Knife+1","Backflip","Predator"],"special_seed":0,"relics":["Busted Crown","Ancient Tea Set","Mummified Hand","Philosopher\u0027s Stone","Peace Pipe","Ninja Scroll"],"potions_floor_usage":[33],"damage_taken":[{"damage":2.0,"enemies":"Jaw Worm","floor":1.0,"turns":5.0},{"damage":0.0,"enemies":"Cultist","floor":2.0,"turns":4.0},{"damage":0.0,"enemies":"2 Louse","floor":3.0,"turns":2.0},{"damage":4.0,"enemies":"Blue Slaver","floor":5.0,"turns":5.0},{"damage":41.0,"enemies":"Gremlin Nob","floor":6.0,"turns":6.0},{"damage":14.0,"enemies":"Large Slime","floor":8.0,"turns":9.0},{"damage":4.0,"enemies":"Exordium Wildlife","floor":13.0,"turns":4.0},{"damage":4.0,"enemies":"2 Fungi Beasts","floor":14.0,"turns":2.0},{"damage":28.0,"enemies":"Hexaghost","floor":16.0,"turns":15.0},{"damage":9.0,"enemies":"Chosen","floor":18.0,"turns":7.0},{"damage":16.0,"enemies":"Spheric Guardian","floor":22.0,"turns":6.0},{"damage":46.0,"enemies":"Snake Plant","floor":24.0,"turns":8.0},{"damage":0.0,"enemies":"Shelled Parasite and Fungi","floor":29.0,"turns":7.0},{"damage":13.0,"enemies":"Book of Stabbing","floor":31.0,"turns":6.0},{"damage":71,"enemies":"Collector","floor":33,"turns":6}],"seed_played":"-4464377082702207956","potions_obtained":[{"floor":2.0,"key":"SteroidPotion"},{"floor":5.0,"key":"LiquidBronze"},{"floor":13.0,"key":"EssenceOfSteel"},{"floor":14.0,"key":"Dexterity Potion"},{"floor":22.0,"key":"EssenceOfSteel"},{"floor":24.0,"key":"GhostInAJar"},{"floor":29.0,"key":"Explosive Potion"}],"is_trial":false,"path_per_floor":["M","M","M","?","M","E","R","M","T","R","$","R","M","M","R","B",null,"M","$","?","?","M","R","M","?","T","?","R","M","$","E","R","B"],"character_chosen":"THE_SILENT","items_purchased":["Blur","Predator"],"campfire_rested":4,"item_purchase_floors":[11,30],"current_hp_per_floor":[61,61,61,61,57,16,16,2,2,23,23,44,40,36,36,8,55,46,46,69,69,53,53,7,7,7,7,28,28,28,15,36,0],"gold":118,"neow_bonus":"BOSS_RELIC","is_prod":false,"is_daily":false,"chose_seed":false,"campfire_upgraded":3,"win_rate":0,"timestamp":1547383226,"path_taken":["M","M","M","?","M","E","R","?","T","R","$","R","M","M","R","BOSS","M","$","?","?","M","R","M","?","T","?","R","M","$","E","R","BOSS"],"build_version":"2019-01-10","purchased_purges":1,"victory":false,"max_hp_per_floor":[70,70,70,70,70,70,70,70,70,70,70,70,70,70,70,70,70,70,70,70,70,70,70,70,70,70,70,70,70,70,70,70,70],"card_choices":[{"not_picked":[],"picked":"Dagger Spray","floor":1.0},{"not_picked":["Setup"],"picked":"SKIP","floor":2.0},{"not_picked":["Prepared"],"picked":"SKIP","floor":3.0},{"not_picked":["Acrobatics"],"picked":"SKIP","floor":5.0},{"not_picked":["Acrobatics"],"picked":"SKIP","floor":6.0},{"not_picked":["Outmaneuver"],"picked":"SKIP","floor":8.0},{"not_picked":["Flying Knee"],"picked":"SKIP","floor":13.0},{"not_picked":["Flying Knee"],"picked":"SKIP","floor":13.0},{"not_picked":["Bouncing Flask"],"picked":"SKIP","floor":14.0},{"not_picked":[],"picked":"Glass Knife","floor":16.0},{"not_picked":["Concentrate+1"],"picked":"SKIP","floor":18.0},{"not_picked":[],"picked":"Backflip","floor":22.0},{"not_picked":["Flying Knee"],"picked":"SKIP","floor":24.0},{"not_picked":["Blade Dance"],"picked":"SKIP","floor":29.0},{"not_picked":["Dagger Spray"],"picked":"SKIP","floor":31.0}],"player_experience":286653,"relics_obtained":[{"floor":6.0,"key":"Ancient Tea Set"},{"floor":9.0,"key":"Mummified Hand"},{"floor":26.0,"key":"Peace Pipe"},{"floor":31.0,"key":"Ninja Scroll"}],"event_choices":[{"damage_healed":0.0,"max_hp_gain":0.0,"max_hp_loss":0.0,"gold_gain":0.0,"event_name":"Accursed Blacksmith","player_choice":"Forge","floor":4.0,"gold_loss":0.0,"damage_taken":0.0,"cards_upgraded":["Dagger Spray"]},{"damage_healed":23.0,"max_hp_gain":0.0,"max_hp_loss":0.0,"gold_gain":0.0,"event_name":"The Library","player_choice":"Heal","floor":20.0,"gold_loss":0.0,"damage_taken":0.0},{"damage_healed":0.0,"max_hp_gain":0.0,"max_hp_loss":0.0,"gold_gain":0.0,"event_name":"Ghosts","player_choice":"Ignored","floor":21.0,"gold_loss":0.0,"damage_taken":0.0},{"cards_removed":["Defend_G"],"damage_healed":0.0,"max_hp_gain":0.0,"max_hp_loss":0.0,"gold_gain":0.0,"event_name":"Beggar","player_choice":"Gave Gold","floor":25.0,"gold_loss":75.0,"damage_taken":0.0},{"damage_healed":0.0,"max_hp_gain":0.0,"max_hp_loss":0.0,"gold_gain":0.0,"event_name":"Back to Basics","player_choice":"Simplicity","floor":27.0,"gold_loss":0.0,"damage_taken":0.0,"cards_upgraded":["Defend_G","Defend_G","Defend_G","Defend_G","Strike_G","Strike_G","Strike_G","Strike_G"]}],"is_beta":false,"boss_relics":[{"not_picked":["Ectoplasm","Lizard Tail"],"picked":"Philosopher\u0027s Stone"}],"items_purged_floors":[19],"is_endless":false,"potions_floor_spawned":[2,5,13,14,22,24,29],"killed_by":"Collector","ascension_level":7}