{"gold_per_floor":[117,42,42,61,61,61,167,179,202,202,222,173,205,216,216,288,288,304,504,55,55],"floor_reached":21,"playtime":653,"items_purged":["hubris:Gluttony"],"score":374,"play_id":"ad9d8112-3062-4056-87a4-40aa69811d9a","local_time":"20190131132153","is_ascension_mode":true,"campfire_choices":[{"data":"Corpse Explosion","floor":6,"key":"SMITH"},{"floor":15,"key":"REST"}],"neow_cost":"CURSE","seed_source_timestamp":13825500424947,"circlet_count":0,"master_deck":["AscendersBane","Defend_G","Defend_G","Defend_G","Defend_G","Defend_G","Strike_G","Strike_G","Strike_G","Strike_G","Survivor","Neutralize+1","Corpse Explosion+1","Flying Knee","Slice","Skewer","Noxious Fumes","Crippling Poison","Deadly Poison","Quick Slash","Burst","Poisoned Stab+1","Noxious Fumes","Mayhem"],"relics":["Ring of the Serpent","Snake Skull","Bronze Scales","hubris:ToyBattleship","Bag of Preparation"],"potions_floor_usage":[13,16],"damage_taken":[{"damage":7,"enemies":"2 Louse","floor":1,"turns":3},{"damage":13,"enemies":"Jaw Worm","floor":4,"turns":4},{"damage":12,"enemies":"3 Sentries","floor":7,"turns":3},{"damage":0,"enemies":"Small Slimes","floor":8,"turns":3},{"damage":1,"enemies":"Red Slaver","floor":11,"turns":4},{"damage":15,"enemies":"Lagavulin","floor":13,"turns":7},{"damage":3,"enemies":"3 Louse","floor":14,"turns":3},{"damage":16,"enemies":"The Guardian","floor":16,"turns":8},{"damage":23,"enemies":"2 Thieves","floor":18,"turns":3},{"damage":33,"enemies":"Shell Parasite","floor":21,"turns":4}],"seed_played":"-3154703191332393325","potions_obtained":[{"floor":7,"key":"GhostInAJar"},{"floor":8,"key":"Strength Potion"},{"floor":10,"key":"PowerPotion"},{"floor":13,"key":"Dexterity Potion"}],"is_trial":false,"path_per_floor":["M","$","?","M","?","R","E","M","T","?","M","?","E","M","R","B",null,"M","?","$","M"],"character_chosen":"THE_SILENT","items_purchased":["Bag of Preparation","Noxious Fumes","Mayhem"],"campfire_rested":1,"item_purchase_floors":[20,20,20],"current_hp_per_floor":[52,52,45,32,32,32,20,20,20,20,19,19,4,1,20,4,51,28,28,28,0],"gold":55,"neow_bonus":"THREE_RARE_CARDS","is_prod":false,"is_daily":false,"chose_seed":false,"campfire_upgraded":1,"win_rate":0,"timestamp":1548937313,"path_taken":["M","$","?","M","?","R","E","M","T","?","?","?","E","M","R","BOSS","M","?","$","?"],"build_version":"2019-01-23","purchased_purges":1,"victory":false,"max_hp_per_floor":[66,66,66,66,66,66,66,66,66,66,66,66,66,66,66,66,66,66,66,66,66],"card_choices":[{"not_picked":["Bullet Time","Grand Finale"],"picked":"Corpse Explosion","floor":0},{"not_picked":["hubris:TrickCloak","Dagger Throw"],"picked":"Flying Knee","floor":1},{"not_picked":["Concentrate","Prepared"],"picked":"Slice","floor":4},{"not_picked":["hubris:Sniper","Skewer","Underhanded Strike"],"picked":"SKIP","floor":7},{"not_picked":["hubris:Sniper","Underhanded Strike"],"picked":"Skewer","floor":7},{"not_picked":["Distraction","Deadly Poison"],"picked":"Noxious Fumes","floor":8},{"not_picked":["Calculated Gamble","Blade Dance"],"picked":"Crippling Poison","floor":11},{"not_picked":["Tactician","hubris:SlightOfHand"],"picked":"Deadly Poison","floor":13},{"not_picked":["Dagger Throw","Outmaneuver"],"picked":"Quick Slash","floor":14},{"not_picked":["Corpse Explosion","Die Die Die"],"picked":"Burst","floor":16},{"not_picked":["Underhanded Strike","Calculated Gamble"],"picked":"Poisoned Stab+1","floor":18}],"player_experience":1204465,"relics_obtained":[{"floor":7,"key":"Snake Skull"},{"floor":9,"key":"Bronze Scales"},{"floor":13,"key":"hubris:ToyBattleship"}],"event_choices":[{"cards_removed":["Strike_G"],"damage_healed":0,"gold_gain":0,"player_choice":"Card Removal","damage_taken":7,"max_hp_gain":0,"max_hp_loss":0,"event_name":"Golden Wing","floor":3,"gold_loss":0},{"damage_healed":0,"gold_gain":0,"player_choice":"Grow","damage_taken":0,"max_hp_gain":0,"max_hp_loss":0,"event_name":"Living Wall","floor":5,"gold_loss":0,"cards_upgraded":["Neutralize"]},{"damage_healed":0,"gold_gain":0,"player_choice":"Got Potions","damage_taken":0,"max_hp_gain":0,"max_hp_loss":0,"event_name":"Lab","floor":10,"gold_loss":0},{"damage_healed":0,"gold_gain":0,"player_choice":"Left Gold","damage_taken":0,"max_hp_gain":0,"max_hp_loss":0,"event_name":"World of Goop","floor":12,"gold_loss":49},{"damage_healed":0,"gold_gain":200,"player_choice":"Gold","damage_taken":0,"max_hp_gain":0,"max_hp_loss":0,"event_name":"Wheel of Change","floor":19,"gold_loss":0}],"is_beta":false,"boss_relics":[{"not_picked":["Tiny House","hubris:HollowSoul"],"picked":"Ring of the Serpent"}],"items_purged_floors":[2],"is_endless":false,"potions_floor_spawned":[7,8,11,13],"killed_by":"Shell Parasite","ascension_level":20}