{"gold_per_floor":[119,119,194,212,232,232,268,293,328,340,352,395,407],"floor_reached":13,"playtime":354,"items_purged":[],"score":166,"play_id":"cff907d9-4279-4f73-ad95-cf6184d61540","local_time":"20190606154004","is_ascension_mode":true,"campfire_choices":[{"data":"Buffer","floor":6.0,"key":"SMITH"}],"neow_cost":"NONE","seed_source_timestamp":0,"circlet_count":0,"master_deck":["AscendersBane","Strike_B","Strike_B","Strike_B","Strike_B","Defend_B","Defend_B","Defend_B","Defend_B","Zap+1","Dualcast","Buffer+1","Coolheaded","Self Repair","Ball Lightning","Compile Driver","Cold Snap","Echo Form"],"special_seed":0,"relics":["Cracked Core","Golden Idol","MawBank","Anchor","Dream Catcher","Odd Mushroom"],"potions_floor_usage":[],"damage_taken":[{"damage":4.0,"enemies":"2 Louse","floor":1.0,"turns":4.0},{"damage":0.0,"enemies":"Jaw Worm","floor":4.0,"turns":5.0},{"damage":0.0,"enemies":"Small Slimes","floor":5.0,"turns":4.0},{"damage":33.0,"enemies":"Gremlin Nob","floor":7.0,"turns":5.0},{"damage":8.0,"enemies":"2 Fungi Beasts","floor":8.0,"turns":5.0},{"damage":0.0,"enemies":"The Mushroom Lair","floor":12.0,"turns":4.0},{"damage":8,"enemies":"Exordium Wildlife","floor":13,"turns":1}],"seed_played":"-6555919974009062760","potions_obtained":[{"floor":4.0,"key":"Energy Potion"},{"floor":5.0,"key":"Dexterity Potion"},{"floor":8.0,"key":"Weak Potion"}],"is_trial":false,"path_per_floor":["M","?","?","M","M","R","E","M","T","?","?","?","M"],"character_chosen":"DEFECT","items_purchased":[],"campfire_rested":0,"item_purchase_floors":[],"current_hp_per_floor":[60,60,49,49,56,56,30,29,29,3,3,3,0],"gold":407,"neow_bonus":"ONE_RANDOM_RARE_CARD","is_prod":false,"is_daily":false,"chose_seed":false,"campfire_upgraded":1,"win_rate":0,"timestamp":1559828404,"path_taken":["M","?","?","M","M","R","E","M","T","?","?","?","?"],"build_version":"2019-01-23","purchased_purges":0,"victory":false,"max_hp_per_floor":[71,64,64,64,64,64,64,64,64,64,64,64,64],"card_choices":[{"not_picked":["Rebound","Hologram"],"picked":"Coolheaded","floor":1.0},{"not_picked":["Reinforced Body","Chaos"],"picked":"Self Repair","floor":4.0},{"not_picked":["Steam","Stack"],"picked":"Ball Lightning","floor":5.0},{"not_picked":["Streamline","Hologram"],"picked":"Compile Driver","floor":7.0},{"not_picked":["Rebound","Redo"],"picked":"Cold Snap","floor":8.0},{"not_picked":["Go for the Eyes","Stack"],"picked":"Echo Form","floor":12.0}],"player_experience":1723079,"relics_obtained":[{"floor":7.0,"key":"MawBank"},{"floor":9.0,"key":"Anchor"},{"floor":12.0,"key":"Odd Mushroom"}],"event_choices":[{"damage_healed":0.0,"max_hp_gain":0.0,"max_hp_loss":7.0,"gold_gain":0.0,"event_name":"Golden Idol","player_choice":"Lose Max HP","floor":2.0,"gold_loss":0.0,"damage_taken":0.0,"relics_obtained":["Golden Idol"]},{"damage_healed":0.0,"max_hp_gain":0.0,"max_hp_loss":0.0,"gold_gain":75.0,"event_name":"World of Goop","player_choice":"Gather Gold","floor":3.0,"gold_loss":0.0,"damage_taken":11.0},{"damage_healed":0.0,"max_hp_gain":0.0,"max_hp_loss":0.0,"gold_gain":0.0,"event_name":"Scrap Ooze","player_choice":"Success","floor":10.0,"gold_loss":0.0,"damage_taken":26.0,"relics_obtained":["Dream Catcher"]},{"damage_healed":0.0,"max_hp_gain":0.0,"max_hp_loss":0.0,"gold_gain":0.0,"event_name":"Living Wall","player_choice":"Grow","floor":11.0,"gold_loss":0.0,"damage_taken":0.0,"cards_upgraded":["Zap"]},{"damage_healed":0.0,"max_hp_gain":0.0,"max_hp_loss":0.0,"gold_gain":0.0,"event_name":"Mushrooms","player_choice":"Fought Mushrooms","floor":12.0,"gold_loss":0.0,"damage_taken":0.0}],"is_beta":false,"boss_relics":[],"items_purged_floors":[],"is_endless":false,"potions_floor_spawned":[4,5,7,8],"killed_by":"Exordium Wildlife","ascension_level":20}