{"gold_per_floor":[116,116,187,15,26,26,52,52,52,52,70,70,70,96,96,174,174,193,193,193,276,276,276],"floor_reached":23,"playtime":665,"items_purged":[],"score":436,"play_id":"d1b73073-0807-47be-a09e-8d060fd8424c","local_time":"20190705212324","is_ascension_mode":true,"campfire_choices":[{"data":"Uppercut","floor":6.0,"key":"SMITH"},{"data":"Inflame","floor":8.0,"key":"SMITH"},{"data":"Bash","floor":10.0,"key":"SMITH"},{"data":"Pummel","floor":15.0,"key":"SMITH"}],"neow_cost":"NONE","seed_source_timestamp":0,"circlet_count":0,"master_deck":["AscendersBane","Strike_R","Strike_R","Strike_R","Strike_R","Strike_R","Defend_R+1","Defend_R","Defend_R+1","Defend_R","Bash+1","Uppercut+1","Inflame+1","Dropkick","Thunderclap","Impervious","Pummel+1","Impervious","Demon Form","Shrug It Off","Shockwave"],"special_seed":0,"relics":["Burning Blood","NeowsBlessing","Juzu Bracelet","Centennial Puzzle","Potion Belt","Smiling Mask","Runic Dome","FaceOfCleric","Tiny Chest"],"potions_floor_usage":[23,23,23],"damage_taken":[{"damage":0.0,"enemies":"2 Louse","floor":1.0,"turns":1.0},{"damage":0.0,"enemies":"Small Slimes","floor":5.0,"turns":1.0},{"damage":0.0,"enemies":"Lagavulin","floor":7.0,"turns":1.0},{"damage":0.0,"enemies":"Cultist","floor":11.0,"turns":2.0},{"damage":6.0,"enemies":"Gremlin Nob","floor":14.0,"turns":3.0},{"damage":11.0,"enemies":"The Guardian","floor":16.0,"turns":12.0},{"damage":34.0,"enemies":"3 Byrds","floor":18.0,"turns":6.0},{"damage":52,"enemies":"Gremlin Leader","floor":23,"turns":6}],"seed_played":"-5470846195547677268","potions_obtained":[{"floor":1.0,"key":"Ancient Potion"},{"floor":7.0,"key":"Fire Potion"},{"floor":14.0,"key":"Fire Potion"},{"floor":20.0,"key":"PowerPotion"},{"floor":20.0,"key":"GamblersBrew"}],"is_trial":false,"path_per_floor":["M","?","?","$","M","R","E","R","T","R","M","?","?","E","R","B",null,"M","?","?","T","?","E"],"character_chosen":"IRONCLAD","items_purchased":["Inflame","Dropkick"],"campfire_rested":0,"item_purchase_floors":[4,4],"current_hp_per_floor":[74,51,51,51,57,57,63,63,63,63,69,74,74,74,74,69,77,49,49,49,49,49,0],"gold":276,"neow_bonus":"THREE_ENEMY_KILL","is_prod":false,"is_daily":false,"chose_seed":false,"campfire_upgraded":4,"win_rate":0,"timestamp":1562354604,"path_taken":["M","?","?","$","M","R","E","R","T","R","M","?","?","E","R","BOSS","M","?","?","?","?","E"],"build_version":"2019-07-01","purchased_purges":0,"victory":false,"max_hp_per_floor":[75,75,75,75,75,75,75,75,75,75,75,80,80,80,80,80,80,80,80,80,80,80,80],"card_choices":[{"not_picked":["Twin Strike","Body Slam"],"picked":"Uppercut","floor":1.0},{"not_picked":["True Grit","Burning Pact"],"picked":"Thunderclap","floor":5.0},{"not_picked":["Thunderclap","Sword Boomerang"],"picked":"Impervious","floor":7.0},{"not_picked":["Pommel Strike","Fire Breathing"],"picked":"Pummel","floor":11.0},{"not_picked":["Iron Wave","Flex"],"picked":"Impervious","floor":14.0},{"not_picked":["Juggernaut","Brutality"],"picked":"Demon Form","floor":16.0},{"not_picked":["Perfected Strike","Combust"],"picked":"Shrug It Off","floor":18.0}],"player_experience":1772394,"relics_obtained":[{"floor":7.0,"key":"Juzu Bracelet"},{"floor":9.0,"key":"Centennial Puzzle"},{"floor":14.0,"key":"Smiling Mask"},{"floor":21.0,"key":"Tiny Chest"}],"event_choices":[{"damage_healed":0.0,"max_hp_gain":0.0,"max_hp_loss":0.0,"gold_gain":0.0,"event_name":"Shining Light","player_choice":"Entered Light","floor":2.0,"gold_loss":0.0,"damage_taken":23.0,"cards_upgraded":["Defend_R","Defend_R"]},{"damage_healed":0.0,"max_hp_gain":0.0,"max_hp_loss":0.0,"gold_gain":71.0,"event_name":"Golden Wing","player_choice":"Gained Gold","floor":3.0,"gold_loss":0.0,"damage_taken":0.0},{"damage_healed":0.0,"max_hp_gain":5.0,"max_hp_loss":0.0,"gold_gain":0.0,"event_name":"Big Fish","player_choice":"Donut","floor":12.0,"gold_loss":0.0,"damage_taken":0.0},{"damage_healed":0.0,"max_hp_gain":0.0,"max_hp_loss":0.0,"gold_gain":0.0,"event_name":"Dead Adventurer","player_choice":"Searched \u00272\u0027 times","floor":13.0,"gold_loss":0.0,"damage_taken":0.0,"relics_obtained":["Potion Belt"]},{"damage_healed":0.0,"max_hp_gain":0.0,"max_hp_loss":0.0,"gold_gain":0.0,"event_name":"FaceTrader","player_choice":"Trade","floor":19.0,"gold_loss":0.0,"damage_taken":0.0,"relics_obtained":["FaceOfCleric"]},{"damage_healed":0.0,"max_hp_gain":0.0,"max_hp_loss":0.0,"gold_gain":0.0,"event_name":"Lab","player_choice":"Got Potions","floor":20.0,"gold_loss":0.0,"damage_taken":0.0},{"damage_healed":0.0,"max_hp_gain":0.0,"max_hp_loss":0.0,"gold_gain":0.0,"event_name":"The Library","player_choice":"Read","floor":22.0,"gold_loss":0.0,"damage_taken":0.0,"cards_obtained":["Shockwave"]}],"is_beta":false,"boss_relics":[{"not_picked":["Mark of Pain","Eternal Feather"],"picked":"Runic Dome"}],"items_purged_floors":[],"is_endless":false,"potions_floor_spawned":[1,7,14],"killed_by":"Gremlin Leader","ascension_level":20}