{"path_per_floor":["M","?","M","?","M","M","M","R","T","?","M","R","E","M","R","B",null,"M","$","M","?","?","R","$","M","T","M","E","?","M","M","R"],"character_chosen":"DEFECT","items_purchased":["Chaos+1","Redo+1"],"gold_per_floor":[111,111,123,123,137,148,160,160,160,160,176,176,208,227,227,331,331,349,237,247,172,87,87,34,52,52,71,96,96,115,133,133,133],"floor_reached":33,"campfire_rested":1,"playtime":2914,"item_purchase_floors":[],"current_hp_per_floor":[69,69,67,67,65,57,53,53,53,53,41,41,35,35,35,14,75,59,59,44,44,44,44,44,44,44,39,16,16,16,7,29,0],"items_purged":["Strike_B"],"gold":133,"score":285,"play_id":"fb24662c-15c4-44c5-a0f7-54a6b63555f1","local_time":"20180612121632","is_prod":false,"is_daily":false,"chose_seed":false,"is_ascension_mode":true,"campfire_upgraded":4,"win_rate":0.0,"timestamp":1528776992,"campfire_choices":[{"data":"Zap","floor":8.0,"key":"SMITH"},{"data":"Zap","floor":12.0,"key":"SMITH"},{"data":"Blizzard","floor":15.0,"key":"SMITH"},{"data":"Loop","floor":23.0,"key":"SMITH"},{"floor":32,"key":"REST"}],"path_taken":["M","?","?","?","?","M","M","R","T","?","M","R","E","M","R","BOSS","M","$","M","?","?","R","$","M","T","?","E","?","M","M","R","BOSS"],"build_version":"2018-06-07v3","seed_source_timestamp":0,"purchased_purges":1,"victory":false,"master_deck":["Strike_B","Strike_B","Defend_B","Defend_B","Defend_B","Defend_B","Zap+1","Dualcast","Cold Snap","Zap+1","Chill","Streamline","Blizzard+1","Redo+1","Chaos+1","Loop+1","Fission+1","Reinforced Body+1","Chaos+1","Melter","Redo+1","White Noise+1","Redo+1"],"max_hp_per_floor":[75,75,75,75,75,75,75,75,75,75,75,75,75,75,75,75,75,75,75,75,75,75,75,75,75,75,75,75,75,75,75,75,75],"relics":["Cracked Core","Toxic Egg 2","Dream Catcher","Nuclear Battery","Dodecahedron","Thread and Needle","Anchor"],"card_choices":[{"not_picked":["Steam Power","Leap"],"picked":"Cold Snap","floor":1.0},{"not_picked":["Steam","Conserve Battery"],"picked":"Chill","floor":3.0},{"not_picked":["Scrape","Ball Lightning"],"picked":"Streamline","floor":5.0},{"not_picked":["Hello World","Steam Power","Cold Snap"],"picked":"SKIP","floor":6.0},{"not_picked":["Loop","Scrape"],"picked":"Blizzard","floor":7.0},{"not_picked":["Storm","Compile Driver"],"picked":"Redo+1","floor":11.0},{"not_picked":["Cold Snap","Gash"],"picked":"Chaos+1","floor":13.0},{"not_picked":["Leap+1","Cold Snap"],"picked":"Loop","floor":14.0},{"not_picked":["Buffer","Creative AI"],"picked":"Fission+1","floor":16.0},{"not_picked":["Gash","Lockon"],"picked":"Reinforced Body+1","floor":18.0},{"not_picked":["Conserve Battery+1","Steam+1"],"picked":"Melter","floor":20.0},{"not_picked":["Gash","Cold Snap"],"picked":"White Noise+1","floor":25.0},{"not_picked":["Consume+1","Compile Driver","Genetic Algorithm+1"],"picked":"SKIP","floor":27.0},{"not_picked":["Sweeping Beam+1","Fission+1"],"picked":"Redo+1","floor":28.0},{"not_picked":["Blizzard","Rip and Tear","Double Energy+1"],"picked":"SKIP","floor":30.0},{"not_picked":["Double Energy+1","Steam+1","Self Repair"],"picked":"SKIP","floor":31.0}],"player_experience":223332,"potions_floor_usage":[33,33],"damage_taken":[{"damage":6.0,"enemies":"2 Louse","floor":1.0,"turns":3.0},{"damage":2.0,"enemies":"Cultist","floor":3.0,"turns":4.0},{"damage":2.0,"enemies":"Jaw Worm","floor":5.0,"turns":3.0},{"damage":8.0,"enemies":"Lots of Slimes","floor":6.0,"turns":4.0},{"damage":4.0,"enemies":"Large Slime","floor":7.0,"turns":6.0},{"damage":12.0,"enemies":"2 Fungi Beasts","floor":11.0,"turns":3.0},{"damage":6.0,"enemies":"3 Sentries","floor":13.0,"turns":7.0},{"damage":0.0,"enemies":"3 Louse","floor":14.0,"turns":2.0},{"damage":21.0,"enemies":"Slime Boss","floor":16.0,"turns":7.0},{"damage":16.0,"enemies":"Shell Parasite","floor":18.0,"turns":7.0},{"damage":15.0,"enemies":"Spheric Guardian","floor":20.0,"turns":4.0},{"damage":0.0,"enemies":"Snake Plant","floor":25.0,"turns":3.0},{"damage":5.0,"enemies":"Snecko","floor":27.0,"turns":4.0},{"damage":23.0,"enemies":"Gremlin Leader","floor":28.0,"turns":7.0},{"damage":0.0,"enemies":"Cultist and Chosen","floor":30.0,"turns":8.0},{"damage":9.0,"enemies":"Centurion and Healer","floor":31.0,"turns":7.0},{"damage":59,"enemies":"Automaton","floor":33,"turns":12}],"relics_obtained":[{"floor":9.0,"key":"Toxic Egg 2"},{"floor":13.0,"key":"Dream Catcher"},{"floor":26.0,"key":"Thread and Needle"},{"floor":28.0,"key":"Anchor"}],"event_choices":[{"event_name":"Match and Keep!","player_choice":"1 cards matched","floor":2.0,"damage_taken":0.0},{"event_name":"Liars Game","player_choice":"disagreed","floor":4.0,"damage_taken":0.0},{"event_name":"The Woman in Blue","player_choice":"Bought 0 Potions","floor":10.0,"damage_taken":0.0},{"event_name":"Beggar","player_choice":"Gave Gold","floor":21.0,"damage_taken":0.0},{"event_name":"Addict","player_choice":"Obtained Relic","floor":22.0,"damage_taken":0.0},{"event_name":"Vampires","player_choice":"Ignored","floor":29.0,"damage_taken":0.0}],"boss_relics":[{"not_picked":["Black Star","Pandora\u0027s Box"],"picked":"Nuclear Battery"}],"items_purged_floors":[],"potions_floor_spawned":[1,11,14,18,20],"seed_played":"4181202935128775262","killed_by":"Automaton","ascension_level":1,"potions_obtained":[{"floor":1.0,"key":"Swift Potion"},{"floor":11.0,"key":"Energy Potion"},{"floor":14.0,"key":"SteroidPotion"},{"floor":18.0,"key":"Swift Potion"},{"floor":20.0,"key":"SpeedPotion"}],"is_trial":false}