{"gold_per_floor":[118,33,33,44,58,93,93,105,131,159,175,195,195,214,214,293,293,304,319,339,339,351,351,276,276],"floor_reached":25,"playtime":1500,"items_purged":[],"score":434,"play_id":"07a3f43c-0a66-4d48-87c4-4afdc97c256f","local_time":"20190825201851","is_ascension_mode":true,"campfire_choices":[{"floor":7.0,"key":"REST"},{"data":"Zap","floor":13.0,"key":"SMITH"},{"data":"Genetic Algorithm","floor":15.0,"key":"SMITH"},{"data":"Defragment","floor":23,"key":"SMITH"}],"neow_cost":"NONE","seed_source_timestamp":34751840256775,"circlet_count":0,"master_deck":["AscendersBane","Strike_B","Strike_B","Strike_B","Defend_B","Defend_B","Defend_B","Defend_B","Zap+1","Dualcast","Glacier","Glacier","Lockon","Rip and Tear","Streamline","Sweeping Beam","Echo Form","Doom and Gloom","Reinforced Body","Genetic Algorithm+1","Glacier","Gash+1","Defragment+1","RitualDagger","Seek"],"special_seed":0,"relics":["Cracked Core","Bag of Preparation","Regal Pillow","Vajra","Oddly Smooth Stone","Pear","Sozu"],"potions_floor_usage":[25,25],"damage_taken":[{"damage":7.0,"enemies":"Jaw Worm","floor":1.0,"turns":4.0},{"damage":0.0,"enemies":"2 Louse","floor":4.0,"turns":4.0},{"damage":0.0,"enemies":"Small Slimes","floor":5.0,"turns":3.0},{"damage":25.0,"enemies":"3 Sentries","floor":6.0,"turns":17.0},{"damage":0.0,"enemies":"2 Fungi Beasts","floor":8.0,"turns":3.0},{"damage":7.0,"enemies":"Lagavulin","floor":10.0,"turns":8.0},{"damage":0.0,"enemies":"Looter","floor":11.0,"turns":2.0},{"damage":8.0,"enemies":"Large Slime","floor":12.0,"turns":5.0},{"damage":0.0,"enemies":"Blue Slaver","floor":14.0,"turns":3.0},{"damage":38,"enemies":"Slime Boss","floor":16,"turns":9},{"damage":7,"enemies":"Shell Parasite","floor":18,"turns":6},{"damage":16,"enemies":"2 Thieves","floor":19,"turns":4},{"damage":6,"enemies":"Snecko","floor":20,"turns":6},{"damage":0,"enemies":"Shelled Parasite and Fungi","floor":22,"turns":7},{"damage":30,"enemies":"Slavers","floor":25,"turns":6}],"seed_played":"1947594103943733424","potions_obtained":[{"floor":1.0,"key":"LiquidBronze"},{"floor":6.0,"key":"SteroidPotion"},{"floor":11.0,"key":"EntropicBrew"}],"is_trial":false,"path_per_floor":["M","$","?","M","M","E","R","M","T","E","M","M","R","M","R","B",null,"M","M","M","?","M","R","?","E"],"character_chosen":"DEFECT","items_purchased":["Glacier"],"campfire_rested":1,"item_purchase_floors":[2],"current_hp_per_floor":[57,57,39,39,39,14,50,50,50,53,53,45,45,45,45,7,63,56,40,34,28,28,28,28,0],"gold":276,"neow_bonus":"RANDOM_COMMON_RELIC","is_prod":false,"is_daily":false,"chose_seed":false,"campfire_upgraded":3,"win_rate":0,"timestamp":1566757131,"path_taken":["M","$","?","M","M","E","R","M","T","E","M","M","R","M","R","BOSS","M","M","M","?","M","R","?","E"],"build_version":"2019-07-17","purchased_purges":0,"victory":false,"max_hp_per_floor":[71,71,71,71,71,71,71,71,71,81,81,81,81,81,81,81,81,81,81,81,81,81,81,81,81],"card_choices":[{"not_picked":["Static Discharge","Force Field"],"picked":"Glacier","floor":1.0},{"not_picked":["Redo","Steam Power"],"picked":"Lockon","floor":4.0},{"not_picked":["Coolheaded","Go for the Eyes"],"picked":"Rip and Tear","floor":5.0},{"not_picked":["Force Field","Steam Power"],"picked":"Streamline","floor":6.0},{"not_picked":["Compile Driver","BootSequence"],"picked":"Sweeping Beam","floor":8.0},{"not_picked":["Hologram","Stack"],"picked":"Echo Form","floor":10.0},{"not_picked":["Ball Lightning","Streamline"],"picked":"Doom and Gloom","floor":11.0},{"not_picked":["Go for the Eyes","Stack"],"picked":"Reinforced Body","floor":12.0},{"not_picked":["Stack","Ball Lightning"],"picked":"Genetic Algorithm","floor":14.0},{"not_picked":["BootSequence","Heatsinks"],"picked":"Glacier","floor":18},{"not_picked":["Barrage","Redo"],"picked":"Gash+1","floor":19},{"not_picked":["Hologram","Aggregate"],"picked":"Defragment","floor":20},{"not_picked":["Tempest","Cold Snap"],"picked":"Seek","floor":22}],"player_experience":1966650,"relics_obtained":[{"floor":6.0,"key":"Vajra"},{"floor":9.0,"key":"Oddly Smooth Stone"},{"floor":10.0,"key":"Pear"}],"event_choices":[{"damage_healed":0.0,"max_hp_gain":0.0,"max_hp_loss":0.0,"gold_gain":0.0,"event_name":"Scrap Ooze","player_choice":"Success","floor":3.0,"gold_loss":0.0,"damage_taken":18.0,"relics_obtained":["Regal Pillow"]},{"damage_healed":0,"gold_gain":0,"player_choice":"Joined the Cult","damage_taken":6,"max_hp_gain":0,"max_hp_loss":0,"event_name":"Nest","floor":21,"gold_loss":0,"cards_obtained":["RitualDagger"]},{"cards_removed":["Strike_B"],"damage_healed":0,"gold_gain":0,"player_choice":"Gave Gold","damage_taken":0,"max_hp_gain":0,"max_hp_loss":0,"event_name":"Beggar","floor":24,"gold_loss":75}],"is_beta":false,"boss_relics":[{"not_picked":["Eternal Feather","Runic Dome"],"picked":"Sozu"}],"items_purged_floors":[],"is_endless":false,"potions_floor_spawned":[1,6,11,12,14,19,20],"killed_by":"Slavers","ascension_level":20}