{"path_per_floor":["M","M","$","?","M","R","E","M","T","M","?","R","$","?","R","B",null,"M","$","?","M","M","R","E","R","T","E","R","M","E","M","R"],"character_chosen":"DEFECT","items_purchased":["Bandage Up","Dead Branch","Purity","Jack Of All Trades","Melter"],"gold_per_floor":[365,380,283,283,298,298,333,352,352,369,619,619,149,149,149,277,277,301,139,139,153,167,167,205,205,205,236,236,251,282,295,295,295],"floor_reached":33,"campfire_rested":2,"playtime":2029,"item_purchase_floors":[3,13,13,19,19],"current_hp_per_floor":[68,64,64,50,54,54,41,43,43,29,29,29,29,12,32,23,68,60,60,60,66,63,63,51,51,51,45,45,34,20,12,32,0],"items_purged":["Regret"],"gold":295,"score":336,"play_id":"04a75a6e-85e8-439b-84f9-de5aaf419392","local_time":"20180528214917","is_prod":false,"is_daily":false,"chose_seed":false,"is_ascension_mode":true,"campfire_upgraded":5,"win_rate":0,"timestamp":1527536957,"campfire_choices":[{"data":"Zap","floor":6,"key":"SMITH"},{"data":"Bandage Up","floor":12,"key":"SMITH"},{"floor":15,"key":"REST"},{"data":"Electrodynamics","floor":23,"key":"SMITH"},{"data":"Double Energy","floor":25,"key":"SMITH"},{"data":"Jack Of All Trades","floor":28,"key":"SMITH"},{"floor":32,"key":"REST"}],"path_taken":["M","M","$","?","M","R","E","M","T","M","?","R","$","?","R","BOSS","M","$","?","M","M","R","E","R","T","E","R","M","E","M","R","BOSS"],"build_version":"2018-05-27","seed_source_timestamp":40831637903830,"purchased_purges":1,"victory":false,"master_deck":["Strike_B","Strike_B+1","Strike_B","Strike_B","Defend_B+1","Defend_B","Defend_B+1","Defend_B","Zap+1","Dualcast","Capacitor","Rip and Tear+1","Bandage Up+1","Compile Driver","Biased Cognition","Double Energy+1","Steam","Purity","Electrodynamics+1","FTL","Jack Of All Trades+1","Melter","Writhe","Aggregate","White Noise","Self Repair","Echo Form","Double Energy","Steam","Recycle+1","Genetic Algorithm+1"],"max_hp_per_floor":[68,68,68,68,68,68,68,68,68,68,68,68,68,68,68,68,68,68,68,68,68,68,68,68,68,68,68,68,68,68,68,68,68],"relics":["Cracked Core","Orichalcum","War Paint","Dead Branch","Golden Idol","Sozu","Blue Candle","Gremlin Horn","Bottled Flame","Dream Catcher","Ancient Tea Set"],"card_choices":[{"not_picked":["Cold Snap","Turbo"],"picked":"Capacitor","floor":1},{"not_picked":["Redo","Cold Snap"],"picked":"Rip and Tear","floor":2},{"not_picked":["Coolheaded","Turbo"],"picked":"Compile Driver","floor":5},{"not_picked":["Coolheaded","Leap"],"picked":"Biased Cognition","floor":7},{"not_picked":["Hologram","Steam"],"picked":"Double Energy","floor":8},{"not_picked":["Chaos","Coolheaded"],"picked":"Steam","floor":10},{"not_picked":["Amplify","Multi-Cast"],"picked":"Electrodynamics","floor":16},{"not_picked":["Beam Cell","Capacitor"],"picked":"FTL","floor":18},{"not_picked":["Turbo","Hologram"],"picked":"Aggregate","floor":21},{"not_picked":["Melter","Force Field"],"picked":"White Noise","floor":22},{"not_picked":["Steam","Turbo"],"picked":"Self Repair","floor":24},{"not_picked":["Cold Snap","Compile Driver"],"picked":"Echo Form","floor":27},{"not_picked":["Hello World+1","Steam"],"picked":"Double Energy","floor":29},{"not_picked":["Chaos","Compile Driver+1"],"picked":"Steam","floor":30},{"not_picked":["Redo","Heatsinks"],"picked":"Recycle+1","floor":31},{"not_picked":["Stack","Leap"],"picked":"Genetic Algorithm+1","floor":32}],"player_experience":240267,"potions_floor_usage":[16],"damage_taken":[{"damage":0,"enemies":"Small Slimes","floor":1,"turns":3},{"damage":4,"enemies":"Jaw Worm","floor":2,"turns":4},{"damage":0,"enemies":"Cultist","floor":5,"turns":2},{"damage":17,"enemies":"3 Sentries","floor":7,"turns":5},{"damage":2,"enemies":"Blue Slaver","floor":8,"turns":2},{"damage":18,"enemies":"Large Slime","floor":10,"turns":3},{"damage":15,"enemies":"Slime Boss","floor":16,"turns":8},{"damage":14,"enemies":"2 Thieves","floor":18,"turns":2},{"damage":0,"enemies":"Spheric Guardian","floor":21,"turns":1},{"damage":6,"enemies":"Snecko","floor":22,"turns":5},{"damage":17,"enemies":"Book of Stabbing","floor":24,"turns":6},{"damage":19,"enemies":"Gremlin Leader","floor":27,"turns":5},{"damage":28,"enemies":"Centurion and Healer","floor":29,"turns":4},{"damage":27,"enemies":"Book of Stabbing","floor":30,"turns":5},{"damage":21,"enemies":"Snake Plant","floor":31,"turns":4},{"damage":42,"enemies":"Collector","floor":33,"turns":3}],"relics_obtained":[{"floor":7,"key":"Orichalcum"},{"floor":9,"key":"War Paint"},{"floor":24,"key":"Gremlin Horn"},{"floor":26,"key":"Bottled Flame"},{"floor":27,"key":"Dream Catcher"},{"floor":30,"key":"Ancient Tea Set"}],"event_choices":[{"event_name":"Shining Light","player_choice":"Entered Light","floor":4,"damage_taken":0},{"event_name":"Golden Shrine","player_choice":"Desecrate","floor":11,"damage_taken":0},{"event_name":"Golden Idol","player_choice":"Take Damage","floor":14,"damage_taken":0},{"event_name":"The Mausoleum","player_choice":"Yes","floor":20,"damage_taken":0}],"boss_relics":[{"not_picked":["Pandora\u0027s Box","Eternal Feather"],"picked":"Sozu"}],"items_purged_floors":[13],"potions_floor_spawned":[5,24,29,31],"seed_played":"2064164539991188790","killed_by":"Collector","ascension_level":2,"potions_obtained":[{"floor":5,"key":"FocusPotion"}],"is_trial":false}