{"gold_per_floor":[110,124,142,142,156,156,182,194,221,221,221,249,261,290,302,409,421,406,333,356,368],"floor_reached":21,"playtime":1308,"items_purged":[],"score":296,"play_id":"1340be85-e436-4bba-ad22-6e40c9744e85","local_time":"20180928215048","is_ascension_mode":true,"campfire_choices":[{"data":"Infinite Blades","floor":6,"key":"SMITH"},{"floor":11,"key":"REST"},{"floor":15,"key":"REST"}],"neow_cost":"","seed_source_timestamp":47171885745529,"circlet_count":0,"master_deck":["Defend_G","Defend_G","Defend_G","Defend_G","Defend_G","Strike_G+1","Strike_G+1","Strike_G","Strike_G","Strike_G","Survivor","Neutralize","AscendersBane","Well Laid Plans","Noxious Fumes","Backstab","Infinite Blades+1","Deflect","Blade Dance","After Image","PiercingWail","Wraith Form v2","Cloak And Dagger","Slice"],"relics":["Ring of the Snake","Question Card","Regal Pillow","MawBank","Eternal Feather","Smiling Mask"],"potions_floor_usage":[5,12,16,21,21],"damage_taken":[{"damage":2,"enemies":"2 Louse","floor":1,"turns":7},{"damage":0,"enemies":"Small Slimes","floor":2,"turns":4},{"damage":2,"enemies":"Jaw Worm","floor":3,"turns":5},{"damage":17,"enemies":"Gremlin Gang","floor":5,"turns":6},{"damage":21,"enemies":"3 Sentries","floor":7,"turns":9},{"damage":9,"enemies":"3 Louse","floor":8,"turns":4},{"damage":36,"enemies":"Gremlin Nob","floor":12,"turns":4},{"damage":0,"enemies":"2 Fungi Beasts","floor":14,"turns":4},{"damage":27,"enemies":"The Guardian","floor":16,"turns":13},{"damage":24,"enemies":"2 Thieves","floor":18,"turns":5},{"damage":11,"enemies":"3 Byrds","floor":20,"turns":5},{"damage":36,"enemies":"Cultist and Chosen","floor":21,"turns":10}],"seed_played":"-6485001325011258994","potions_obtained":[{"floor":2,"key":"Strength Potion"},{"floor":7,"key":"Strength Potion"},{"floor":8,"key":"FearPotion"},{"floor":12,"key":"FearPotion"},{"floor":18,"key":"EssenceOfSteel"}],"is_trial":false,"path_per_floor":["M","M","M","?","M","R","E","M","T","?","R","E","?","M","R","B",null,"M","?","M"],"character_chosen":"THE_SILENT","items_purchased":[],"campfire_rested":2,"item_purchase_floors":[],"current_hp_per_floor":[61,61,59,64,47,47,26,17,17,2,39,3,3,3,40,13,60,36,36,25,0],"gold":368,"neow_bonus":"","is_prod":false,"is_daily":false,"chose_seed":false,"campfire_upgraded":1,"win_rate":0,"timestamp":1538164248,"path_taken":["M","M","M","?","M","R","E","?","T","?","R","E","?","M","R","BOSS","M","?","M","M"],"build_version":"2018-09-27","purchased_purges":0,"victory":false,"max_hp_per_floor":[70,70,70,75,75,75,75,75,75,75,75,75,75,75,75,75,75,75,75,75,75],"card_choices":[{"not_picked":["Dagger Throw","Sucker Punch"],"picked":"Well Laid Plans","floor":1},{"not_picked":["Poisoned Stab","Reflex"],"picked":"Noxious Fumes","floor":2},{"not_picked":["Distraction","PiercingWail"],"picked":"Backstab","floor":3},{"not_picked":["Deadly Poison","Backflip"],"picked":"Infinite Blades","floor":5},{"not_picked":["Backflip","Riddle With Holes"],"picked":"Deflect","floor":7},{"not_picked":["Poisoned Stab","Sucker Punch","Underhanded Strike"],"picked":"Blade Dance","floor":8},{"not_picked":["Blade Dance","Choke","Distraction"],"picked":"After Image","floor":12},{"not_picked":["Flying Knee","Flechettes","Predator"],"picked":"PiercingWail","floor":14},{"not_picked":["Unload","Glass Knife","Doppelganger"],"picked":"Wraith Form v2","floor":16},{"not_picked":["Poisoned Stab","Dagger Throw","Dash"],"picked":"Cloak And Dagger","floor":18},{"not_picked":["Acrobatics","Prepared+1","Dodge and Roll"],"picked":"Slice","floor":20}],"player_experience":549563,"relics_obtained":[{"floor":7,"key":"Question Card"},{"floor":9,"key":"Regal Pillow"},{"floor":12,"key":"MawBank"}],"event_choices":[{"event_name":"Big Fish","player_choice":"Donut","floor":4,"damage_taken":0},{"event_name":"Shining Light","player_choice":"Entered Light","floor":10,"damage_taken":0},{"event_name":"Dead Adventurer","player_choice":"Searched \u00270\u0027 times","floor":13,"damage_taken":0},{"event_name":"Addict","player_choice":"Obtained Relic","floor":19,"damage_taken":0}],"is_beta":true,"boss_relics":[{"not_picked":["White Beast Statue","Coffee Dripper"],"picked":"Eternal Feather"}],"items_purged_floors":[],"is_endless":false,"potions_floor_spawned":[2,7,8,12,14,18],"killed_by":"Cultist and Chosen","ascension_level":11}