{"path_per_floor":["M","$","?","M","M","R","E","R","T","M","M"],"character_chosen":"DEFECT","items_purchased":["Gash"],"gold_per_floor":[113,62,137,153,164,164,192,192,215,229,245,245],"floor_reached":12,"campfire_rested":1,"playtime":396,"item_purchase_floors":[2],"current_hp_per_floor":[67,67,56,44,33,33,15,35,35,35,28,0],"items_purged":[],"gold":245,"score":92,"play_id":"e38d1d75-253d-4bc4-9177-d707805bf4fc","local_time":"20180531231148","is_prod":false,"is_daily":false,"chose_seed":false,"is_ascension_mode":true,"campfire_upgraded":1,"win_rate":0,"timestamp":1527801108,"campfire_choices":[{"data":"Dualcast","floor":6,"key":"SMITH"},{"floor":8,"key":"REST"}],"path_taken":["M","?","?","?","M","R","E","R","T","?","M","E"],"build_version":"2018-05-30v2","seed_source_timestamp":40001163288127,"purchased_purges":0,"victory":false,"master_deck":["Strike_B","Strike_B","Strike_B","Defend_B","Defend_B","Defend_B","Zap","Dualcast+1","Defragment","Thunder Strike","Sunder","Gash","Darkness","Steam","Coolheaded","FTL","Melter"],"max_hp_per_floor":[68,68,68,68,68,68,68,68,68,68,68,68],"relics":["Cracked Core","Lantern","Bag of Preparation"],"card_choices":[{"not_picked":["Chaos","Lockon"],"picked":"Sunder","floor":1},{"not_picked":["Rebound","Sweeping Beam"],"picked":"Darkness","floor":4},{"not_picked":["Stack","Rip and Tear"],"picked":"Steam","floor":5},{"not_picked":["Force Field","Beam Cell"],"picked":"Coolheaded","floor":7},{"not_picked":["Sweeping Beam","Turbo"],"picked":"FTL","floor":10},{"not_picked":["Barrage","Defragment"],"picked":"Melter","floor":11}],"player_experience":253088,"potions_floor_usage":[12,12],"damage_taken":[{"damage":1,"enemies":"Cultist","floor":1,"turns":4},{"damage":12,"enemies":"2 Louse","floor":4,"turns":2},{"damage":11,"enemies":"Jaw Worm","floor":5,"turns":4},{"damage":18,"enemies":"3 Sentries","floor":7,"turns":5},{"damage":0,"enemies":"Exordium Wildlife","floor":10,"turns":2},{"damage":7,"enemies":"Gremlin Gang","floor":11,"turns":3},{"damage":34,"enemies":"Lagavulin","floor":12,"turns":3}],"relics_obtained":[{"floor":7,"key":"Lantern"},{"floor":9,"key":"Bag of Preparation"}],"event_choices":[{"event_name":"World of Goop","player_choice":"Gather Gold","floor":3,"damage_taken":0}],"boss_relics":[],"items_purged_floors":[],"potions_floor_spawned":[1,5],"seed_played":"4822060135403205092","killed_by":"Lagavulin","ascension_level":3,"potions_obtained":[{"floor":1,"key":"FearPotion"},{"floor":5,"key":"Strength Potion"}],"is_trial":false}