{"gold_per_floor":[360,129,149,41,54,54,88,88,88,107,139,139,153,153,153,247,247,265,190,211,211,232,232,270,294,342,363,78,102,102,143,143,239,344,367,383,383,397,417,442,442],"floor_reached":41,"playtime":2002,"items_purged":["Strike_G","Strike_G"],"score":919,"play_id":"af8da02d-0c5f-492b-9351-c57fa13d853e","local_time":"20190318214310","is_ascension_mode":true,"campfire_choices":[{"data":"Crippling Poison","floor":6,"key":"SMITH"},{"data":"Noxious Fumes","floor":8,"key":"SMITH"},{"data":"Footwork","floor":15,"key":"SMITH"},{"data":"Crippling Poison","floor":23,"key":"SMITH"},{"data":"Burst","floor":30,"key":"SMITH"},{"data":"Noxious Fumes","floor":32,"key":"SMITH"}],"neow_cost":"TEN_PERCENT_HP_LOSS","seed_source_timestamp":45730447957631,"circlet_count":0,"master_deck":["AscendersBane","Survivor","Neutralize+1","Backflip","Footwork+1","Deadly Poison","Crippling Poison+1","Poisoned Stab","Backflip","Well Laid Plans","Noxious Fumes+1","Calculated Gamble","Noxious Fumes+1","Burst+1","Acrobatics","Deflect","Crippling Poison+1","Dodge and Roll","Bane","Deflect","Phantasmal Killer","Night Terror","Masterful Stab","Corpse Explosion","Storm of Steel","Skewer+1","Concentrate"],"relics":["Ring of the Snake","Smiling Mask","Centennial Puzzle","Gremlin Horn","Golden Idol","Busted Crown","hubris:TenFootPole","Bag of Marbles","Lee\u0027s Waffle","Mercury Hourglass","Blood Vial","Pandora\u0027s Box","Whetstone"],"potions_floor_usage":[16,18],"damage_taken":[{"damage":1,"enemies":"Cultist","floor":1,"turns":5},{"damage":0,"enemies":"2 Louse","floor":3,"turns":3},{"damage":0,"enemies":"Jaw Worm","floor":5,"turns":4},{"damage":15,"enemies":"Lagavulin","floor":7,"turns":6},{"damage":1,"enemies":"Blue Slaver","floor":10,"turns":5},{"damage":3,"enemies":"3 Sentries","floor":11,"turns":5},{"damage":7,"enemies":"Gremlin Gang","floor":13,"turns":4},{"damage":22,"enemies":"The Guardian","floor":16,"turns":9},{"damage":6,"enemies":"2 Thieves","floor":18,"turns":5},{"damage":3,"enemies":"Chosen","floor":20,"turns":5},{"damage":0,"enemies":"3 Cultists","floor":22,"turns":4},{"damage":18,"enemies":"Gremlin Leader","floor":24,"turns":5},{"damage":3,"enemies":"Cultist and Chosen","floor":25,"turns":5},{"damage":6,"enemies":"Snake Plant","floor":27,"turns":5},{"damage":4,"enemies":"Centurion and Healer","floor":29,"turns":6},{"damage":16,"enemies":"Book of Stabbing","floor":31,"turns":8},{"damage":25,"enemies":"Automaton","floor":33,"turns":9},{"damage":0,"enemies":"3 Shapes","floor":35,"turns":2},{"damage":7,"enemies":"Orb Walker","floor":36,"turns":4},{"damage":3,"enemies":"Writhing Mass","floor":38,"turns":6},{"damage":14,"enemies":"Maw","floor":39,"turns":8},{"damage":37,"enemies":"Transient","floor":40,"turns":6},{"damage":10,"enemies":"Jaw Worm Horde","floor":41,"turns":2}],"seed_played":"6599695236746634136","potions_obtained":[{"floor":5,"key":"Explosive Potion"},{"floor":16,"key":"Poison Potion"},{"floor":18,"key":"SkillPotion"},{"floor":22,"key":"GhostInAJar"},{"floor":35,"key":"PowerPotion"}],"is_trial":false,"path_per_floor":["M","$","M","$","M","R","E","R","T","M","E","?","M","?","R","B",null,"M","$","M","?","M","R","E","M","T","M","$","M","R","E","R","B",null,"M","M","?","M","M","M","M"],"character_chosen":"THE_SILENT","items_purchased":["Footwork","Deadly Poison","Crippling Poison","Poison Potion","Backflip","Well Laid Plans","Acrobatics","Lee\u0027s Waffle","Dodge and Roll"],"campfire_rested":0,"item_purchase_floors":[2,2,2,2,4,4,19,28,28],"current_hp_per_floor":[58,58,58,58,58,58,43,43,43,42,39,39,32,37,37,15,48,42,42,39,33,33,33,15,12,12,6,66,62,62,46,46,23,55,57,52,52,51,39,4,0],"gold":442,"neow_bonus":"TWO_FIFTY_GOLD","is_prod":false,"is_daily":false,"chose_seed":false,"campfire_upgraded":6,"win_rate":0,"timestamp":1552941790,"path_taken":["M","$","M","$","M","R","E","R","T","?","E","?","M","?","R","BOSS","M","$","M","?","M","R","E","M","T","?","$","M","R","E","R","BOSS","M","M","?","M","M","M","M"],"build_version":"2019-01-23","purchased_purges":2,"victory":false,"max_hp_per_floor":[60,60,60,60,60,60,60,60,60,60,60,54,54,59,59,59,59,59,59,59,59,59,59,59,59,59,59,66,66,66,66,66,66,66,66,66,66,66,66,66,66],"card_choices":[{"not_picked":["Distraction","Cloak And Dagger"],"picked":"Backflip","floor":1},{"not_picked":["hubris:Counter","Concentrate"],"picked":"Poisoned Stab","floor":3},{"not_picked":["Cloak And Dagger","Eviscerate","Reflex"],"picked":"SKIP","floor":5},{"not_picked":["Cloak And Dagger","Blur"],"picked":"Noxious Fumes","floor":7},{"not_picked":["Accuracy","Prepared","Bane"],"picked":"SKIP","floor":10},{"not_picked":["All Out Attack","Masterful Stab"],"picked":"Calculated Gamble","floor":11},{"not_picked":["Slice","Expertise"],"picked":"Noxious Fumes","floor":13},{"not_picked":["Grand Finale","Glass Knife"],"picked":"Burst","floor":16},{"not_picked":["Flying Knee"],"picked":"SKIP","floor":18},{"not_picked":[],"picked":"Deflect","floor":20},{"not_picked":[],"picked":"Crippling Poison","floor":22},{"not_picked":["hubris:SlightOfHand"],"picked":"SKIP","floor":24},{"not_picked":["Quick Slash"],"picked":"SKIP","floor":25},{"not_picked":["Skewer"],"picked":"SKIP","floor":27},{"not_picked":["Riddle With Holes"],"picked":"SKIP","floor":29},{"not_picked":["Eviscerate+1"],"picked":"SKIP","floor":31},{"not_picked":["Predator"],"picked":"SKIP","floor":35},{"not_picked":["hubris:Sniper"],"picked":"SKIP","floor":36},{"not_picked":[],"picked":"Concentrate","floor":38},{"not_picked":["Flechettes"],"picked":"SKIP","floor":39},{"not_picked":["Quick Slash+1"],"picked":"SKIP","floor":40}],"player_experience":1438355,"relics_obtained":[{"floor":7,"key":"Smiling Mask"},{"floor":9,"key":"Centennial Puzzle"},{"floor":11,"key":"Gremlin Horn"},{"floor":24,"key":"hubris:TenFootPole"},{"floor":26,"key":"Bag of Marbles"},{"floor":31,"key":"Blood Vial"}],"event_choices":[{"damage_healed":0,"gold_gain":0,"player_choice":"Lose Max HP","damage_taken":0,"relics_obtained":["Golden Idol"],"max_hp_gain":0,"max_hp_loss":6,"event_name":"Golden Idol","floor":12,"gold_loss":0},{"damage_healed":0,"gold_gain":0,"player_choice":"Donut","damage_taken":0,"max_hp_gain":5,"max_hp_loss":0,"event_name":"Big Fish","floor":14,"gold_loss":0},{"damage_healed":0,"gold_gain":0,"player_choice":"","damage_taken":6,"max_hp_gain":0,"max_hp_loss":0,"event_name":"Knowing Skull","floor":21,"potions_obtained":[],"gold_loss":0,"cards_obtained":[]},{"damage_healed":0,"gold_gain":0,"player_choice":"Ignored","damage_taken":0,"max_hp_gain":0,"max_hp_loss":0,"event_name":"Tomb of Lord Red Mask","floor":37,"gold_loss":0}],"is_beta":false,"boss_relics":[{"not_picked":["Velvet Choker","Lizard Tail"],"picked":"Busted Crown"},{"not_picked":["hubris:RunicObelisk","Ring of the Serpent"],"picked":"Pandora\u0027s Box"}],"items_purged_floors":[19,28],"is_endless":false,"potions_floor_spawned":[5,7,16,18,20,22,27,35],"killed_by":"Jaw Worm Horde","ascension_level":20}