{"gold_per_floor":[365,384,384,384,50,50,75,87,87,119,131,142,168,184,184,259,259,271,271,281,301,301,330,330],"floor_reached":24,"playtime":927,"items_purged":[],"score":526,"play_id":"aaf40aee-3349-469a-9aea-a555b53291b8","local_time":"20190926145620","is_ascension_mode":true,"campfire_choices":[{"data":"Immolate","floor":6,"key":"SMITH"},{"data":"Uppercut","floor":15,"key":"SMITH"}],"neow_cost":"TEN_PERCENT_HP_LOSS","seed_source_timestamp":8955525152616,"circlet_count":0,"master_deck":["AscendersBane","Strike_R","Strike_R","Strike_R","Defend_R","Defend_R","Defend_R","Defend_R","Bash","Sword Boomerang","Iron Wave","Immolate+1","Battle Trance","Uppercut+1","Shrug It Off","Thunderclap","Armaments","Dropkick","Anger","Offering","Shrug It Off","Ghostly","Ghostly","Ghostly","Berserk"],"relics":["Burning Blood","Bag of Preparation","Bag of Marbles","Mummified Hand","Boot","Darkstone Periapt","Black Star","Vajra","Meat on the Bone"],"potions_floor_usage":[13,24],"damage_taken":[{"damage":6,"enemies":"Cultist","floor":1,"turns":3},{"damage":12,"enemies":"2 Louse","floor":2,"turns":3},{"damage":8,"enemies":"Gremlin Nob","floor":7,"turns":3},{"damage":0,"enemies":"Jaw Worm","floor":8,"turns":1},{"damage":10,"enemies":"3 Sentries","floor":10,"turns":4},{"damage":0,"enemies":"2 Fungi Beasts","floor":11,"turns":1},{"damage":0,"enemies":"Gremlin Gang","floor":12,"turns":1},{"damage":10,"enemies":"Lagavulin","floor":13,"turns":6},{"damage":0,"enemies":"Looter","floor":14,"turns":3},{"damage":55,"enemies":"The Guardian","floor":16,"turns":17},{"damage":6,"enemies":"Chosen","floor":18,"turns":2},{"damage":23,"enemies":"Spheric Guardian","floor":20,"turns":4},{"damage":3,"enemies":"Centurion and Healer","floor":21,"turns":6},{"damage":1,"enemies":"Gremlin Leader","floor":23,"turns":5},{"damage":30,"enemies":"Chosen and Byrds","floor":24,"turns":5}],"seed_played":"6502076640530207623","potions_obtained":[{"floor":7,"key":"PowerPotion"},{"floor":10,"key":"Block Potion"},{"floor":11,"key":"DuplicationPotion"},{"floor":14,"key":"FearPotion"}],"is_trial":false,"path_per_floor":["M","M","$","?","$","R","E","M","T","E","M","M","E","M","R","B",null,"M","?","M","M","?","E","M"],"character_chosen":"IRONCLAD","items_purchased":["Immolate","Bag of Preparation"],"campfire_rested":0,"item_purchase_floors":[5,5],"current_hp_per_floor":[68,62,62,62,62,62,60,66,66,62,68,68,64,68,68,19,56,56,34,17,20,20,25,0],"gold":330,"neow_bonus":"TWO_FIFTY_GOLD","is_prod":false,"is_daily":false,"chose_seed":false,"campfire_upgraded":2,"win_rate":0,"timestamp":1569502580,"path_taken":["M","?","?","?","$","R","E","M","T","E","?","M","E","M","R","BOSS","M","?","M","M","?","E","?"],"build_version":"2019-09-25","purchased_purges":0,"victory":false,"max_hp_per_floor":[68,68,68,68,68,68,68,68,68,68,68,68,68,68,68,68,68,68,34,34,34,34,34,34],"card_choices":[{"not_picked":["Cleave","Clash"],"picked":"Sword Boomerang","floor":1},{"not_picked":["Thunderclap","Perfected Strike"],"picked":"Iron Wave","floor":2},{"not_picked":["Rupture","Second Wind"],"picked":"Battle Trance","floor":7},{"not_picked":["Clothesline","Whirlwind"],"picked":"Uppercut","floor":8},{"not_picked":["Bludgeon","Clothesline"],"picked":"Shrug It Off","floor":10},{"not_picked":["Perfected Strike","Sentinel"],"picked":"Thunderclap","floor":11},{"not_picked":["Sword Boomerang","Flex"],"picked":"Armaments","floor":12},{"not_picked":["Entrench","Clash"],"picked":"Dropkick","floor":13},{"not_picked":["Sword Boomerang","Twin Strike"],"picked":"Anger","floor":14},{"not_picked":["Immolate","Brutality"],"picked":"Offering","floor":16},{"not_picked":["Havoc","Pommel Strike"],"picked":"Shrug It Off","floor":18},{"not_picked":["Sever Soul","Cleave","Clothesline"],"picked":"SKIP","floor":20},{"not_picked":["Wild Strike","Intimidate","Sword Boomerang"],"picked":"SKIP","floor":21},{"not_picked":["Clothesline+1","Twin Strike","Wild Strike"],"picked":"SKIP","floor":23}],"player_experience":2114606,"relics_obtained":[{"floor":7,"key":"Bag of Marbles"},{"floor":9,"key":"Mummified Hand"},{"floor":10,"key":"Boot"},{"floor":13,"key":"Darkstone Periapt"},{"floor":23,"key":"Vajra"},{"floor":23,"key":"Meat on the Bone"}],"event_choices":[{"cards_removed":["Strike_R"],"damage_healed":0,"gold_gain":0,"player_choice":"Offered Basic","damage_taken":0,"max_hp_gain":0,"max_hp_loss":0,"event_name":"Bonfire Elementals","floor":4,"gold_loss":0},{"damage_healed":0,"gold_gain":0,"player_choice":"Became a Ghost","damage_taken":0,"max_hp_gain":0,"max_hp_loss":34,"event_name":"Ghosts","floor":19,"gold_loss":0,"cards_obtained":["Ghostly","Ghostly","Ghostly"]},{"damage_healed":0,"gold_gain":0,"cards_transformed":["Strike_R"],"player_choice":"Transformed","damage_taken":0,"max_hp_gain":0,"max_hp_loss":0,"event_name":"Transmorgrifier","floor":22,"gold_loss":0,"cards_obtained":["Berserk"]}],"is_beta":true,"boss_relics":[{"not_picked":["Runic Cube","Cursed Key"],"picked":"Black Star"}],"items_purged_floors":[],"is_endless":false,"potions_floor_spawned":[7,10,11,12,14,16,21],"killed_by":"Chosen and Byrds","ascension_level":20}