{"path_per_floor":["M","?","?","M","M","R","E","?","T","M","?"],"character_chosen":"DEFECT","items_purchased":[],"gold_per_floor":[109,109,109,129,147,147,180,208,208,221,189,189],"floor_reached":12,"campfire_rested":0,"playtime":474,"current_hp_per_floor":[68,61,61,60,60,60,39,18,18,15,15,0],"items_purged":[],"gold":189,"score":82,"play_id":"f73aaed8-4786-4c9b-af1a-ddd99e1058a0","local_time":"20180517105726","is_prod":false,"is_daily":false,"chose_seed":false,"is_ascension_mode":true,"campfire_upgraded":1,"timestamp":1526547446,"campfire_choices":[{"data":"Zap","floor":6,"key":"SMITH"}],"path_taken":["M","?","?","M","M","R","E","?","T","M","?","E"],"build_version":"2018-05-16","seed_source_timestamp":6515041523550,"purchased_purges":0,"victory":false,"master_deck":["Strike_B","Strike_B","Defend_B","Defend_B","Defend_B","Zap+1","Dualcast","Skim","Beam Cell","Barrage","Steam Power","Rip and Tear","Storm","Beam Cell"],"max_hp_per_floor":[75,75,75,75,75,75,75,75,75,75,75,75],"relics":["Cracked Core","Kunai","Odd Mushroom","Toxic Egg 2"],"card_choices":[{"not_picked":["Capacitor","Coolheaded"],"picked":"Beam Cell","floor":1},{"not_picked":["Axe Kick","Rebound"],"picked":"Barrage","floor":4},{"not_picked":["Go for the Eyes","Hologram"],"picked":"Steam Power","floor":5},{"not_picked":["Reprogram","Consume"],"picked":"Rip and Tear","floor":7},{"not_picked":["Steam","Axe Kick"],"picked":"Storm","floor":8},{"not_picked":["Sweeping Beam","Cold Snap"],"picked":"Beam Cell","floor":10}],"player_experience":145198,"potions_floor_usage":[12],"damage_taken":[{"damage":7,"enemies":"Cultist","floor":1,"turns":5},{"damage":1,"enemies":"Jaw Worm","floor":4,"turns":3},{"damage":0,"enemies":"Small Slimes","floor":5,"turns":2},{"damage":21,"enemies":"Lagavulin","floor":7,"turns":6},{"damage":21,"enemies":"The Mushroom Lair","floor":8,"turns":4},{"damage":3,"enemies":"Red Slaver","floor":10,"turns":2},{"damage":17,"enemies":"3 Sentries","floor":12,"turns":4}],"relics_obtained":[{"floor":7,"key":"Kunai"},{"floor":8,"key":"Odd Mushroom"},{"floor":9,"key":"Toxic Egg 2"}],"event_choices":[{"event_name":"Golden Wing","player_choice":"Card Removal","floor":2,"damage_taken":0},{"event_name":"Purifier","player_choice":"One Purge","floor":3,"damage_taken":0},{"event_name":"Mushrooms","player_choice":"Fought Mushrooms","floor":8,"damage_taken":0},{"event_name":"World of Goop","player_choice":"Left","floor":11,"damage_taken":0}],"boss_relics":[],"potions_floor_spawned":[5,7],"seed_played":"7418007559872062290","killed_by":"3 Sentries","ascension_level":1,"potions_obtained":[{"floor":5,"key":"FearPotion"},{"floor":7,"key":"Poison Potion"}],"is_trial":false}