{"gold_per_floor":[115,132,132,162,162,162,189,204,204,33,46,46,61,92,92,92],"floor_reached":16,"playtime":302,"items_purged":[],"score":270,"play_id":"01d46a43-9a0b-48ad-b6ed-cadd39463003","local_time":"20190902110916","is_ascension_mode":true,"campfire_choices":[{"data":"Poisoned Stab","floor":6,"key":"SMITH"},{"floor":12,"key":"REST"},{"data":"Wraith Form v2","floor":15,"key":"SMITH"}],"neow_cost":"NONE","seed_source_timestamp":96065266706722,"circlet_count":0,"master_deck":["AscendersBane","Strike_G","Strike_G","Strike_G","Strike_G","Defend_G","Defend_G","Defend_G+1","Defend_G","Defend_G","Survivor","Neutralize+1","Poisoned Stab+1","Endless Agony","Poisoned Stab","Deadly Poison","Leg Sweep","Bane","Wraith Form v2+1"],"relics":["Ring of the Snake","NeowsBlessing","Tiny Chest","Question Card","Orichalcum","Bag of Marbles"],"potions_floor_usage":[11,14],"damage_taken":[{"damage":0,"enemies":"Jaw Worm","floor":1,"turns":1},{"damage":0,"enemies":"2 Louse","floor":2,"turns":1},{"damage":0,"enemies":"3 Sentries","floor":7,"turns":1},{"damage":0,"enemies":"Small Slimes","floor":8,"turns":3},{"damage":10,"enemies":"Exordium Wildlife","floor":11,"turns":4},{"damage":4,"enemies":"Blue Slaver","floor":13,"turns":4},{"damage":9,"enemies":"Gremlin Nob","floor":14,"turns":4},{"damage":10,"enemies":"Hexaghost","floor":16,"turns":9}],"seed_played":"-6330516871671820192","potions_obtained":[{"floor":7,"key":"GamblersBrew"},{"floor":13,"key":"SkillPotion"}],"is_trial":false,"path_per_floor":["M","M","?","?","?","R","E","M","T","$","M","R","M","E","R","B"],"character_chosen":"THE_SILENT","items_purchased":["Orichalcum"],"campfire_rested":1,"item_purchase_floors":[10],"current_hp_per_floor":[59,59,39,21,14,14,14,14,14,14,4,23,19,10,10,0],"gold":92,"neow_bonus":"THREE_ENEMY_KILL","is_prod":false,"is_daily":false,"chose_seed":false,"campfire_upgraded":2,"win_rate":0,"timestamp":1567415356,"path_taken":["M","M","?","?","?","R","E","M","T","$","?","R","M","E","R","BOSS"],"build_version":"2019-07-17","purchased_purges":0,"victory":false,"max_hp_per_floor":[66,66,66,66,66,66,66,66,66,66,66,66,66,66,66,66],"card_choices":[{"not_picked":["Deflect","Masterful Stab"],"picked":"Poisoned Stab","floor":1},{"not_picked":["Underhanded Strike","Riddle With Holes"],"picked":"Endless Agony","floor":2},{"not_picked":["Outmaneuver","Leg Sweep"],"picked":"Poisoned Stab","floor":7},{"not_picked":["Grand Finale","Poisoned Stab","Tactician"],"picked":"Deadly Poison","floor":8},{"not_picked":["Dagger Throw","Setup","Accuracy"],"picked":"Leg Sweep","floor":11},{"not_picked":["Acrobatics","Blur","Caltrops"],"picked":"Bane","floor":13},{"not_picked":["All Out Attack","Quick Slash","Blade Dance"],"picked":"Wraith Form v2","floor":14}],"player_experience":1994035,"relics_obtained":[{"floor":7,"key":"Question Card"},{"floor":14,"key":"Bag of Marbles"}],"event_choices":[{"damage_healed":0,"gold_gain":0,"player_choice":"Entered Light","damage_taken":20,"max_hp_gain":0,"max_hp_loss":0,"event_name":"Shining Light","floor":3,"gold_loss":0,"cards_upgraded":["Defend_G","Neutralize"]},{"damage_healed":0,"gold_gain":0,"player_choice":"Success","damage_taken":18,"relics_obtained":["Tiny Chest"],"max_hp_gain":0,"max_hp_loss":0,"event_name":"Scrap Ooze","floor":4,"gold_loss":0},{"cards_removed":["Strike_G"],"damage_healed":0,"gold_gain":0,"player_choice":"Card Removal","damage_taken":7,"max_hp_gain":0,"max_hp_loss":0,"event_name":"Golden Wing","floor":5,"gold_loss":0}],"is_beta":false,"boss_relics":[],"items_purged_floors":[],"is_endless":false,"potions_floor_spawned":[7,13],"killed_by":"Hexaghost","ascension_level":20}