{"gold_per_floor":[359,371,154,173,248,248,283,283,362,362,391,401,421,455,455,531,531,541,541,423,423,285,285,235,261,261,171,183,183,217,227,227,227],"floor_reached":33,"playtime":1430,"items_purged":[],"score":631,"play_id":"3a1437d7-53f1-4b8f-9e5f-26b00d56d4dd","local_time":"20190216171846","is_ascension_mode":true,"campfire_choices":[{"data":"Loop","floor":6.0,"key":"SMITH"},{"floor":10.0,"key":"REST"},{"floor":15.0,"key":"REST"},{"data":"Creative AI","floor":23.0,"key":"SMITH"},{"data":"Capacitor","floor":29.0,"key":"SMITH"},{"data":"Capacitor","floor":32,"key":"SMITH"}],"neow_cost":"TEN_PERCENT_HP_LOSS","seed_source_timestamp":0,"circlet_count":0,"master_deck":["AscendersBane","Defend_B","Defend_B","Defend_B","Defend_B","Zap+1","Dualcast","Compile Driver","Genetic Algorithm","Cold Snap","Loop+1","Cold Snap","Leap+1","Ball Lightning","FTL","Chill+1","Creative AI+1","Consume+1","Bite","Bite","Bite","Bite","Bite","Coolheaded+1","Recycle+1","RitualDagger","Capacitor+1","Turbo+1","Coolheaded+1","Tempest+1","Capacitor+1","Seek+1","Storm+1"],"special_seed":0,"relics":["Cracked Core","Orichalcum","Centennial Puzzle","Toxic Egg 2","PreservedInsect","Blue Candle","Runic Pyramid","Question Card","Singing Bowl","Vajra"],"potions_floor_usage":[33,33],"damage_taken":[{"damage":2.0,"enemies":"Jaw Worm","floor":1.0,"turns":4.0},{"damage":5.0,"enemies":"2 Louse","floor":2.0,"turns":2.0},{"damage":0.0,"enemies":"Cultist","floor":4.0,"turns":3.0},{"damage":18.0,"enemies":"Gremlin Nob","floor":7.0,"turns":4.0},{"damage":10.0,"enemies":"Lagavulin","floor":11.0,"turns":5.0},{"damage":5.0,"enemies":"Large Slime","floor":12.0,"turns":4.0},{"damage":0.0,"enemies":"2 Fungi Beasts","floor":13.0,"turns":3.0},{"damage":21.0,"enemies":"Gremlin Nob","floor":14.0,"turns":4.0},{"damage":20.0,"enemies":"The Guardian","floor":16.0,"turns":11.0},{"damage":21.0,"enemies":"Chosen","floor":18.0,"turns":5.0},{"damage":10.0,"enemies":"2 Thieves","floor":24.0,"turns":5.0},{"damage":9.0,"enemies":"Book of Stabbing","floor":25.0,"turns":4.0},{"damage":0.0,"enemies":"Shelled Parasite and Fungi","floor":28.0,"turns":11.0},{"damage":19.0,"enemies":"Slavers","floor":30.0,"turns":6.0},{"damage":9,"enemies":"Snake Plant","floor":31,"turns":11},{"damage":50,"enemies":"Automaton","floor":33,"turns":8}],"seed_played":"5627037054450988367","potions_obtained":[{"floor":1.0,"key":"AttackPotion"},{"floor":2.0,"key":"SkillPotion"},{"floor":14.0,"key":"AttackPotion"},{"floor":16.0,"key":"Swift Potion"},{"floor":18.0,"key":"FearPotion"},{"floor":25.0,"key":"SteroidPotion"},{"floor":30.0,"key":"AttackPotion"}],"is_trial":false,"path_per_floor":["M","M","$","M","?","R","E","?","T","R","E","M","M","E","R","B",null,"M","?","$","?","$","R","M","E","T","$","M","R","E","M","R","B"],"character_chosen":"DEFECT","items_purchased":["Orichalcum","Cold Snap","Coolheaded+1","Recycle+1","Capacitor","Turbo+1","Capacitor"],"campfire_rested":2,"item_purchase_floors":[3,3,20,20,22,22,27],"current_hp_per_floor":[62,57,57,57,46,46,28,28,28,47,37,32,32,11,30,10,51,30,30,30,24,24,24,24,23,23,23,41,41,30,35,35,0],"gold":227,"neow_bonus":"TWO_FIFTY_GOLD","is_prod":false,"is_daily":false,"chose_seed":false,"campfire_upgraded":4,"win_rate":0,"timestamp":1550333926,"path_taken":["M","M","$","M","?","R","E","?","T","R","E","M","M","E","R","BOSS","M","?","$","?","?","R","M","E","T","$","M","R","E","M","R","BOSS"],"build_version":"2019-01-23","purchased_purges":0,"victory":false,"max_hp_per_floor":[64,64,64,64,64,64,64,64,64,64,64,64,64,64,64,64,64,64,44,44,44,44,44,44,44,44,44,46,46,46,46,46,46],"card_choices":[{"not_picked":["Consume","Coolheaded"],"picked":"Compile Driver","floor":1.0},{"not_picked":["Rebound","BootSequence"],"picked":"Genetic Algorithm","floor":2.0},{"not_picked":["Double Energy","Go for the Eyes"],"picked":"Loop","floor":4.0},{"not_picked":["Steam","Hello World"],"picked":"Cold Snap","floor":7.0},{"not_picked":["Genetic Algorithm+1","Scrape"],"picked":"Leap+1","floor":11.0},{"not_picked":["Sweeping Beam","Steam Power+1"],"picked":"Ball Lightning","floor":12.0},{"not_picked":["Heatsinks","Force Field+1"],"picked":"FTL","floor":13.0},{"not_picked":["Sweeping Beam","Hologram+1"],"picked":"Chill+1","floor":14.0},{"not_picked":["Buffer","Thunder Strike"],"picked":"Creative AI","floor":16.0},{"not_picked":["Chill+1","Heatsinks+1"],"picked":"Consume+1","floor":18.0},{"not_picked":["Conserve Battery+1","Compile Driver"],"picked":"Coolheaded+1","floor":24.0},{"not_picked":["Leap+1","Reprogram+1"],"picked":"Tempest+1","floor":25.0},{"not_picked":["Redo+1","Stack+1","Compile Driver","Rip and Tear"],"picked":"Singing Bowl","floor":28.0},{"not_picked":["Streamline","Melter","Barrage"],"picked":"Seek+1","floor":30.0},{"not_picked":["Darkness+1","Force Field+1","Stack+1"],"picked":"Storm+1","floor":31}],"player_experience":1274744,"relics_obtained":[{"floor":7.0,"key":"Centennial Puzzle"},{"floor":9.0,"key":"Toxic Egg 2"},{"floor":11.0,"key":"PreservedInsect"},{"floor":14.0,"key":"Blue Candle"},{"floor":25.0,"key":"Question Card"},{"floor":26.0,"key":"Singing Bowl"},{"floor":30.0,"key":"Vajra"}],"event_choices":[{"damage_healed":0.0,"max_hp_gain":0.0,"max_hp_loss":0.0,"gold_gain":75.0,"event_name":"World of Goop","player_choice":"Gather Gold","floor":5.0,"gold_loss":0.0,"damage_taken":11.0},{"damage_healed":0.0,"max_hp_gain":0.0,"max_hp_loss":0.0,"gold_gain":0.0,"event_name":"Living Wall","player_choice":"Grow","floor":8.0,"gold_loss":0.0,"damage_taken":0.0,"cards_upgraded":["Zap"]},{"damage_healed":0.0,"max_hp_gain":0.0,"max_hp_loss":20.0,"gold_gain":0.0,"event_name":"Vampires","player_choice":"Became a vampire","floor":19.0,"gold_loss":0.0,"damage_taken":0.0,"cards_obtained":["Bite","Bite","Bite","Bite","Bite"]},{"damage_healed":0.0,"max_hp_gain":0.0,"max_hp_loss":0.0,"gold_gain":0.0,"event_name":"Nest","player_choice":"Joined the Cult","floor":21.0,"gold_loss":0.0,"damage_taken":6.0,"cards_obtained":["RitualDagger"]}],"is_beta":false,"boss_relics":[{"not_picked":["Black Star","Orrery"],"picked":"Runic Pyramid"}],"items_purged_floors":[],"is_endless":false,"potions_floor_spawned":[1,2,14,16,18,25,30,31],"killed_by":"Automaton","ascension_level":20}