{"gold_per_floor":[112,112,37,48,68,68,81,81,81,81,43,54,84,101,101,206,206,220,237,247,265,284,284,284,111,111,126,126,146,146,156,156,255,255,267,93,104,204,204,204,216,245,245,95,113,125,145,155,155,155],"floor_reached":51,"playtime":1693,"items_purged":["Defend_R","Strike_R","Strike_R","Injury"],"score":687,"play_id":"36612c7f-bf82-4e41-8ce8-5dfa34efc141","local_time":"20190911121418","is_ascension_mode":false,"campfire_choices":[{"data":"Shrug It Off","floor":6.0,"key":"SMITH"},{"data":"Defend_R","floor":8.0,"key":"SMITH"},{"data":"Bash","floor":10.0,"key":"SMITH"},{"data":"Inflame","floor":15.0,"key":"SMITH"},{"data":"Inflame","floor":23.0,"key":"SMITH"},{"data":"Whirlwind","floor":28.0,"key":"SMITH"},{"data":"Seeing Red","floor":30.0,"key":"SMITH"},{"floor":32.0,"key":"REST"},{"data":"Defend_R","floor":40,"key":"SMITH"},{"floor":49,"key":"REST"}],"neow_cost":"","seed_source_timestamp":237344724046700,"circlet_count":0,"master_deck":["Strike_R","Strike_R+1","Strike_R+1","Defend_R","Defend_R+1","Defend_R+1","Bash+1","Whirlwind+1","Shrug It Off+1","Inflame+1","Impervious","Inflame+1","Whirlwind+1","Double Tap+1","Seeing Red+1","Double Tap","Shrug It Off+1","Seeing Red+1","Inflame+1","Whirlwind+1"],"special_seed":0,"relics":["Burning Blood","Whetstone","Meat on the Bone","SacredBark","Lantern","Cursed Key","FossilizedHelix","Calipers","Frozen Egg 2"],"potions_floor_usage":[33,50,50,50],"damage_taken":[{"damage":24.0,"enemies":"Small Slimes","floor":1.0,"turns":4.0},{"damage":0.0,"enemies":"Cultist","floor":4.0,"turns":2.0},{"damage":11.0,"enemies":"Jaw Worm","floor":5.0,"turns":3.0},{"damage":2.0,"enemies":"Blue Slaver","floor":7.0,"turns":3.0},{"damage":0.0,"enemies":"Gremlin Gang","floor":12.0,"turns":2.0},{"damage":26.0,"enemies":"Lagavulin","floor":13.0,"turns":5.0},{"damage":7.0,"enemies":"3 Louse","floor":14.0,"turns":2.0},{"damage":36.0,"enemies":"The Guardian","floor":16.0,"turns":10.0},{"damage":24.0,"enemies":"Shell Parasite","floor":18.0,"turns":9.0},{"damage":10.0,"enemies":"Chosen","floor":19.0,"turns":4.0},{"damage":21.0,"enemies":"Snake Plant","floor":20.0,"turns":4.0},{"damage":30.0,"enemies":"Snecko","floor":21.0,"turns":5.0},{"damage":2.0,"enemies":"Chosen and Byrds","floor":22.0,"turns":6.0},{"damage":24.0,"enemies":"Centurion and Healer","floor":27.0,"turns":5.0},{"damage":20.0,"enemies":"Sentry and Sphere","floor":29.0,"turns":4.0},{"damage":64.0,"enemies":"Cultist and Chosen","floor":31.0,"turns":7.0},{"damage":51,"enemies":"Champ","floor":33,"turns":10},{"damage":17,"enemies":"Orb Walker","floor":35,"turns":4},{"damage":0,"enemies":"3 Darklings","floor":37,"turns":2},{"damage":23,"enemies":"Mind Bloom Boss Battle","floor":38,"turns":5},{"damage":0,"enemies":"Jaw Worm Horde","floor":41,"turns":1},{"damage":48,"enemies":"Giant Head","floor":42,"turns":7},{"damage":20,"enemies":"Transient","floor":45,"turns":5},{"damage":0,"enemies":"Maw","floor":46,"turns":7},{"damage":13,"enemies":"Spire Growth","floor":47,"turns":4},{"damage":0,"enemies":"Jaw Worm Horde","floor":48,"turns":2},{"damage":75,"enemies":"Awakened One","floor":50,"turns":9}],"seed_played":"-6520967750976690716","potions_obtained":[{"floor":4.0,"key":"Swift Potion"},{"floor":13.0,"key":"SteroidPotion"},{"floor":14.0,"key":"BloodPotion"},{"floor":19.0,"key":"EssenceOfSteel"},{"floor":22.0,"key":"Dexterity Potion"},{"floor":27.0,"key":"Energy Potion"},{"floor":42,"key":"Strength Potion"}],"is_trial":false,"path_per_floor":["M","?","$","M","M","R","M","R","T","R","$","M","E","M","R","B",null,"M","M","M","M","M","R","?","$","T","M","R","M","R","M","R","B",null,"M","$","M","?","?","R","M","E","T","$","M","M","M","M","R","B",null],"character_chosen":"IRONCLAD","items_purchased":["Inflame","Double Tap","Energy Potion"],"campfire_rested":2,"item_purchase_floors":[11,25,36],"current_hp_per_floor":[62,62,62,68,63,63,67,67,67,67,67,73,53,52,52,34,80,62,58,55,43,47,47,47,47,47,41,41,39,39,33,57,24,80,69,69,75,58,58,58,64,34,34,34,32,50,55,61,80,23],"gold":155,"neow_bonus":"","is_prod":false,"is_daily":false,"chose_seed":false,"campfire_upgraded":8,"win_rate":0.0,"timestamp":1568175258,"path_taken":["M","?","?","M","M","R","M","R","T","R","$","M","E","?","R","BOSS","M","M","M","M","M","R","?","$","T","M","R","M","R","M","R","BOSS","M","$","M","?","?","R","M","E","T","$","?","M","M","M","R","BOSS"],"build_version":"2019-09-10","purchased_purges":4,"victory":true,"max_hp_per_floor":[80,80,80,80,80,80,80,80,80,80,80,80,80,80,80,80,80,80,80,80,80,80,80,80,80,80,80,80,80,80,80,80,80,80,80,80,80,80,80,80,80,80,80,80,80,80,80,80,80,80],"card_choices":[{"not_picked":["True Grit","Cleave"],"picked":"Whirlwind","floor":1.0},{"not_picked":["Twin Strike","Clash","Searing Blow"],"picked":"SKIP","floor":4.0},{"not_picked":["Warcry","Barricade"],"picked":"Shrug It Off","floor":5.0},{"not_picked":["Armaments","Disarm","Clash"],"picked":"SKIP","floor":7.0},{"not_picked":["Perfected Strike","Cleave","Sword Boomerang"],"picked":"SKIP","floor":12.0},{"not_picked":["Power Through","Pummel","Barricade"],"picked":"SKIP","floor":13.0},{"not_picked":["Twin Strike","Clash","Iron Wave"],"picked":"SKIP","floor":14.0},{"not_picked":["Bludgeon","Barricade"],"picked":"Impervious","floor":16.0},{"not_picked":["Twin Strike","Uppercut"],"picked":"Inflame","floor":18.0},{"not_picked":["Clothesline","True Grit+1","Cleave"],"picked":"SKIP","floor":19.0},{"not_picked":["Pummel","Pommel Strike","Warcry"],"picked":"SKIP","floor":20.0},{"not_picked":["Rampage","Feel No Pain+1","Clash"],"picked":"SKIP","floor":21.0},{"not_picked":["Rupture","Power Through+1","Warcry+1"],"picked":"SKIP","floor":22.0},{"not_picked":["Blood for Blood","Body Slam+1"],"picked":"Seeing Red","floor":27.0},{"not_picked":["Feel No Pain","Reckless Charge","Armaments"],"picked":"SKIP","floor":29.0},{"not_picked":["Clothesline","Searing Blow","Barricade"],"picked":"SKIP","floor":31.0},{"not_picked":["Impervious","Reaper"],"picked":"Double Tap","floor":33},{"not_picked":["Armaments+1","True Grit","Corruption+1"],"picked":"SKIP","floor":35},{"not_picked":["Perfected Strike+1","Iron Wave+1","Carnage"],"picked":"SKIP","floor":37},{"not_picked":["Dropkick+1","Ghostly Armor"],"picked":"Shrug It Off+1","floor":41},{"not_picked":["Flex","Feel No Pain+1","Metallicize+1"],"picked":"SKIP","floor":42},{"not_picked":["Barricade+1","Flex+1"],"picked":"Seeing Red+1","floor":45},{"not_picked":["Pommel Strike+1","Intimidate"],"picked":"Inflame+1","floor":46},{"not_picked":["Entrench","Rage+1"],"picked":"Whirlwind+1","floor":47},{"not_picked":["Pommel Strike+1","Battle Trance+1","Headbutt+1"],"picked":"SKIP","floor":48}],"player_experience":0,"relics_obtained":[{"floor":9.0,"key":"Whetstone"},{"floor":13.0,"key":"Meat on the Bone"},{"floor":26.0,"key":"Lantern"},{"floor":38,"key":"FossilizedHelix"},{"floor":42,"key":"Calipers"},{"floor":43,"key":"Frozen Egg 2"}],"event_choices":[{"damage_healed":0.0,"max_hp_gain":0.0,"max_hp_loss":0.0,"gold_gain":0.0,"event_name":"Accursed Blacksmith","player_choice":"Forge","floor":2.0,"gold_loss":0.0,"damage_taken":0.0,"cards_upgraded":["Whirlwind"]},{"damage_healed":0.0,"max_hp_gain":0.0,"max_hp_loss":0.0,"gold_gain":0.0,"event_name":"The Library","player_choice":"Read","floor":24.0,"gold_loss":0.0,"damage_taken":0.0,"cards_obtained":["Whirlwind"]},{"damage_healed":0,"gold_gain":0,"player_choice":"Fight","damage_taken":0,"max_hp_gain":0,"max_hp_loss":0,"event_name":"MindBloom","floor":38,"gold_loss":0},{"damage_healed":0,"gold_gain":0,"player_choice":"Upgraded","damage_taken":0,"max_hp_gain":0,"max_hp_loss":0,"event_name":"Upgrade Shrine","floor":39,"gold_loss":0,"cards_upgraded":["Double Tap"]}],"is_beta":true,"boss_relics":[{"not_picked":["Astrolabe","Calling Bell"],"picked":"SacredBark"},{"not_picked":["Mark of Pain","Runic Cube"],"picked":"Cursed Key"}],"items_purged_floors":[3,25,36,44],"is_endless":false,"potions_floor_spawned":[4,13,14,19,22,27,29,42,45,46,47],"ascension_level":0}