{"gold_per_floor":[116,126,144,144,41,82,97,97,123,164,164],"floor_reached":11,"playtime":651,"items_purged":[],"score":104,"play_id":"ed36e98a-f018-4c27-a170-aabb3e5d5ce2","local_time":"20190325063426","is_ascension_mode":true,"campfire_choices":[{"floor":8,"key":"REST"}],"neow_cost":"NONE","seed_source_timestamp":487288733617081,"circlet_count":0,"master_deck":["Strike_R","Strike_R","Strike_R","Strike_R","Strike_R","Defend_R","Defend_R","Defend_R","Defend_R","Bash","Rage","Feel No Pain","Clash","Armaments","Clash","Dark Embrace","Armaments"],"relics":["Burning Blood","Golden Idol","Juzu Bracelet","Art of War","Dream Catcher"],"potions_floor_usage":[2,6,10,10,11],"damage_taken":[{"damage":6,"enemies":"Cultist","floor":1,"turns":3},{"damage":2,"enemies":"Small Slimes","floor":2,"turns":3},{"damage":6,"enemies":"2 Louse","floor":3,"turns":3},{"damage":49,"enemies":"Gremlin Nob","floor":6,"turns":6},{"damage":13,"enemies":"Gremlin Gang","floor":7,"turns":6},{"damage":12,"enemies":"Lagavulin","floor":10,"turns":6},{"damage":37,"enemies":"Lagavulin Event","floor":11,"turns":5}],"seed_played":"-8481056327217814253","potions_obtained":[{"floor":0,"key":"SpeedPotion"},{"floor":0,"key":"SteroidPotion"},{"floor":0,"key":"Block Potion"},{"floor":3,"key":"SpeedPotion"},{"floor":7,"key":"FearPotion"}],"is_trial":false,"path_per_floor":["M","M","M","?","$","E","M","R","T","E","?"],"character_chosen":"IRONCLAD","items_purchased":["Armaments","Clash"],"campfire_rested":1,"item_purchase_floors":[5,5],"current_hp_per_floor":[80,80,80,60,60,17,10,34,34,28,0],"gold":164,"neow_bonus":"THREE_SMALL_POTIONS","is_prod":false,"is_daily":false,"chose_seed":false,"campfire_upgraded":0,"win_rate":0,"timestamp":1553520866,"path_taken":["M","M","M","?","$","E","M","R","T","E","?"],"build_version":"2019-01-23","purchased_purges":0,"victory":false,"max_hp_per_floor":[80,80,80,80,80,80,80,80,80,80,80],"card_choices":[{"not_picked":["Armaments","Rupture"],"picked":"Rage","floor":1},{"not_picked":["Evolve","Thunderclap"],"picked":"Feel No Pain","floor":2},{"not_picked":["Pommel Strike","Wild Strike"],"picked":"Clash","floor":3},{"not_picked":["Warcry","True Grit"],"picked":"Dark Embrace","floor":6},{"not_picked":["Havoc","Heavy Blade"],"picked":"Armaments","floor":7},{"not_picked":["True Grit","Clash","Twin Strike"],"picked":"SKIP","floor":10}],"player_experience":407616,"relics_obtained":[{"floor":6,"key":"Juzu Bracelet"},{"floor":9,"key":"Art of War"},{"floor":10,"key":"Dream Catcher"}],"event_choices":[{"damage_healed":0,"gold_gain":0,"player_choice":"Take Damage","damage_taken":20,"relics_obtained":["Golden Idol"],"max_hp_gain":0,"max_hp_loss":0,"event_name":"Golden Idol","floor":4,"gold_loss":0},{"damage_healed":0,"gold_gain":0,"player_choice":"Searched \u00272\u0027 times","damage_taken":0,"max_hp_gain":0,"max_hp_loss":0,"event_name":"Dead Adventurer","floor":11,"gold_loss":0}],"is_beta":false,"boss_relics":[],"items_purged_floors":[],"is_endless":false,"potions_floor_spawned":[3,7],"killed_by":"Lagavulin Event","ascension_level":5}