{"gold_per_floor":[116,41,3,14,14,14,79,79,130,130,130,145,170,201,201,294,294,309,309],"floor_reached":19,"playtime":1027,"items_purged":[],"score":298,"play_id":"ec7f97ac-f4c1-46b5-af53-317a4bcd920d","local_time":"20180922233944","is_ascension_mode":true,"campfire_choices":[{"data":"Sunder","floor":6,"key":"SMITH"},{"data":"Zap","floor":8,"key":"SMITH"},{"data":"White Noise","floor":10,"key":"SMITH"},{"data":"Hello World","floor":15,"key":"SMITH"}],"neow_cost":"","seed_source_timestamp":8045693233978,"circlet_count":0,"master_deck":["Strike_B+1","Strike_B","Strike_B","Strike_B","Defend_B","Defend_B","Defend_B","Defend_B","Zap+1","Dualcast","AscendersBane","Streamline+1","FTL","Sunder+1","White Noise+1","Injury","Defragment","Hello World+1","Thunder Strike","Hologram+1"],"relics":["Cracked Core","Tiny Chest","Whetstone","Golden Idol","DataDisk","Sozu"],"potions_floor_usage":[7,14,14,19],"damage_taken":[{"damage":2,"enemies":"2 Louse","floor":1,"turns":3},{"damage":1,"enemies":"Cultist","floor":4,"turns":3},{"damage":6,"enemies":"3 Sentries","floor":7,"turns":5},{"damage":0,"enemies":"Small Slimes","floor":12,"turns":2},{"damage":6,"enemies":"Looter","floor":13,"turns":2},{"damage":6,"enemies":"Gremlin Nob","floor":14,"turns":3},{"damage":36,"enemies":"The Guardian","floor":16,"turns":11},{"damage":36,"enemies":"2 Thieves","floor":18,"turns":4},{"damage":33,"enemies":"3 Byrds","floor":19,"turns":2}],"seed_played":"9004636254995863396","potions_obtained":[{"floor":1,"key":"EssenceOfSteel"},{"floor":12,"key":"Dexterity Potion"},{"floor":13,"key":"Poison Potion"},{"floor":16,"key":"Regen Potion"}],"is_trial":false,"path_per_floor":["M","$","?","M","?","R","E","R","T","R","?","M","M","E","R","B",null,"M"],"character_chosen":"DEFECT","items_purchased":["FTL"],"campfire_rested":0,"item_purchase_floors":[2],"current_hp_per_floor":[62,62,62,61,66,66,60,60,60,60,60,60,54,48,48,12,60,24,0],"gold":309,"neow_bonus":"","is_prod":false,"is_daily":false,"chose_seed":false,"campfire_upgraded":4,"win_rate":0,"timestamp":1537652384,"path_taken":["M","$","?","M","?","R","E","R","T","R","?","M","?","E","R","BOSS","M","M"],"build_version":"2018-09-20","purchased_purges":0,"victory":false,"max_hp_per_floor":[71,71,71,71,76,76,76,76,76,76,76,76,76,76,76,76,76,76,76],"card_choices":[{"not_picked":["Consume","Lockon"],"picked":"Streamline","floor":1},{"not_picked":["Coolheaded","Capacitor"],"picked":"Sunder","floor":4},{"not_picked":["Steam Power","Force Field"],"picked":"White Noise","floor":7},{"not_picked":["Hologram","Force Field","Turbo"],"picked":"SKIP","floor":12},{"not_picked":["Conserve Battery","Gash"],"picked":"Defragment","floor":13},{"not_picked":["Heatsinks","Blizzard"],"picked":"Hello World","floor":14},{"not_picked":["Reboot","Meteor Strike"],"picked":"Thunder Strike","floor":16},{"not_picked":["Turbo","Streamline"],"picked":"Hologram+1","floor":18}],"player_experience":480908,"relics_obtained":[{"floor":7,"key":"Tiny Chest"},{"floor":9,"key":"Whetstone"},{"floor":14,"key":"DataDisk"}],"event_choices":[{"event_name":"World of Goop","player_choice":"Left","floor":3,"damage_taken":0},{"event_name":"Big Fish","player_choice":"Donut","floor":5,"damage_taken":0},{"event_name":"Golden Idol","player_choice":"Take Wound","floor":11,"damage_taken":0}],"is_beta":true,"boss_relics":[{"not_picked":["Black Star","Inserter"],"picked":"Sozu"}],"items_purged_floors":[],"is_endless":false,"potions_floor_spawned":[1,12,13,16],"killed_by":"3 Byrds","ascension_level":14}