{"gold_per_floor":[218,229,242,29,29,59,69,79,126,126,159,170,170,170,170,248,248,263,263,313,313,157,186,186,215,215,215,242,262,262,280,280,280],"floor_reached":33,"playtime":1208,"items_purged":["Strike_B"],"score":626,"play_id":"0092e687-3fc7-4078-97cd-3e060cee26c3","local_time":"20190211214035","is_ascension_mode":true,"campfire_choices":[{"data":"Loop","floor":10,"key":"SMITH"},{"floor":13,"key":"REST"},{"data":"Defragment","floor":15,"key":"SMITH"},{"floor":24,"key":"REST"},{"floor":27,"key":"REST"},{"data":"Capacitor","floor":32,"key":"SMITH"}],"neow_cost":"NONE","seed_source_timestamp":42591252135598,"circlet_count":0,"master_deck":["AscendersBane","Strike_B","Strike_B","Strike_B","Defend_B","Defend_B","Defend_B","Defend_B","Zap","Dualcast","Rebound","Ball Lightning","Ball Lightning","Chill","Loop+1","Coolheaded","Leap","Defragment+1","Biased Cognition","Ball Lightning","Capacitor+1","Self Repair","Reinforced Body","Consume"],"relics":["Cracked Core","Orichalcum","Matryoshka","Lantern","Bottled Tornado","Omamori","Bag of Marbles","Black Star","Enchiridion","Sundial","Strawberry","Singing Bowl","Centennial Puzzle","Smiling Mask","Bronze Scales","Dream Catcher","Gremlin Horn","Bag of Preparation"],"potions_floor_usage":[12,12,23,25,33,33],"damage_taken":[{"damage":2,"enemies":"Cultist","floor":1,"turns":4},{"damage":10,"enemies":"2 Louse","floor":2,"turns":3},{"damage":7,"enemies":"Jaw Worm","floor":3,"turns":3},{"damage":2,"enemies":"Gremlin Nob","floor":6,"turns":3},{"damage":1,"enemies":"2 Fungi Beasts","floor":7,"turns":2},{"damage":16,"enemies":"Blue Slaver","floor":8,"turns":3},{"damage":21,"enemies":"Lagavulin","floor":11,"turns":5},{"damage":6,"enemies":"Exordium Thugs","floor":12,"turns":4},{"damage":18,"enemies":"Slime Boss","floor":16,"turns":9},{"damage":0,"enemies":"Chosen","floor":18,"turns":4},{"damage":33,"enemies":"Slavers","floor":23,"turns":7},{"damage":46,"enemies":"Book of Stabbing","floor":25,"turns":6},{"damage":28,"enemies":"Slavers","floor":28,"turns":2},{"damage":0,"enemies":"3 Byrds","floor":29,"turns":1},{"damage":0,"enemies":"Centurion and Healer","floor":31,"turns":8},{"damage":50,"enemies":"Champ","floor":33,"turns":10}],"seed_played":"-5114274447744251320","potions_obtained":[{"floor":2,"key":"Dexterity Potion"},{"floor":12,"key":"SpeedPotion"},{"floor":16,"key":"Regen Potion"},{"floor":18,"key":"Block Potion"},{"floor":25,"key":"FearPotion"},{"floor":29,"key":"Swift Potion"},{"floor":31,"key":"Weak Potion"}],"is_trial":false,"path_per_floor":["M","M","M","$","?","E","M","M","T","R","E","M","R","?","R","B",null,"M","?","?","?","$","E","R","E","T","R","E","M","?","M","R","B"],"character_chosen":"DEFECT","items_purchased":["Orichalcum","AttackPotion","Self Repair"],"campfire_rested":3,"item_purchase_floors":[4,4,22],"current_hp_per_floor":[62,52,45,45,50,48,47,31,31,31,10,4,26,26,26,8,59,59,59,59,38,38,19,43,19,19,43,17,19,19,28,28,0],"gold":280,"neow_bonus":"HUNDRED_GOLD","is_prod":false,"is_daily":false,"chose_seed":false,"campfire_upgraded":3,"win_rate":0,"timestamp":1549917635,"path_taken":["M","M","M","$","?","E","M","M","T","R","E","M","R","?","R","BOSS","M","?","?","?","$","E","R","E","T","R","E","?","?","M","R","BOSS"],"build_version":"2019-01-23","purchased_purges":1,"victory":false,"max_hp_per_floor":[71,71,71,71,76,76,76,76,76,76,76,76,76,76,76,76,76,76,76,76,76,76,83,83,83,83,83,85,87,87,89,89,89],"card_choices":[{"not_picked":["Chaos","Redo"],"picked":"Rebound","floor":1},{"not_picked":["Compile Driver","Glacier"],"picked":"Ball Lightning","floor":2},{"not_picked":["Go for the Eyes","Fusion"],"picked":"Ball Lightning","floor":3},{"not_picked":["Machine Learning","Melter"],"picked":"Chill","floor":6},{"not_picked":["Leap","Ball Lightning"],"picked":"Loop","floor":7},{"not_picked":["Cold Snap","Sweeping Beam"],"picked":"Coolheaded","floor":8},{"not_picked":["Compile Driver","Tempest"],"picked":"Leap","floor":11},{"not_picked":["Creative AI","Scrape"],"picked":"Defragment","floor":12},{"not_picked":["Fission","Machine Learning"],"picked":"Biased Cognition","floor":16},{"not_picked":["Blizzard","Turbo"],"picked":"Ball Lightning","floor":18},{"not_picked":["Self Repair","Rebound"],"picked":"Reinforced Body","floor":23},{"not_picked":["Fission","Redo"],"picked":"Consume","floor":25},{"not_picked":["Static Discharge","Machine Learning","Redo"],"picked":"Singing Bowl","floor":28},{"not_picked":["Compile Driver","Ball Lightning","Sweeping Beam"],"picked":"Singing Bowl","floor":29},{"not_picked":["Turbo","Recycle","Chaos+1"],"picked":"Singing Bowl","floor":31}],"player_experience":1243603,"relics_obtained":[{"floor":6,"key":"Matryoshka"},{"floor":9,"key":"Lantern"},{"floor":9,"key":"Bottled Tornado"},{"floor":11,"key":"Omamori"},{"floor":21,"key":"Enchiridion"},{"floor":23,"key":"Sundial"},{"floor":23,"key":"Strawberry"},{"floor":25,"key":"Singing Bowl"},{"floor":25,"key":"Centennial Puzzle"},{"floor":26,"key":"Smiling Mask"},{"floor":26,"key":"Bronze Scales"},{"floor":28,"key":"Dream Catcher"},{"floor":28,"key":"Gremlin Horn"}],"event_choices":[{"damage_healed":0,"gold_gain":0,"player_choice":"Donut","damage_taken":0,"max_hp_gain":5,"max_hp_loss":0,"event_name":"Big Fish","floor":5,"gold_loss":0},{"damage_healed":0,"gold_gain":0,"player_choice":"Gave Potion","damage_taken":0,"relics_obtained":["Bag of Marbles"],"max_hp_gain":0,"max_hp_loss":0,"event_name":"WeMeetAgain","floor":14,"gold_loss":0},{"damage_healed":0,"gold_gain":0,"player_choice":"Read","damage_taken":0,"max_hp_gain":0,"max_hp_loss":0,"event_name":"The Library","floor":19,"gold_loss":0,"cards_obtained":["Capacitor"]},{"damage_healed":0,"gold_gain":50,"player_choice":"Stole From Cult","damage_taken":0,"max_hp_gain":0,"max_hp_loss":0,"event_name":"Nest","floor":20,"gold_loss":0},{"damage_healed":0,"gold_gain":0,"player_choice":"Obtained Book","damage_taken":21,"max_hp_gain":0,"max_hp_loss":0,"event_name":"Cursed Tome","floor":21,"gold_loss":0},{"damage_healed":0,"gold_gain":0,"player_choice":"Opened","damage_taken":0,"relics_obtained":["Bag of Preparation"],"max_hp_gain":0,"max_hp_loss":0,"event_name":"The Mausoleum","floor":30,"gold_loss":0,"cards_obtained":["Writhe"]}],"is_beta":false,"boss_relics":[{"not_picked":["White Beast Statue","Busted Crown"],"picked":"Black Star"}],"items_purged_floors":[22],"is_endless":false,"potions_floor_spawned":[2,7,12,16,18,25,29,31],"killed_by":"Champ","ascension_level":20}