{"path_per_floor":["M","?","M","M","$","R","E","?","T","R","?","M","E","M","R"],"character_chosen":"IRONCLAD","items_purchased":[],"gold_per_floor":[113,113,125,141,141,141,173,173,173,173,228,241,269,281,281,281],"floor_reached":16,"campfire_rested":0,"playtime":899,"current_hp_per_floor":[79,79,74,74,74,74,58,42,42,42,42,48,33,39,39,0],"items_purged":[],"gold":281,"score":110,"play_id":"b4525c50-1fbe-468b-9ae5-f95b6721e485","local_time":"20180513185802","is_prod":false,"is_daily":false,"chose_seed":false,"is_ascension_mode":false,"campfire_upgraded":3,"timestamp":1526230682,"path_taken":["M","?","M","M","$","R","E","?","T","R","?","?","E","M","R","BOSS"],"build_version":"2018-05-10","seed_source_timestamp":30266293441754,"purchased_purges":0,"victory":false,"master_deck":["Strike_R","Strike_R+1","Strike_R","Strike_R","Strike_R+1","Defend_R","Defend_R","Defend_R","Defend_R","Bash","Normality","Fiend Fire+1","Cleave+1","Havoc","Battle Trance","Intimidate","Thunderclap","Feed+1","Iron Wave"],"max_hp_per_floor":[80,80,80,80,80,80,80,80,80,80,80,80,80,80,80,80],"relics":["Burning Blood","Gremlin Horn","Bottled Flame","Letter Opener"],"card_choices":[{"not_picked":["Barricade","Berserk"],"picked":"Fiend Fire","floor":0},{"not_picked":["Havoc","Twin Strike"],"picked":"Cleave","floor":1},{"not_picked":["Perfected Strike","Clothesline"],"picked":"Havoc","floor":3},{"not_picked":["Headbutt","Feel No Pain"],"picked":"Battle Trance","floor":4},{"not_picked":["Cleave","Reckless Charge"],"picked":"Intimidate","floor":7},{"not_picked":["Blood for Blood","True Grit"],"picked":"Thunderclap","floor":12},{"not_picked":["Power Through","Blood for Blood"],"picked":"Feed","floor":13},{"not_picked":["Clothesline","Perfected Strike"],"picked":"Iron Wave","floor":14}],"player_experience":35423,"potions_floor_usage":[3,14,16,16],"damage_taken":[{"damage":7,"enemies":"Small Slimes","floor":1,"turns":4},{"damage":11,"enemies":"Jaw Worm","floor":3,"turns":2},{"damage":6,"enemies":"Cultist","floor":4,"turns":3},{"damage":22,"enemies":"3 Sentries","floor":7,"turns":7},{"damage":0,"enemies":"3 Louse","floor":12,"turns":1},{"damage":21,"enemies":"Lagavulin","floor":13,"turns":4},{"damage":0,"enemies":"Blue Slaver","floor":14,"turns":1},{"damage":43,"enemies":"The Guardian","floor":16,"turns":9}],"event_choices":[{"event_name":"The Cleric","player_choice":"Leave","floor":2,"damage_taken":0},{"event_name":"Shining Light","player_choice":"Entered Light","floor":8,"damage_taken":0},{"event_name":"Golden Wing","player_choice":"Gained Gold","floor":11,"damage_taken":0}],"boss_relics":[],"potions_floor_spawned":[1,3,13,14],"seed_played":"7017325972123937841","killed_by":"The Guardian","ascension_level":0,"is_trial":false}