{"gold_per_floor":[113,113,113,124,124,153,153,168,168,168,199,219,219,236,236,331,331,313,62,72,83,103,132,132,167,167,26,51,51,51,67,67,162,162,173,192,211,221,221,221,221,250,274,274,574,0,16,16],"floor_reached":48,"playtime":2503,"items_purged":[],"score":830,"play_id":"54d330e9-7b06-4153-9c9f-0646668741ee","local_time":"20180910145248","is_ascension_mode":true,"campfire_choices":[{"floor":7.0,"key":"REST"},{"data":"Demon Form","floor":10.0,"key":"SMITH"},{"data":"Sword Boomerang","floor":13.0,"key":"SMITH"},{"floor":15.0,"key":"REST"},{"data":"Dual Wield","floor":24.0,"key":"SMITH"},{"floor":29.0,"key":"REST"},{"floor":32.0,"key":"REST"},{"data":"Chrysalis","floor":40,"key":"SMITH"},{"floor":44,"key":"REST"}],"neow_cost":"CURSE","seed_source_timestamp":0,"circlet_count":0,"master_deck":["Strike_R","Strike_R","Strike_R","Strike_R","Strike_R","Defend_R","Defend_R","Defend_R","Defend_R","Bash","Demon Form+1","Twin Strike","Clothesline","Dropkick","Bash","Inflame","Sword Boomerang+1","Impervious","Pommel Strike","Sword Boomerang","Exhume","Twin Strike","Flex","Flame Barrier+1","Sword Boomerang","Shrug It Off","Dual Wield+1","Thunderclap+1","Pummel","True Grit","Shrug It Off","Juggernaut","Flex+1","Seeing Red","Chrysalis+1","Writhe","Thunderclap","Twin Strike"],"special_seed":0,"relics":["Black Blood","Incense Burner","Art of War","Ornamental Fan","Mummified Hand","Velvet Choker","Lee\u0027s Waffle","Calipers","Red Skull","Sundial","Lantern","Blue Candle","Strawberry","Old Coin","Red Mask"],"potions_floor_usage":[37],"damage_taken":[{"damage":19.0,"enemies":"Small Slimes","floor":1.0,"turns":6.0},{"damage":1.0,"enemies":"Cultist","floor":4.0,"turns":3.0},{"damage":36.0,"enemies":"3 Sentries","floor":6.0,"turns":7.0},{"damage":12.0,"enemies":"Jaw Worm","floor":8.0,"turns":3.0},{"damage":0.0,"enemies":"Gremlin Nob","floor":11.0,"turns":3.0},{"damage":8.0,"enemies":"3 Louse","floor":12.0,"turns":3.0},{"damage":18.0,"enemies":"Large Slime","floor":14.0,"turns":4.0},{"damage":31.0,"enemies":"Hexaghost","floor":16.0,"turns":7.0},{"damage":38.0,"enemies":"2 Thieves","floor":18.0,"turns":4.0},{"damage":6.0,"enemies":"Shell Parasite","floor":20.0,"turns":3.0},{"damage":23.0,"enemies":"Snake Plant","floor":21.0,"turns":4.0},{"damage":4.0,"enemies":"Cultist and Chosen","floor":22.0,"turns":4.0},{"damage":33.0,"enemies":"Slavers","floor":23.0,"turns":8.0},{"damage":44.0,"enemies":"Book of Stabbing","floor":25.0,"turns":5.0},{"damage":11.0,"enemies":"Slavers","floor":28.0,"turns":4.0},{"damage":17.0,"enemies":"3 Cultists","floor":31.0,"turns":5.0},{"damage":30.0,"enemies":"Champ","floor":33.0,"turns":8.0},{"damage":6.0,"enemies":"Orb Walker","floor":35.0,"turns":4.0},{"damage":31.0,"enemies":"3 Darklings","floor":36.0,"turns":5.0},{"damage":26,"enemies":"Sphere and 2 Shapes","floor":37,"turns":7},{"damage":15,"enemies":"Transient","floor":38,"turns":5},{"damage":86,"enemies":"Giant Head","floor":42,"turns":9},{"damage":37,"enemies":"3 Darklings","floor":47,"turns":6},{"damage":31,"enemies":"Jaw Worm Horde","floor":48,"turns":2}],"seed_played":"1947877384331675456","potions_obtained":[{"floor":1.0,"key":"Swift Potion"},{"floor":4.0,"key":"EntropicBrew"},{"floor":11.0,"key":"SneckoOil"},{"floor":25.0,"key":"Ancient Potion"},{"floor":28.0,"key":"Dexterity Potion"},{"floor":31.0,"key":"SpeedPotion"},{"floor":35.0,"key":"AttackPotion"}],"is_trial":false,"path_per_floor":["M","?","?","M","?","E","R","M","T","R","E","M","R","M","R","B",null,"M","$","M","M","M","E","R","E","T","$","E","R","$","M","R","B",null,"M","M","M","M","?","R","?","E","T","R","T","?","M"],"character_chosen":"IRONCLAD","items_purchased":["Lee\u0027s Waffle","Flex","FairyPotion","Pummel"],"campfire_rested":5,"item_purchase_floors":[19,19,27,27],"current_hp_per_floor":[59,59,34,39,39,9,32,26,26,26,32,30,30,18,41,16,62,30,84,84,67,69,42,42,12,12,12,7,32,32,21,46,22,69,73,52,36,31,31,31,52,18,25,52,52,52,25,0],"gold":16,"neow_bonus":"THREE_RARE_CARDS","is_prod":false,"is_daily":false,"chose_seed":false,"campfire_upgraded":4,"win_rate":0,"timestamp":1536583968,"path_taken":["M","?","?","M","?","E","R","M","T","R","E","M","R","M","R","BOSS","M","$","?","M","M","E","R","E","T","?","E","R","$","M","R","BOSS","M","M","M","M","?","R","?","E","T","R","?","?","M","?"],"build_version":"2018-09-06","purchased_purges":0,"victory":false,"max_hp_per_floor":[80,77,77,77,77,77,77,77,77,77,77,77,77,77,77,77,77,77,84,84,84,84,84,84,84,84,84,84,84,84,84,84,84,84,84,84,84,84,84,84,84,84,91,91,91,91,91,91],"card_choices":[{"not_picked":["Immolate","Feed"],"picked":"Demon Form","floor":0.0},{"not_picked":["Intimidate","Power Through"],"picked":"Twin Strike","floor":1.0},{"not_picked":["Wild Strike","Thunderclap"],"picked":"Clothesline","floor":4.0},{"not_picked":["Anger","Berserk"],"picked":"Inflame","floor":6.0},{"not_picked":["Headbutt","Iron Wave"],"picked":"Sword Boomerang","floor":8.0},{"not_picked":["Perfected Strike","Ghostly Armor"],"picked":"Impervious","floor":11.0},{"not_picked":["Body Slam","Perfected Strike"],"picked":"Pommel Strike","floor":12.0},{"not_picked":["Armaments","Battle Trance"],"picked":"Sword Boomerang","floor":14.0},{"not_picked":["Bludgeon","Offering"],"picked":"Exhume","floor":16.0},{"not_picked":["Heavy Blade","Blood for Blood+1"],"picked":"Twin Strike","floor":18.0},{"not_picked":["Body Slam","Armaments"],"picked":"Flame Barrier+1","floor":20.0},{"not_picked":["Body Slam","Shrug It Off"],"picked":"Sword Boomerang","floor":21.0},{"not_picked":["Headbutt","Pommel Strike"],"picked":"Shrug It Off","floor":22.0},{"not_picked":["Armaments","Warcry"],"picked":"Dual Wield","floor":23.0},{"not_picked":["Twin Strike","Body Slam"],"picked":"Thunderclap+1","floor":25.0},{"not_picked":["Dropkick+1","Juggernaut"],"picked":"True Grit","floor":28.0},{"not_picked":["Heavy Blade","Metallicize"],"picked":"Shrug It Off","floor":31.0},{"not_picked":["Dark Embrace","Barricade"],"picked":"Juggernaut","floor":33.0},{"not_picked":["Clothesline+1","Anger+1","Ghostly Armor+1"],"picked":"SKIP","floor":35.0},{"not_picked":["Feel No Pain","Cleave+1","Clash"],"picked":"SKIP","floor":36.0},{"not_picked":["Iron Wave","Body Slam+1"],"picked":"Flex+1","floor":37},{"not_picked":["Entrench+1","Dual Wield+1"],"picked":"Seeing Red","floor":38},{"not_picked":["Panache","Transmutation"],"picked":"Chrysalis","floor":39},{"not_picked":["Cleave+1","Burning Pact"],"picked":"Thunderclap","floor":42},{"not_picked":["Entrench","Disarm"],"picked":"Twin Strike","floor":47}],"player_experience":400736,"relics_obtained":[{"floor":6.0,"key":"Art of War"},{"floor":9.0,"key":"Ornamental Fan"},{"floor":11.0,"key":"Mummified Hand"},{"floor":23.0,"key":"Calipers"},{"floor":25.0,"key":"Red Skull"},{"floor":26.0,"key":"Sundial"},{"floor":28.0,"key":"Lantern"},{"floor":42,"key":"Blue Candle"},{"floor":43,"key":"Strawberry"},{"floor":45,"key":"Old Coin"}],"event_choices":[{"event_name":"Fountain of Cleansing","player_choice":"Removed Curse","floor":2.0,"damage_taken":0.0},{"event_name":"Scrap Ooze","player_choice":"success","floor":3.0,"damage_taken":25.0},{"event_name":"Match and Keep!","player_choice":"2 cards matched","floor":5.0,"damage_taken":0.0},{"event_name":"SensoryStone","player_choice":"Memory 1","floor":39,"damage_taken":0},{"event_name":"Winding Halls","player_choice":"Writhe","floor":41,"damage_taken":0},{"event_name":"Tomb of Lord Red Mask","player_choice":"Paid","floor":46,"damage_taken":0}],"is_beta":true,"boss_relics":[{"not_picked":["Orrery","Pandora\u0027s Box"],"picked":"Velvet Choker"},{"not_picked":["Tiny House","Black Star"],"picked":"Black Blood"}],"items_purged_floors":[],"is_endless":false,"potions_floor_spawned":[1,4,11,25,28,31,35,36],"killed_by":"Jaw Worm Horde","ascension_level":9}