{"gold_per_floor":[110,110,110,126,142,178,178,1,47,78,3,43,43,56,56,149,149,173,173,197,74,74,113,113,147,199,199,222,247,18,62,62,161,161,184,197,197],"floor_reached":37,"playtime":1850,"items_purged":["Strike_B"],"score":890,"play_id":"e45320a2-36be-45ee-9c0c-baff9c3cf6e2","local_time":"20190423165813","is_ascension_mode":true,"campfire_choices":[{"data":"Zap","floor":7,"key":"SMITH"},{"floor":15,"key":"REST"},{"floor":24,"key":"REST"},{"data":"Defragment","floor":27,"key":"SMITH"},{"data":"Static Discharge","floor":32,"key":"SMITH"}],"neow_cost":"NONE","seed_source_timestamp":25303652399132,"circlet_count":0,"master_deck":["AscendersBane","Strike_B","Defend_B","Defend_B","Defend_B","Defend_B","Zap+1","Dualcast","Rip and Tear","Static Discharge+1","Reinforced Body","Echo Form","Loop","Conserve Battery+1","Ball Lightning","Thunder Strike","Compile Driver","Reprogram+1","Defragment+1","Reinforced Body+1","Meteor Strike","Conserve Battery+1","Tempest+1","Rainbow+1","Defragment","Coolheaded+1"],"relics":["Cracked Core","NeowsBlessing","PreservedInsect","Golden Idol","Emotion Chip","Centennial Puzzle","Incense Burner","Toxic Egg 2","Snecko Eye","Lantern","Question Card","Dream Catcher","Lee\u0027s Waffle","Mercury Hourglass","Black Star"],"potions_floor_usage":[16,28,33],"damage_taken":[{"damage":0,"enemies":"Small Slimes","floor":1,"turns":1},{"damage":0,"enemies":"2 Louse","floor":4,"turns":1},{"damage":0,"enemies":"Jaw Worm","floor":5,"turns":1},{"damage":25,"enemies":"3 Sentries","floor":6,"turns":6},{"damage":8,"enemies":"Gremlin Nob","floor":10,"turns":3},{"damage":10,"enemies":"Lagavulin","floor":12,"turns":6},{"damage":0,"enemies":"Red Slaver","floor":14,"turns":7},{"damage":17,"enemies":"Slime Boss","floor":16,"turns":6},{"damage":11,"enemies":"Shell Parasite","floor":18,"turns":3},{"damage":2,"enemies":"3 Byrds","floor":20,"turns":4},{"damage":10,"enemies":"Gremlin Leader","floor":23,"turns":6},{"damage":20,"enemies":"Book of Stabbing","floor":25,"turns":6},{"damage":8,"enemies":"Cultist and Chosen","floor":28,"turns":5},{"damage":8,"enemies":"3 Cultists","floor":29,"turns":4},{"damage":30,"enemies":"Gremlin Leader","floor":31,"turns":3},{"damage":38,"enemies":"Collector","floor":33,"turns":6},{"damage":1,"enemies":"Orb Walker","floor":35,"turns":2},{"damage":11,"enemies":"3 Darklings","floor":36,"turns":3},{"damage":68,"enemies":"4 Shapes","floor":37,"turns":3}],"seed_played":"1999416272008922532","potions_obtained":[{"floor":5,"key":"SmokeBomb"},{"floor":6,"key":"Fire Potion"},{"floor":18,"key":"SteroidPotion"},{"floor":23,"key":"Fire Potion"},{"floor":33,"key":"EssenceOfSteel"},{"floor":36,"key":"Ancient Potion"}],"is_trial":false,"path_per_floor":["M","?","?","M","M","E","R","$","T","E","$","E","?","M","R","B",null,"M","?","M","$","?","E","R","E","T","R","M","M","$","E","R","B",null,"M","M","M"],"character_chosen":"DEFECT","items_purchased":["Echo Form","Defragment","Reinforced Body+1","Lee\u0027s Waffle"],"campfire_rested":2,"item_purchase_floors":[8,21,21,30],"current_hp_per_floor":[64,46,46,46,46,21,21,21,21,13,13,3,3,3,22,5,49,38,38,36,36,36,26,45,25,25,25,17,9,71,41,41,3,54,53,42,0],"gold":197,"neow_bonus":"THREE_ENEMY_KILL","is_prod":false,"is_daily":false,"chose_seed":false,"campfire_upgraded":3,"win_rate":0,"timestamp":1556031493,"path_taken":["M","?","?","?","M","E","R","?","T","E","$","E","?","M","R","BOSS","M","?","?","$","?","E","R","E","T","R","M","M","$","E","R","BOSS","M","?","M"],"build_version":"2019-01-23","purchased_purges":1,"victory":false,"max_hp_per_floor":[71,71,64,64,64,64,64,64,64,64,64,64,64,64,64,64,64,64,64,64,64,64,64,64,64,64,64,64,64,71,71,71,71,71,71,71,71],"card_choices":[{"not_picked":["Conserve Battery","Redo"],"picked":"Rip and Tear","floor":1},{"not_picked":["Double Energy","Hologram","Blizzard"],"picked":"SKIP","floor":4},{"not_picked":["Skim","Coolheaded"],"picked":"Static Discharge","floor":5},{"not_picked":["Compile Driver","Skim"],"picked":"Reinforced Body","floor":6},{"not_picked":["Hyperbeam","Capacitor"],"picked":"Loop","floor":10},{"not_picked":["Go for the Eyes","Leap"],"picked":"Conserve Battery","floor":12},{"not_picked":["Go for the Eyes","Force Field+1"],"picked":"Ball Lightning","floor":14},{"not_picked":["Meteor Strike","Machine Learning"],"picked":"Thunder Strike","floor":16},{"not_picked":["Rebound","Stack+1"],"picked":"Compile Driver","floor":18},{"not_picked":["Go for the Eyes","FTL","Compile Driver"],"picked":"SKIP","floor":20},{"not_picked":["Sweeping Beam","Lockon","Auto Shields+1"],"picked":"SKIP","floor":23},{"not_picked":["Reprogram+1","Melter","Ball Lightning+1"],"picked":"SKIP","floor":25},{"not_picked":["Compile Driver","Leap+1","Ball Lightning"],"picked":"Meteor Strike","floor":28},{"not_picked":["Beam Cell","Chaos+1","Ball Lightning"],"picked":"Conserve Battery+1","floor":29},{"not_picked":["Fusion+1","Conserve Battery+1","Gash+1"],"picked":"Tempest+1","floor":31},{"not_picked":["Machine Learning","Seek+1","Hyperbeam"],"picked":"Rainbow+1","floor":33},{"not_picked":["Lockon+1","Force Field+1","Cold Snap"],"picked":"Defragment","floor":35},{"not_picked":["Storm","Barrage","Lockon"],"picked":"Coolheaded+1","floor":36}],"player_experience":1617555,"relics_obtained":[{"floor":6,"key":"Emotion Chip"},{"floor":9,"key":"Centennial Puzzle"},{"floor":10,"key":"Incense Burner"},{"floor":12,"key":"Toxic Egg 2"},{"floor":23,"key":"Lantern"},{"floor":25,"key":"Question Card"},{"floor":26,"key":"Dream Catcher"},{"floor":31,"key":"Mercury Hourglass"}],"event_choices":[{"damage_healed":0,"gold_gain":0,"player_choice":"Success","damage_taken":18,"relics_obtained":["PreservedInsect"],"max_hp_gain":0,"max_hp_loss":0,"event_name":"Scrap Ooze","floor":2,"gold_loss":0},{"damage_healed":0,"gold_gain":0,"player_choice":"Lose Max HP","damage_taken":0,"relics_obtained":["Golden Idol"],"max_hp_gain":0,"max_hp_loss":7,"event_name":"Golden Idol","floor":3,"gold_loss":0},{"damage_healed":0,"gold_gain":0,"player_choice":"Ignored","damage_taken":0,"max_hp_gain":0,"max_hp_loss":0,"event_name":"Liars Game","floor":13,"gold_loss":0},{"damage_healed":0,"gold_gain":0,"cards_transformed":["Strike_B"],"player_choice":"Transformed","damage_taken":0,"max_hp_gain":0,"max_hp_loss":0,"event_name":"Transmorgrifier","floor":19,"gold_loss":0,"cards_obtained":["Reprogram"]},{"cards_removed":["Strike_B"],"damage_healed":0,"gold_gain":0,"player_choice":"Purged","damage_taken":0,"max_hp_gain":0,"max_hp_loss":0,"event_name":"Purifier","floor":22,"gold_loss":0}],"is_beta":false,"boss_relics":[{"not_picked":["Eternal Feather","Fusion Hammer"],"picked":"Snecko Eye"},{"not_picked":["Runic Dome","Empty Cage"],"picked":"Black Star"}],"items_purged_floors":[11],"is_endless":false,"potions_floor_spawned":[5,6,10,18,23,33,36],"killed_by":"4 Shapes","ascension_level":20}