{"gold_per_floor":[112,112,124,142,191,191,216,216,216,216,235,264,277,305,305,403,403,416,416,341,356,372,407,407,439,462,495,126,138,158,173,173,278,278,292,305,305,236,255,255,284,300,300,331,349,381,381,242,242,242,242,242,97,125,125],"floor_reached":55,"playtime":4321,"items_purged":["Strike_P+1"],"score":1324,"play_id":"c338eb54-f915-4922-ae72-5130b6821bc7","local_time":"20190917153745","is_ascension_mode":true,"campfire_choices":[{"data":"CrushJoints","floor":6,"key":"SMITH"},{"data":"SandsOfTime","floor":10,"key":"SMITH"},{"data":"Protect","floor":15,"key":"SMITH"},{"data":"DevaForm","floor":24,"key":"SMITH"},{"data":"WreathOfFlame","floor":32,"key":"SMITH"},{"floor":40,"key":"RECALL"},{"data":"Worship","floor":49,"key":"SMITH"},{"data":"Protect","floor":52,"key":"SMITH"}],"neow_cost":"NONE","seed_source_timestamp":14990294779560,"circlet_count":0,"master_deck":["Defend_P","Defend_P","Defend_P+1","Defend_P","Eruption","Vigilance+1","EmptyFist+1","CrushJoints+1","Protect","SandsOfTime+1","Protect+1","BowlingBash+1","SashWhip+1","Vault+1","EmptyFist+1","EmptyFist+1","DevaForm+1","Protect+1","SignatureMove+1","SpiritShield+1","WreathOfFlame+1","FlyingSleeves+1","Wish","StepAndStrike+1","MentalFortress+1","WindmillStrike+1","Nirvana+1","Devotion+1","Adaptation+1","Crescendo","SandsOfTime+1","Worship+1","DevaForm+1","TalkToTheHand+1","SpiritShield+1"],"relics":["Snecko Eye","Ancient Tea Set","Whetstone","Blue Candle","Thread and Needle","Molten Egg 2","FossilizedHelix","Sozu","Bottled Tornado","Frozen Egg 2","Dodecahedron","TungstenRod","Philosopher\u0027s Stone","Bag of Marbles","Eternal Feather","Gremlin Horn","Darkstone Periapt","Art of War"],"potions_floor_usage":[55,55],"damage_taken":[{"damage":0,"enemies":"Small Slimes","floor":1,"turns":4},{"damage":0,"enemies":"Jaw Worm","floor":3,"turns":3},{"damage":0,"enemies":"Cultist","floor":4,"turns":2},{"damage":9,"enemies":"3 Sentries","floor":7,"turns":6},{"damage":0,"enemies":"Exordium Wildlife","floor":11,"turns":4},{"damage":0,"enemies":"Gremlin Nob","floor":12,"turns":2},{"damage":0,"enemies":"Blue Slaver","floor":13,"turns":2},{"damage":0,"enemies":"Lagavulin","floor":14,"turns":4},{"damage":0,"enemies":"The Guardian","floor":16,"turns":7},{"damage":0,"enemies":"2 Thieves","floor":18,"turns":3},{"damage":0,"enemies":"Shell Parasite","floor":21,"turns":4},{"damage":0,"enemies":"Centurion and Healer","floor":22,"turns":6},{"damage":0,"enemies":"Slavers","floor":23,"turns":5},{"damage":0,"enemies":"Gremlin Leader","floor":25,"turns":5},{"damage":0,"enemies":"Slavers","floor":27,"turns":4},{"damage":0,"enemies":"Sentry and Sphere","floor":29,"turns":4},{"damage":0,"enemies":"Chosen and Byrds","floor":30,"turns":3},{"damage":0,"enemies":"3 Cultists","floor":31,"turns":4},{"damage":0,"enemies":"Automaton","floor":33,"turns":8},{"damage":0,"enemies":"Orb Walker","floor":35,"turns":1},{"damage":0,"enemies":"3 Darklings","floor":36,"turns":4},{"damage":0,"enemies":"Maw","floor":39,"turns":5},{"damage":0,"enemies":"Giant Head","floor":41,"turns":7},{"damage":0,"enemies":"4 Shapes","floor":42,"turns":3},{"damage":0,"enemies":"Nemesis","floor":44,"turns":7},{"damage":0,"enemies":"Transient","floor":45,"turns":5},{"damage":0,"enemies":"Giant Head","floor":46,"turns":6},{"damage":0,"enemies":"Time Eater","floor":50,"turns":5},{"damage":0,"enemies":"Shield and Spear","floor":54,"turns":9},{"damage":74,"enemies":"The Heart","floor":55,"turns":14}],"seed_played":"7810102428150915129","potions_obtained":[{"floor":7,"key":"SkillPotion"},{"floor":12,"key":"Ancient Potion"},{"floor":16,"key":"SpeedPotion"}],"is_trial":false,"path_per_floor":["M","?","M","M","T","R","E","?","T","R","M","E","M","E","R","B",null,"M","?","?","M","M","E","R","E","T","E","$","M","M","M","R","B",null,"M","M","?","$","M","R","E","M","T","E","M","E","$","$","R","B",null,"R","$","E","B"],"character_chosen":"WATCHER","items_purchased":["TungstenRod","MentalFortress+1","SandsOfTime+1","Worship","DevaForm+1","TalkToTheHand+1"],"campfire_rested":0,"item_purchase_floors":[28,38,48,48,53,53],"current_hp_per_floor":[65,52,52,52,52,52,43,43,43,43,43,43,43,43,43,43,65,65,65,65,65,65,65,65,65,65,65,65,65,65,65,65,65,65,65,65,65,65,65,65,65,65,65,65,65,65,65,65,65,65,65,65,65,65,0],"gold":125,"neow_bonus":"BOSS_RELIC","is_prod":false,"is_daily":false,"chose_seed":false,"campfire_upgraded":7,"win_rate":0,"timestamp":1568727465,"path_taken":["M","?","M","M","?","R","E","?","T","R","M","E","?","E","R","BOSS","M","?","?","M","M","E","R","E","T","E","$","M","M","M","R","BOSS","M","M","?","$","M","R","E","M","T","E","M","E","?","$","R","BOSS","R","$","E","BOSS"],"build_version":"2019-09-16v2","purchased_purges":1,"victory":false,"max_hp_per_floor":[65,65,65,65,65,65,65,65,65,65,65,65,65,65,65,65,65,65,65,65,65,65,65,65,65,65,65,65,65,65,65,65,65,65,65,65,65,65,65,65,65,65,65,65,65,65,65,65,65,65,65,65,65,65,65],"card_choices":[{"not_picked":["Crescendo","SpiritShield"],"picked":"EmptyFist","floor":1},{"not_picked":["Halt","CutThroughFate"],"picked":"CrushJoints","floor":3},{"not_picked":["Scrawl","Weave"],"picked":"Protect","floor":4},{"not_picked":["CrushJoints","InnerPeace"],"picked":"SandsOfTime","floor":7},{"not_picked":["CutThroughFate","JustLucky"],"picked":"Protect","floor":11},{"not_picked":["Metaphysics","Fasting","WaveOfTheHand"],"picked":"SKIP","floor":12},{"not_picked":["Crescendo","EmptyMind"],"picked":"BowlingBash+1","floor":13},{"not_picked":["BowlingBash+1","InnerPeace"],"picked":"SashWhip+1","floor":14},{"not_picked":["FlowState","Judgement"],"picked":"Vault+1","floor":16},{"not_picked":["EmptyMind","JustLucky+1"],"picked":"EmptyFist+1","floor":18},{"not_picked":["Sanctity","Vengeance+1"],"picked":"Protect","floor":21},{"not_picked":["InnerPeace","Halt","ClearTheMind"],"picked":"SKIP","floor":22},{"not_picked":["Meditate+1","JustLucky+1"],"picked":"SignatureMove+1","floor":23},{"not_picked":["Weave+1","WaveOfTheHand","FlyingSleeves+1"],"picked":"SKIP","floor":25},{"not_picked":["ThirdEye","FlurryOfBlows+1"],"picked":"SpiritShield+1","floor":27},{"not_picked":["Weave+1","Protect"],"picked":"WreathOfFlame","floor":29},{"not_picked":["Collect","CleanseEvil"],"picked":"FlyingSleeves+1","floor":30},{"not_picked":["SashWhip+1","FlyingSleeves+1","Halt"],"picked":"SKIP","floor":31},{"not_picked":["BattleHymn+1","ReachHeaven+1"],"picked":"Wish","floor":33},{"not_picked":["Weave+1","SashWhip+1","Evaluate+1"],"picked":"SKIP","floor":35},{"not_picked":["Meditate","Protect+1"],"picked":"StepAndStrike+1","floor":36},{"not_picked":["Consecrate+1","Crescendo+1","BowlingBash+1"],"picked":"SKIP","floor":39},{"not_picked":["FlyingSleeves+1","Fasting+1"],"picked":"WindmillStrike+1","floor":41},{"not_picked":["ThirdEye","Vengeance+1"],"picked":"Nirvana+1","floor":42},{"not_picked":["Meditate+1","FlyingSleeves+1"],"picked":"Devotion+1","floor":44},{"not_picked":["Sanctity+1","FlyingSleeves+1"],"picked":"Adaptation+1","floor":45},{"not_picked":["CrushJoints+1","Protect+1"],"picked":"Crescendo","floor":46},{"not_picked":["CutThroughFate+1","JustLucky+1"],"picked":"SpiritShield+1","floor":54}],"player_experience":2060538,"relics_obtained":[{"floor":5,"key":"Ancient Tea Set"},{"floor":7,"key":"Whetstone"},{"floor":9,"key":"Thread and Needle"},{"floor":12,"key":"Molten Egg 2"},{"floor":14,"key":"FossilizedHelix"},{"floor":23,"key":"Bottled Tornado"},{"floor":25,"key":"Frozen Egg 2"},{"floor":27,"key":"Dodecahedron"},{"floor":41,"key":"Bag of Marbles"},{"floor":43,"key":"Eternal Feather"},{"floor":44,"key":"Gremlin Horn"},{"floor":46,"key":"Darkstone Periapt"},{"floor":54,"key":"Art of War"}],"event_choices":[{"damage_healed":0,"gold_gain":0,"player_choice":"Entered Light","damage_taken":13,"max_hp_gain":0,"max_hp_loss":0,"event_name":"Shining Light","floor":2,"gold_loss":0,"cards_upgraded":["Vigilance","Defend_P"]},{"damage_healed":0,"gold_gain":0,"player_choice":"Gave Potion","damage_taken":0,"relics_obtained":["Blue Candle"],"max_hp_gain":0,"max_hp_loss":0,"event_name":"WeMeetAgain","floor":8,"gold_loss":0},{"damage_healed":0,"gold_gain":0,"cards_transformed":["Strike_P","Strike_P"],"player_choice":"Became Test Subject","damage_taken":0,"max_hp_gain":0,"max_hp_loss":0,"event_name":"Drug Dealer","floor":19,"gold_loss":0,"cards_obtained":["EmptyFist","DevaForm"]},{"cards_removed":["Strike_P"],"damage_healed":0,"gold_gain":0,"player_choice":"Gave Gold","damage_taken":0,"max_hp_gain":0,"max_hp_loss":0,"event_name":"Beggar","floor":20,"gold_loss":75},{"damage_healed":0,"gold_gain":0,"player_choice":"Ignored","damage_taken":0,"max_hp_gain":0,"max_hp_loss":0,"event_name":"Tomb of Lord Red Mask","floor":37,"gold_loss":0}],"is_beta":true,"boss_relics":[{"not_picked":["SlaversCollar","Busted Crown"],"picked":"Sozu"},{"not_picked":["Empty Cage","Velvet Choker"],"picked":"Philosopher\u0027s Stone"}],"items_purged_floors":[28],"is_endless":false,"potions_floor_spawned":[7,12,16,22,23,27,29,31,35,39,41,45],"killed_by":"The Heart","ascension_level":1}