{"gold_per_floor":[11,25,25,50,50,75,75,88,115,144,164,194,194,38,38,128,128,68,68,13,13,13,13,13,13,13,13,13,13,13,13,13,13,13,13,0,0,0,0,0,0,0,0,0,0,0,0,0,0,0],"floor_reached":50,"playtime":1947,"items_purged":["Strike_B"],"score":1232,"play_id":"da81324c-b1b9-43ec-ac57-1cf84cde8f5c","local_time":"20190408135523","is_ascension_mode":true,"campfire_choices":[{"data":"Zap","floor":7.0,"key":"SMITH"},{"data":"Defragment","floor":15.0,"key":"SMITH"},{"floor":29.0,"key":"REST"},{"data":"Electrodynamics","floor":32.0,"key":"SMITH"},{"data":"Hologram","floor":40.0,"key":"SMITH"},{"floor":44,"key":"REST"},{"floor":49,"key":"RECALL"}],"neow_cost":"NO_GOLD","seed_source_timestamp":0,"circlet_count":0,"master_deck":["AscendersBane","Defend_B+1","Defend_B+1","Defend_B+1","Defend_B+1","Zap+1","Dualcast","Cold Snap","Lockon","Rainbow","Cold Snap","Sweeping Beam","Electrodynamics+1","Sunder","Defragment+1","Multi-Cast","Capacitor","Barrage","Defragment+1","Skim","Compile Driver","Ball Lightning+1","Self Repair","Meteor Strike","Coolheaded+1","Hologram+1","Mayhem","Blizzard","Capacitor+1","Double Energy","Thunder Strike","Tempest+1"],"special_seed":0,"relics":["Cracked Core","Happy Flower","Peace Pipe","Juzu Bracelet","Blood Vial","Tiny Chest","Golden Idol","Ectoplasm","Dream Catcher","Potion Belt","Anchor","MawBank","Snecko Eye","Red Mask","Bottled Lightning","Turnip","Oddly Smooth Stone"],"potions_floor_usage":[42,42,50,50],"damage_taken":[{"damage":11.0,"enemies":"Small Slimes","floor":1.0,"turns":4.0},{"damage":7.0,"enemies":"Jaw Worm","floor":2.0,"turns":3.0},{"damage":14.0,"enemies":"Lagavulin","floor":6.0,"turns":6.0},{"damage":0.0,"enemies":"Cultist","floor":8.0,"turns":3.0},{"damage":18.0,"enemies":"3 Sentries","floor":10.0,"turns":7.0},{"damage":7.0,"enemies":"Blue Slaver","floor":11.0,"turns":3.0},{"damage":0.0,"enemies":"Slime Boss","floor":16.0,"turns":6.0},{"damage":15.0,"enemies":"2 Thieves","floor":18.0,"turns":4.0},{"damage":16.0,"enemies":"Gremlin Leader","floor":23.0,"turns":6.0},{"damage":0.0,"enemies":"Spheric Guardian","floor":24.0,"turns":3.0},{"damage":25.0,"enemies":"Book of Stabbing","floor":25.0,"turns":5.0},{"damage":0.0,"enemies":"Chosen and Byrds","floor":28.0,"turns":7.0},{"damage":27.0,"enemies":"Slavers","floor":30.0,"turns":5.0},{"damage":24.0,"enemies":"Collector","floor":33.0,"turns":8.0},{"damage":14.0,"enemies":"Orb Walker","floor":35.0,"turns":3.0},{"damage":10.0,"enemies":"3 Shapes","floor":38.0,"turns":3.0},{"damage":2.0,"enemies":"Maw","floor":39.0,"turns":5.0},{"damage":56.0,"enemies":"Reptomancer","floor":41.0,"turns":5.0},{"damage":10,"enemies":"Spire Growth","floor":42,"turns":6},{"damage":13,"enemies":"Writhing Mass","floor":46,"turns":6},{"damage":20,"enemies":"Nemesis","floor":47,"turns":7},{"damage":8,"enemies":"Maw","floor":48,"turns":6},{"damage":36,"enemies":"Donu and Deca","floor":50,"turns":3}],"seed_played":"929229473382018202","potions_obtained":[{"floor":6.0,"key":"Weak Potion"},{"floor":8.0,"key":"Strength Potion"},{"floor":23.0,"key":"Swift Potion"},{"floor":24.0,"key":"PowerPotion"},{"floor":33.0,"key":"GamblersBrew"},{"floor":39.0,"key":"EssenceOfSteel"},{"floor":42,"key":"FocusPotion"},{"floor":46,"key":"FairyPotion"},{"floor":47,"key":"PowerPotion"}],"is_trial":false,"path_per_floor":["M","M","?","T","?","E","R","M","T","E","M","?","?","$","R","B",null,"M","?","$","?","?","E","M","E","T","?","M","R","E","$","R","B",null,"M","?","?","M","M","R","E","M","T","R","T","M","E","M","R","B"],"character_chosen":"DEFECT","items_purchased":["Defragment","Barrage"],"campfire_rested":2,"item_purchase_floors":[14,20],"current_hp_per_floor":[67,60,65,65,65,51,51,51,51,33,28,23,23,23,23,25,67,54,54,54,54,54,40,42,19,19,19,28,52,34,34,34,19,66,61,61,51,50,57,57,10,2,2,26,26,22,11,12,12,0],"gold":0,"neow_bonus":"TWENTY_PERCENT_HP_BONUS","is_prod":false,"is_daily":false,"chose_seed":false,"campfire_upgraded":4,"win_rate":0,"timestamp":1554724523,"path_taken":["M","M","?","?","?","E","R","M","T","E","M","?","?","$","R","BOSS","M","?","$","?","?","E","M","E","T","?","M","R","E","$","R","BOSS","M","?","?","M","M","R","E","M","T","R","?","M","E","M","R","BOSS"],"build_version":"2019-01-23","purchased_purges":1,"victory":false,"max_hp_per_floor":[85,85,90,90,90,90,90,90,90,90,90,90,81,81,81,81,81,81,81,81,81,81,81,81,81,81,81,81,81,81,81,81,81,81,81,81,81,81,81,81,81,81,81,81,81,81,81,81,81,81],"card_choices":[{"not_picked":["Heatsinks","Streamline"],"picked":"Cold Snap","floor":1.0},{"not_picked":["Turbo","Compile Driver"],"picked":"Lockon","floor":2.0},{"not_picked":["Redo","Steam"],"picked":"Cold Snap","floor":6.0},{"not_picked":["Tempest","Compile Driver"],"picked":"Sweeping Beam","floor":8.0},{"not_picked":["Creative AI","Defragment"],"picked":"Electrodynamics","floor":10.0},{"not_picked":["Beam Cell","Go for the Eyes"],"picked":"Sunder","floor":11.0},{"not_picked":["Core Surge","Hyperbeam"],"picked":"Multi-Cast","floor":16.0},{"not_picked":["Stack+1","Sweeping Beam"],"picked":"Capacitor","floor":18.0},{"not_picked":["Cold Snap+1","Doom and Gloom"],"picked":"Skim","floor":23.0},{"not_picked":["Steam","Barrage"],"picked":"Compile Driver","floor":24.0},{"not_picked":["Beam Cell","Leap"],"picked":"Ball Lightning+1","floor":25.0},{"not_picked":["Redo","Hyperbeam"],"picked":"Coolheaded+1","floor":28.0},{"not_picked":["Gash","Chaos"],"picked":"Hologram","floor":29.0},{"not_picked":["BootSequence+1","Reinforced Body","Rip and Tear"],"picked":"SKIP","floor":30.0},{"not_picked":["Streamline+1","Rebound","Stack"],"picked":"SKIP","floor":35.0},{"not_picked":["Mind Blast","Good Instincts"],"picked":"Mayhem","floor":37.0},{"not_picked":["Stack","Sunder","Conserve Battery+1"],"picked":"SKIP","floor":38.0},{"not_picked":["Ball Lightning","BootSequence+1"],"picked":"Blizzard","floor":39.0},{"not_picked":["BootSequence","Rebound","Gash"],"picked":"SKIP","floor":41.0},{"not_picked":["Aggregate","Barrage"],"picked":"Capacitor+1","floor":42},{"not_picked":["Redo","Hologram+1"],"picked":"Double Energy","floor":44},{"not_picked":["Coolheaded","Melter"],"picked":"Thunder Strike","floor":46},{"not_picked":["Go for the Eyes","Gash","Conserve Battery+1"],"picked":"SKIP","floor":47},{"not_picked":["FTL","Genetic Algorithm+1"],"picked":"Tempest+1","floor":48}],"player_experience":1559447,"relics_obtained":[{"floor":4.0,"key":"Happy Flower"},{"floor":6.0,"key":"Peace Pipe"},{"floor":9.0,"key":"Juzu Bracelet"},{"floor":10.0,"key":"Blood Vial"},{"floor":23.0,"key":"Dream Catcher"},{"floor":25.0,"key":"Potion Belt"},{"floor":26.0,"key":"Anchor"},{"floor":30.0,"key":"MawBank"},{"floor":41.0,"key":"Bottled Lightning"},{"floor":45,"key":"Turnip"},{"floor":47,"key":"Oddly Smooth Stone"}],"event_choices":[{"damage_healed":0.0,"max_hp_gain":5.0,"max_hp_loss":0.0,"gold_gain":0.0,"event_name":"Big Fish","player_choice":"Donut","floor":3.0,"gold_loss":0.0,"damage_taken":0.0},{"damage_healed":0.0,"max_hp_gain":0.0,"max_hp_loss":0.0,"gold_gain":0.0,"cards_transformed":["Strike_B"],"event_name":"Transmorgrifier","player_choice":"Transformed","floor":5.0,"gold_loss":0.0,"damage_taken":0.0,"cards_obtained":["Rainbow"]},{"damage_healed":0.0,"max_hp_gain":0.0,"max_hp_loss":0.0,"gold_gain":0.0,"event_name":"Scrap Ooze","player_choice":"Success","floor":12.0,"gold_loss":0.0,"damage_taken":5.0,"relics_obtained":["Tiny Chest"]},{"damage_healed":0.0,"max_hp_gain":0.0,"max_hp_loss":9.0,"gold_gain":0.0,"event_name":"Golden Idol","player_choice":"Lose Max HP","floor":13.0,"gold_loss":0.0,"damage_taken":0.0,"relics_obtained":["Golden Idol"]},{"damage_healed":0.0,"max_hp_gain":0.0,"max_hp_loss":0.0,"gold_gain":0.0,"event_name":"Back to Basics","player_choice":"Simplicity","floor":19.0,"gold_loss":0.0,"damage_taken":0.0,"cards_upgraded":["Strike_B","Strike_B","Defend_B","Defend_B","Defend_B","Defend_B"]},{"damage_healed":0.0,"max_hp_gain":0.0,"max_hp_loss":0.0,"gold_gain":0.0,"event_name":"Duplicator","player_choice":"Copied","floor":21.0,"gold_loss":0.0,"damage_taken":0.0,"cards_obtained":["Defragment"]},{"damage_healed":0.0,"max_hp_gain":0.0,"max_hp_loss":0.0,"gold_gain":50.0,"event_name":"Nest","player_choice":"Stole From Cult","floor":22.0,"gold_loss":0.0,"damage_taken":0.0},{"damage_healed":0.0,"max_hp_gain":0.0,"max_hp_loss":0.0,"gold_gain":0.0,"cards_transformed":["Strike_B","Strike_B"],"event_name":"Drug Dealer","player_choice":"Became Test Subject","floor":27.0,"gold_loss":0.0,"damage_taken":0.0,"cards_obtained":["Self Repair","Meteor Strike"]},{"damage_healed":0.0,"max_hp_gain":0.0,"max_hp_loss":0.0,"gold_gain":0.0,"event_name":"Tomb of Lord Red Mask","player_choice":"Paid","floor":36.0,"gold_loss":13.0,"damage_taken":0.0,"relics_obtained":["Red Mask"]},{"damage_healed":0.0,"max_hp_gain":0.0,"max_hp_loss":0.0,"gold_gain":0.0,"event_name":"SensoryStone","player_choice":"Memory 3","floor":37.0,"gold_loss":0.0,"damage_taken":10.0}],"is_beta":false,"boss_relics":[{"not_picked":["Coffee Dripper","Empty Cage"],"picked":"Ectoplasm"},{"not_picked":["Inserter","Sozu"],"picked":"Snecko Eye"}],"items_purged_floors":[14],"is_endless":false,"potions_floor_spawned":[6,8,10,16,23,24,33,39,42,46,47],"killed_by":"Donu and Deca","ascension_level":20}