{"gold_per_floor":[119,44,44,44,44,79,79,104,104,104,115,115,35,68,68,143,143,160,34,34,48,59,59,71,88,88,120,120,137,169,179,179,179],"floor_reached":33,"playtime":1319,"items_purged":["Strike_B","Strike_B"],"score":606,"play_id":"1b968ba9-fa96-4eef-abbb-4ca564329f8a","local_time":"20190916192002","is_ascension_mode":true,"campfire_choices":[{"floor":7,"key":"REST"},{"data":"Zap","floor":10,"key":"SMITH"},{"data":"Coolheaded","floor":15,"key":"SMITH"},{"data":"Coolheaded","floor":23,"key":"SMITH"},{"floor":28,"key":"REST"},{"data":"Static Discharge","floor":32,"key":"SMITH"}],"neow_cost":"NONE","seed_source_timestamp":32232637320993,"circlet_count":0,"master_deck":["AscendersBane","Strike_B","Strike_B+1","Defend_B","Defend_B+1","Defend_B","Defend_B","Zap+1","Dualcast","Electrodynamics+1","Ball Lightning","Coolheaded+1","Barrage","Cold Snap+1","Coolheaded+1","Seek","Compile Driver","Coolheaded+1","Gash+1","Steam","Static Discharge+1","Glacier","Consume+1"],"relics":["Cracked Core","Pear","Shuriken","The Courier","Happy Flower","Sozu","Orichalcum","CaptainsWheel","Incense Burner","Whetstone","DataDisk"],"potions_floor_usage":[16,33,33],"damage_taken":[{"damage":9,"enemies":"Jaw Worm","floor":1,"turns":4},{"damage":22,"enemies":"Lagavulin","floor":6,"turns":5},{"damage":11,"enemies":"Gremlin Nob","floor":8,"turns":3},{"damage":11,"enemies":"2 Louse","floor":11,"turns":2},{"damage":8,"enemies":"3 Sentries","floor":14,"turns":3},{"damage":6,"enemies":"The Guardian","floor":16,"turns":10},{"damage":18,"enemies":"2 Thieves","floor":18,"turns":3},{"damage":0,"enemies":"3 Byrds","floor":21,"turns":1},{"damage":12,"enemies":"Snake Plant","floor":22,"turns":4},{"damage":15,"enemies":"Centurion and Healer","floor":24,"turns":6},{"damage":0,"enemies":"Chosen and Byrds","floor":25,"turns":4},{"damage":13,"enemies":"Gremlin Leader","floor":27,"turns":5},{"damage":2,"enemies":"3 Cultists","floor":29,"turns":3},{"damage":19,"enemies":"Book of Stabbing","floor":30,"turns":6},{"damage":0,"enemies":"Sentry and Sphere","floor":31,"turns":10},{"damage":14,"enemies":"Automaton","floor":33,"turns":10}],"seed_played":"-5043920822315870781","potions_obtained":[{"floor":6,"key":"Dexterity Potion"},{"floor":8,"key":"FocusPotion"},{"floor":16,"key":"SpeedPotion"}],"is_trial":false,"path_per_floor":["M","$","?","?","T","E","R","E","T","R","M","?","$","E","R","B",null,"M","$","?","M","M","R","M","M","T","E","R","M","E","M","R","B"],"character_chosen":"DEFECT","items_purchased":["Orichalcum"],"campfire_rested":2,"item_purchase_floors":[19],"current_hp_per_floor":[55,55,60,37,47,25,50,39,39,39,28,28,28,20,20,14,68,50,50,50,50,38,38,23,23,23,10,35,33,14,14,14,0],"gold":179,"neow_bonus":"ONE_RANDOM_RARE_CARD","is_prod":false,"is_daily":false,"chose_seed":false,"campfire_upgraded":4,"win_rate":0,"timestamp":1568654402,"path_taken":["M","$","?","?","?","E","R","E","T","R","M","?","?","E","R","BOSS","M","$","?","?","M","R","M","M","T","E","R","M","E","M","R","BOSS"],"build_version":"2019-09-12","purchased_purges":2,"victory":false,"max_hp_per_floor":[71,71,76,76,86,86,86,86,86,86,86,86,86,86,86,86,86,86,86,86,86,86,86,86,86,86,86,86,86,86,86,86,86],"card_choices":[{"not_picked":["Rebound","Steam"],"picked":"Ball Lightning","floor":1},{"not_picked":["White Noise","Storm"],"picked":"Coolheaded","floor":6},{"not_picked":["Reprogram","Recycle"],"picked":"Barrage","floor":8},{"not_picked":["Compile Driver","Loop"],"picked":"Cold Snap","floor":11},{"not_picked":["Sweeping Beam","Turbo"],"picked":"Coolheaded","floor":14},{"not_picked":["All For One","Meteor Strike"],"picked":"Seek","floor":16},{"not_picked":["Double Energy","Force Field","Streamline"],"picked":"SKIP","floor":18},{"not_picked":["Double Energy","Force Field","Streamline"],"picked":"SKIP","floor":18},{"not_picked":["Redo","Hello World"],"picked":"Compile Driver","floor":21},{"not_picked":["Streamline","Hologram"],"picked":"Coolheaded+1","floor":22},{"not_picked":["Turbo","Redo"],"picked":"Gash+1","floor":24},{"not_picked":["Multi-Cast","Melter","Beam Cell"],"picked":"SKIP","floor":25},{"not_picked":["Meteor Strike","Storm"],"picked":"Steam","floor":27},{"not_picked":["Genetic Algorithm","Leap"],"picked":"Static Discharge","floor":29},{"not_picked":["Barrage","Gash"],"picked":"Glacier","floor":30},{"not_picked":["Tempest","Lockon"],"picked":"Consume+1","floor":31}],"player_experience":2059219,"relics_obtained":[{"floor":5,"key":"Pear"},{"floor":8,"key":"Shuriken"},{"floor":9,"key":"The Courier"},{"floor":14,"key":"Happy Flower"},{"floor":20,"key":"CaptainsWheel"},{"floor":26,"key":"Incense Burner"},{"floor":27,"key":"Whetstone"},{"floor":30,"key":"DataDisk"}],"event_choices":[{"damage_healed":0,"gold_gain":0,"player_choice":"Donut","damage_taken":0,"max_hp_gain":5,"max_hp_loss":0,"event_name":"Big Fish","floor":3,"gold_loss":0},{"damage_healed":0,"gold_gain":0,"player_choice":"Entered Light","damage_taken":23,"max_hp_gain":0,"max_hp_loss":0,"event_name":"Shining Light","floor":4,"gold_loss":0,"cards_upgraded":["Electrodynamics","Defend_B"]},{"damage_healed":0,"gold_gain":0,"player_choice":"Searched \u00270\u0027 times","damage_taken":0,"max_hp_gain":0,"max_hp_loss":0,"event_name":"Dead Adventurer","floor":12,"gold_loss":0},{"damage_healed":0,"gold_gain":0,"player_choice":"Relic","damage_taken":0,"max_hp_gain":0,"max_hp_loss":0,"event_name":"Wheel of Change","floor":20,"gold_loss":0}],"is_beta":true,"boss_relics":[{"not_picked":["Astrolabe","Coffee Dripper"],"picked":"Sozu"}],"items_purged_floors":[2,13],"is_endless":false,"potions_floor_spawned":[6,8,11,16,21,22,27],"killed_by":"Automaton","ascension_level":20}