{"gold_per_floor":[119,119,129,149,112,141,141,65,65,65,91,91,91],"floor_reached":13,"playtime":535,"items_purged":[],"score":122,"play_id":"ff9a3986-462c-4707-9d5d-afb657ec2e72","local_time":"20180922120258","is_ascension_mode":true,"campfire_choices":[{"data":"Leg Sweep","floor":7,"key":"SMITH"},{"data":"1","floor":10,"key":"LIFT"},{"data":"2","floor":12,"key":"LIFT"}],"neow_cost":"NONE","seed_source_timestamp":3845939840380,"circlet_count":0,"master_deck":["Defend_G","Defend_G","Defend_G","Defend_G","Defend_G","Strike_G","Strike_G","Strike_G","Strike_G","Strike_G","Survivor","Neutralize","AscendersBane","Cloak And Dagger","Panacea","Leg Sweep+1","Dodge and Roll","Poisoned Stab","All Out Attack","Slice","Accuracy","Masterful Stab"],"relics":["Black Star","Torii","Pocketwatch","Girya","Odd Mushroom"],"potions_floor_usage":[],"damage_taken":[{"damage":11,"enemies":"Jaw Worm","floor":1,"turns":8},{"damage":1,"enemies":"Cultist","floor":3,"turns":5},{"damage":2,"enemies":"Small Slimes","floor":4,"turns":6},{"damage":14,"enemies":"3 Sentries","floor":6,"turns":11},{"damage":2,"enemies":"The Mushroom Lair","floor":11,"turns":4},{"damage":33,"enemies":"Lagavulin","floor":13,"turns":5}],"seed_played":"-1979048419862541175","potions_obtained":[],"is_trial":false,"path_per_floor":["M","?","M","M","$","E","R","$","T","R","?","R"],"character_chosen":"THE_SILENT","items_purchased":["All Out Attack","Accuracy"],"campfire_rested":0,"item_purchase_floors":[5,8],"current_hp_per_floor":[52,52,51,49,49,35,35,35,35,35,33,33,0],"gold":91,"neow_bonus":"BOSS_RELIC","is_prod":false,"is_daily":false,"chose_seed":false,"campfire_upgraded":1,"win_rate":0,"timestamp":1537610578,"path_taken":["M","?","M","?","?","E","R","$","T","R","?","R","E"],"build_version":"2018-09-20","purchased_purges":0,"victory":false,"max_hp_per_floor":[70,70,70,70,70,70,70,70,70,70,70,70,70],"card_choices":[{"not_picked":["Slice","Dodge and Roll"],"picked":"Cloak And Dagger","floor":1},{"not_picked":["Deflect","Outmaneuver"],"picked":"Dodge and Roll","floor":3},{"not_picked":["Concentrate","Sucker Punch"],"picked":"Poisoned Stab","floor":4},{"not_picked":["Poisoned Stab","Acrobatics"],"picked":"Slice","floor":6},{"not_picked":["Tactician","Deflect"],"picked":"Masterful Stab","floor":11}],"player_experience":475884,"relics_obtained":[{"floor":6,"key":"Torii"},{"floor":6,"key":"Pocketwatch"},{"floor":9,"key":"Girya"},{"floor":11,"key":"Odd Mushroom"}],"event_choices":[{"event_name":"Match and Keep!","player_choice":"2 cards matched","floor":2,"damage_taken":0},{"event_name":"Mushrooms","player_choice":"Fought Mushrooms","floor":11,"damage_taken":0}],"is_beta":true,"boss_relics":[],"items_purged_floors":[],"is_endless":false,"potions_floor_spawned":[],"killed_by":"Lagavulin","ascension_level":10}