{"gold_per_floor":[110,122,135,202,86,86,11,93,120,120,145,145,45,75,87,175,187,218,230,167,198,160,204,228,269,281,310,322,354,401,427,439,451],"floor_reached":33,"playtime":1443,"items_purged":["Strike_R","Strike_R"],"score":751,"play_id":"341706ee-9da3-4ba0-b3de-aa909e40e96c","local_time":"20190428155235","is_ascension_mode":true,"campfire_choices":[{"data":"Immolate","floor":6,"key":"SMITH"},{"data":"Bash","floor":10,"key":"SMITH"},{"data":"Spot Weakness","floor":12,"key":"SMITH"},{"data":"Clothesline","floor":15,"key":"SMITH"},{"data":"Armaments","floor":28,"key":"SMITH"},{"data":"Spot Weakness","floor":32,"key":"SMITH"}],"neow_cost":"NONE","seed_source_timestamp":21887154173133,"circlet_count":0,"master_deck":["AscendersBane","Strike_R","Defend_R","Defend_R","Defend_R+1","Defend_R","Bash+1","Clothesline+1","Immolate+1","Spot Weakness+1","Shrug It Off","Feed","Shrug It Off+1","Whirlwind","Flame Barrier","Armaments+1","Uppercut","Spot Weakness+1","Flame Barrier+1"],"relics":["Burning Blood","Centennial Puzzle","Bronze Scales","MawBank","Snecko Eye","Blood Vial","Red Skull","Pen Nib","Juzu Bracelet"],"potions_floor_usage":[23,25,25,33],"damage_taken":[{"damage":7,"enemies":"Cultist","floor":1,"turns":4},{"damage":0,"enemies":"2 Louse","floor":2,"turns":2},{"damage":9,"enemies":"Jaw Worm","floor":3,"turns":3},{"damage":8,"enemies":"Gremlin Nob","floor":11,"turns":3},{"damage":20,"enemies":"Lagavulin","floor":14,"turns":6},{"damage":33,"enemies":"Slime Boss","floor":16,"turns":8},{"damage":7,"enemies":"2 Thieves","floor":18,"turns":2},{"damage":15,"enemies":"Spheric Guardian","floor":21,"turns":4},{"damage":0,"enemies":"Gremlin Leader","floor":23,"turns":3},{"damage":0,"enemies":"Snecko","floor":24,"turns":3},{"damage":16,"enemies":"Slavers","floor":25,"turns":5},{"damage":45,"enemies":"Shelled Parasite and Fungi","floor":27,"turns":5},{"damage":7,"enemies":"3 Cultists","floor":29,"turns":4},{"damage":0,"enemies":"Gremlin Leader","floor":30,"turns":4},{"damage":0,"enemies":"Chosen and Byrds","floor":31,"turns":3},{"damage":72,"enemies":"Champ","floor":33,"turns":18}],"seed_played":"8294716818184114912","potions_obtained":[{"floor":2,"key":"Weak Potion"},{"floor":3,"key":"AttackPotion"},{"floor":16,"key":"FearPotion"},{"floor":24,"key":"AttackPotion"},{"floor":25,"key":"Dexterity Potion"}],"is_trial":false,"path_per_floor":["M","M","M","?","$","R","?","T","T","R","E","R","$","E","R","B",null,"M","?","?","M","?","E","M","E","T","M","R","M","E","M","R","B"],"character_chosen":"IRONCLAD","items_purchased":["Spot Weakness"],"campfire_rested":0,"item_purchase_floors":[5],"current_hp_per_floor":[74,80,77,77,77,77,77,77,77,77,75,75,75,61,61,34,70,72,72,72,66,66,75,86,81,81,44,44,48,56,64,64,0],"gold":451,"neow_bonus":"TEN_PERCENT_HP_BONUS","is_prod":false,"is_daily":false,"chose_seed":false,"campfire_upgraded":6,"win_rate":0,"timestamp":1556459555,"path_taken":["M","M","?","?","$","R","?","?","T","R","E","R","$","E","R","BOSS","M","?","?","M","?","E","M","E","T","M","R","M","E","M","R","BOSS"],"build_version":"2019-01-23","purchased_purges":2,"victory":false,"max_hp_per_floor":[82,82,82,82,82,82,82,82,82,82,82,82,82,82,82,82,82,85,85,85,88,88,91,94,97,97,97,97,100,100,100,100,100],"card_choices":[{"not_picked":["Dual Wield","Infernal Blade"],"picked":"Anger","floor":1},{"not_picked":["Sword Boomerang","Corruption"],"picked":"Clothesline","floor":2},{"not_picked":["Cleave","Twin Strike"],"picked":"Immolate","floor":3},{"not_picked":["Perfected Strike","Blood for Blood"],"picked":"Shrug It Off","floor":11},{"not_picked":["Perfected Strike","Barricade"],"picked":"Anger","floor":14},{"not_picked":["Bludgeon","Fiend Fire"],"picked":"Feed","floor":16},{"not_picked":["Dual Wield","Battle Trance"],"picked":"Shrug It Off","floor":18},{"not_picked":["Perfected Strike","Warcry"],"picked":"Armaments","floor":21},{"not_picked":["Headbutt","Body Slam","Infernal Blade"],"picked":"SKIP","floor":23},{"not_picked":["Pommel Strike","Shrug It Off"],"picked":"Uppercut","floor":24},{"not_picked":["Armaments","Anger","Double Tap"],"picked":"SKIP","floor":25},{"not_picked":["Thunderclap","Fire Breathing"],"picked":"Spot Weakness","floor":27},{"not_picked":["Havoc+1","Inflame"],"picked":"Flame Barrier+1","floor":29},{"not_picked":["Bloodletting","Clothesline","Iron Wave"],"picked":"SKIP","floor":30},{"not_picked":["Headbutt","Wild Strike","Iron Wave"],"picked":"SKIP","floor":31}],"player_experience":1634959,"relics_obtained":[{"floor":9,"key":"Centennial Puzzle"},{"floor":11,"key":"Bronze Scales"},{"floor":14,"key":"MawBank"},{"floor":23,"key":"Blood Vial"},{"floor":25,"key":"Red Skull"},{"floor":26,"key":"Pen Nib"},{"floor":30,"key":"Juzu Bracelet"}],"event_choices":[{"damage_healed":0,"gold_gain":67,"player_choice":"Gained Gold","damage_taken":0,"max_hp_gain":0,"max_hp_loss":0,"event_name":"Golden Wing","floor":4,"gold_loss":0},{"cards_removed":["Strike_R"],"damage_healed":0,"gold_gain":0,"player_choice":"Card Removal","damage_taken":0,"max_hp_gain":0,"max_hp_loss":0,"event_name":"The Cleric","floor":7,"gold_loss":75},{"damage_healed":0,"gold_gain":0,"cards_transformed":["Anger","Anger"],"player_choice":"Became Test Subject","damage_taken":0,"max_hp_gain":0,"max_hp_loss":0,"event_name":"Drug Dealer","floor":19,"gold_loss":0,"cards_obtained":["Whirlwind","Flame Barrier"]},{"cards_removed":["Strike_R"],"damage_healed":0,"gold_gain":0,"player_choice":"Gave Gold","damage_taken":0,"max_hp_gain":0,"max_hp_loss":0,"event_name":"Beggar","floor":20,"gold_loss":75},{"damage_healed":0,"gold_gain":0,"player_choice":"Upgraded Two","damage_taken":0,"max_hp_gain":0,"max_hp_loss":0,"event_name":"Designer","floor":22,"gold_loss":50,"cards_upgraded":["Shrug It Off","Defend_R"]}],"is_beta":false,"boss_relics":[{"not_picked":["Ectoplasm","Coffee Dripper"],"picked":"Snecko Eye"}],"items_purged_floors":[5,13],"is_endless":false,"potions_floor_spawned":[2,3,16,24,25],"killed_by":"Champ","ascension_level":20}