{"gold_per_floor":[112,30,180,180,190,215,215,140,214,248,105,105,105,176,176,254,254,269,180,180,192,212,212,245,245,329,529,542,542,552,552,552,552],"floor_reached":33,"playtime":949,"items_purged":["Doubt","Strike_G"],"score":588,"play_id":"139bbf5d-559a-4745-b253-3eaf4361d75c","local_time":"20190220130954","is_ascension_mode":true,"campfire_choices":[{"data":"Deadly Poison","floor":7,"key":"SMITH"},{"floor":13,"key":"REST"},{"data":"Footwork","floor":15,"key":"SMITH"},{"floor":23,"key":"REST"},{"floor":25,"key":"REST"},{"floor":29,"key":"REST"},{"floor":32,"key":"REST"}],"neow_cost":"NONE","seed_source_timestamp":8910646918816,"circlet_count":0,"master_deck":["AscendersBane","Defend_G+1","Defend_G+1","Defend_G+1","Defend_G+1","Defend_G+1","Strike_G+1","Strike_G+1","Strike_G+1","Survivor","Neutralize","Deadly Poison+1","Poisoned Stab","Deadly Poison","Quick Slash+1","Footwork+1","Night Terror","Noxious Fumes","Malaise","Caltrops","Dash+1","Backstab+1","Backstab+1","Flechettes+1"],"relics":["Ring of the Snake","NeowsBlessing","Orichalcum","Letter Opener","Juzu Bracelet","Molten Egg 2","Philosopher\u0027s Stone","Ginger","Tiny Chest"],"potions_floor_usage":[16,16,24,33],"damage_taken":[{"damage":0,"enemies":"Jaw Worm","floor":1,"turns":1},{"damage":0,"enemies":"2 Louse","floor":5,"turns":1},{"damage":0,"enemies":"Gremlin Nob","floor":6,"turns":1},{"damage":18,"enemies":"3 Sentries","floor":10,"turns":10},{"damage":22,"enemies":"Slime Boss","floor":16,"turns":12},{"damage":37,"enemies":"3 Byrds","floor":18,"turns":6},{"damage":6,"enemies":"2 Thieves","floor":21,"turns":5},{"damage":3,"enemies":"Centurion and Healer","floor":22,"turns":7},{"damage":19,"enemies":"Slavers","floor":24,"turns":7},{"damage":10,"enemies":"Cultist and Chosen","floor":28,"turns":7},{"damage":0,"enemies":"Snecko","floor":30,"turns":3},{"damage":57,"enemies":"Automaton","floor":33,"turns":6}],"seed_played":"-3304276295364345152","potions_obtained":[{"floor":5,"key":"SkillPotion"},{"floor":10,"key":"PowerPotion"},{"floor":18,"key":"Strength Potion"},{"floor":24,"key":"SteroidPotion"},{"floor":30,"key":"LiquidBronze"}],"is_trial":false,"path_per_floor":["M","$","?","?","M","E","R","$","T","E","$","?","R","T","R","B",null,"M","$","?","M","M","R","E","R","T","?","M","R","M","?","R","B"],"character_chosen":"THE_SILENT","items_purchased":["Poisoned Stab","Deadly Poison","Noxious Fumes","Dash+1"],"campfire_rested":5,"item_purchase_floors":[2,2,11,19],"current_hp_per_floor":[59,59,59,52,52,52,52,52,52,34,34,14,33,33,33,11,52,15,15,15,9,6,25,6,25,25,25,15,34,34,34,53,0],"gold":552,"neow_bonus":"THREE_ENEMY_KILL","is_prod":false,"is_daily":false,"chose_seed":false,"campfire_upgraded":2,"win_rate":0,"timestamp":1550664594,"path_taken":["M","$","?","?","M","E","R","?","T","E","$","?","R","?","R","BOSS","M","$","?","M","M","R","E","R","T","?","M","R","M","?","R","BOSS"],"build_version":"2019-01-23","purchased_purges":2,"victory":false,"max_hp_per_floor":[66,66,66,66,66,66,66,66,66,66,66,66,66,66,66,66,66,66,66,66,66,66,66,66,66,66,66,66,66,66,66,66,66],"card_choices":[{"not_picked":["Bane","Footwork"],"picked":"Deadly Poison","floor":1},{"not_picked":["Underhanded Strike","Deflect"],"picked":"Quick Slash","floor":5},{"not_picked":["Terror","Outmaneuver"],"picked":"Footwork","floor":6},{"not_picked":["Flying Knee","Prepared"],"picked":"Night Terror","floor":10},{"not_picked":["Doppelganger","Tools of the Trade"],"picked":"Malaise","floor":16},{"not_picked":["Sucker Punch+1","Terror"],"picked":"Caltrops","floor":18},{"not_picked":["Skewer+1","Quick Slash+1"],"picked":"Backstab+1","floor":21},{"not_picked":["Deadly Poison","Dodge and Roll"],"picked":"Backstab+1","floor":22},{"not_picked":["Doppelganger","Dagger Throw+1"],"picked":"Flechettes+1","floor":24},{"not_picked":["Cloak And Dagger","Bane+1","Finisher+1"],"picked":"SKIP","floor":28},{"not_picked":["Acrobatics","Flechettes+1","Underhanded Strike+1"],"picked":"SKIP","floor":30}],"player_experience":1318084,"relics_obtained":[{"floor":6,"key":"Orichalcum"},{"floor":9,"key":"Letter Opener"},{"floor":10,"key":"Juzu Bracelet"},{"floor":14,"key":"Molten Egg 2"},{"floor":24,"key":"Ginger"},{"floor":26,"key":"Tiny Chest"}],"event_choices":[{"damage_healed":0,"gold_gain":150,"player_choice":"AGREE","damage_taken":0,"max_hp_gain":0,"max_hp_loss":0,"event_name":"Liars Game","floor":3,"gold_loss":0,"cards_obtained":["Doubt"]},{"cards_removed":["Strike_G"],"damage_healed":0,"gold_gain":0,"player_choice":"Card Removal","damage_taken":7,"max_hp_gain":0,"max_hp_loss":0,"event_name":"Golden Wing","floor":4,"gold_loss":0},{"damage_healed":0,"gold_gain":0,"player_choice":"Entered Light","damage_taken":20,"max_hp_gain":0,"max_hp_loss":0,"event_name":"Shining Light","floor":12,"gold_loss":0,"cards_upgraded":["Quick Slash","Defend_G"]},{"damage_healed":0,"gold_gain":0,"player_choice":"Simplicity","damage_taken":0,"max_hp_gain":0,"max_hp_loss":0,"event_name":"Back to Basics","floor":20,"gold_loss":0,"cards_upgraded":["Defend_G","Defend_G","Defend_G","Defend_G","Strike_G","Strike_G","Strike_G"]},{"damage_healed":0,"gold_gain":250,"player_choice":"Bet on Owner","damage_taken":0,"max_hp_gain":0,"max_hp_loss":0,"event_name":"The Joust","floor":27,"gold_loss":50},{"damage_healed":0,"gold_gain":0,"player_choice":"Ignored","damage_taken":0,"max_hp_gain":0,"max_hp_loss":0,"event_name":"The Mausoleum","floor":31,"gold_loss":0}],"is_beta":false,"boss_relics":[{"not_picked":["Runic Dome","Astrolabe"],"picked":"Philosopher\u0027s Stone"}],"items_purged_floors":[8,11],"is_endless":false,"potions_floor_spawned":[5,10,18,24,30],"killed_by":"Automaton","ascension_level":20}