{"gold_per_floor":[110,128,138,149,163,198,220,232,244,256,281,293,305,165,165,295,295,319,319,340,353,353],"floor_reached":22,"playtime":800,"items_purged":["Injury"],"score":190,"play_id":"e5707db3-754e-4b2e-bf10-787549684295","local_time":"20190726003010","is_ascension_mode":false,"campfire_choices":[{"floor":10,"key":"REST"},{"data":"Creative AI","floor":15,"key":"SMITH"}],"neow_cost":"NONE","seed_source_timestamp":1211605461899095,"circlet_count":0,"master_deck":["Strike_B","Strike_B","Strike_B","Strike_B","Defend_B","Defend_B","Defend_B","Defend_B","Zap","Dualcast","Creative AI+1","Streamline","Cold Snap","Glacier","Ball Lightning","Streamline","Ball Lightning","Redo","Storm","Self Repair","Buffer","Chaos+1","Double Energy","Ball Lightning+1"],"relics":["Cracked Core","MawBank","Pantograph","Golden Idol","Eternal Feather","MutagenicStrength"],"potions_floor_usage":[6,6,6],"damage_taken":[{"damage":7,"enemies":"2 Louse","floor":1,"turns":2},{"damage":8,"enemies":"Jaw Worm","floor":2,"turns":3},{"damage":10,"enemies":"Small Slimes","floor":3,"turns":2},{"damage":15,"enemies":"3 Louse","floor":4,"turns":3},{"damage":10,"enemies":"2 Fungi Beasts","floor":5,"turns":4},{"damage":33,"enemies":"Lagavulin","floor":6,"turns":6},{"damage":5,"enemies":"Exordium Wildlife","floor":7,"turns":3},{"damage":6,"enemies":"3 Louse","floor":11,"turns":2},{"damage":50,"enemies":"Hexaghost","floor":16,"turns":9},{"damage":13,"enemies":"Chosen","floor":18,"turns":5},{"damage":16,"enemies":"Shell Parasite","floor":20,"turns":7},{"damage":35,"enemies":"Sentry and Sphere","floor":21,"turns":6},{"damage":26,"enemies":"Shelled Parasite and Fungi","floor":22,"turns":2}],"seed_played":"-3981872036096145836","potions_obtained":[{"floor":1,"key":"AttackPotion"},{"floor":3,"key":"SkillPotion"},{"floor":5,"key":"Regen Potion"},{"floor":11,"key":"Fire Potion"}],"is_trial":false,"path_per_floor":["M","M","M","M","M","E","M","$","T","R","M","?","?","$","R","B",null,"M","?","M","M","M"],"character_chosen":"DEFECT","items_purchased":["Self Repair"],"campfire_rested":1,"item_purchase_floors":[14],"current_hp_per_floor":[68,60,50,35,25,7,2,2,2,24,18,43,43,43,43,25,75,69,69,60,25,0],"gold":353,"neow_bonus":"ONE_RANDOM_RARE_CARD","is_prod":false,"is_daily":false,"chose_seed":false,"campfire_upgraded":1,"win_rate":0,"timestamp":1564068610,"path_taken":["M","M","M","M","M","E","M","$","T","R","M","?","?","$","R","BOSS","M","?","M","M","M"],"build_version":"2019-07-17","purchased_purges":1,"victory":false,"max_hp_per_floor":[75,75,75,75,75,75,75,75,75,75,75,75,75,75,75,75,75,75,75,75,75,75],"card_choices":[{"not_picked":["Compile Driver","Gash"],"picked":"Streamline","floor":1},{"not_picked":["Reprogram","Coolheaded"],"picked":"Cold Snap","floor":2},{"not_picked":["Hologram","Double Energy"],"picked":"Glacier","floor":3},{"not_picked":["Double Energy","Sunder"],"picked":"Ball Lightning","floor":4},{"not_picked":["Barrage","Skim"],"picked":"Streamline","floor":5},{"not_picked":["Stack","Beam Cell"],"picked":"Ball Lightning","floor":6},{"not_picked":["Sweeping Beam","Reboot"],"picked":"Redo","floor":7},{"not_picked":["Beam Cell","Cold Snap"],"picked":"Storm","floor":11},{"not_picked":["Rainbow","Hyperbeam"],"picked":"Buffer","floor":16},{"not_picked":["Ball Lightning","Sunder"],"picked":"Chaos+1","floor":18},{"not_picked":["Sweeping Beam+1","Steam"],"picked":"Double Energy","floor":20},{"not_picked":["Conserve Battery","Hello World"],"picked":"Ball Lightning+1","floor":21}],"player_experience":213112,"relics_obtained":[{"floor":6,"key":"MawBank"},{"floor":9,"key":"Pantograph"}],"event_choices":[{"damage_healed":25,"gold_gain":0,"player_choice":"Banana","damage_taken":0,"max_hp_gain":0,"max_hp_loss":0,"event_name":"Big Fish","floor":12,"gold_loss":0},{"damage_healed":0,"gold_gain":0,"player_choice":"Take Wound","damage_taken":0,"relics_obtained":["Golden Idol"],"max_hp_gain":0,"max_hp_loss":0,"event_name":"Golden Idol","floor":13,"gold_loss":0,"cards_obtained":["Injury"]},{"damage_healed":0,"gold_gain":0,"player_choice":"Inject Mutagens","damage_taken":0,"relics_obtained":["MutagenicStrength"],"max_hp_gain":0,"max_hp_loss":0,"event_name":"Drug Dealer","floor":19,"gold_loss":0}],"is_beta":false,"boss_relics":[{"not_picked":["Busted Crown","White Beast Statue"],"picked":"Eternal Feather"}],"items_purged_floors":[14],"is_endless":false,"potions_floor_spawned":[1,3,5,11],"killed_by":"Shelled Parasite and Fungi","ascension_level":0}