{"gold_per_floor":[115,115,131,145,156,156,183,183,183,183,197,207,207,225,225,329,329,341,66,85,184,211,241,241,257,257,257,257,277,277],"floor_reached":30,"playtime":1356,"items_purged":["Strike_R"],"score":353,"play_id":"5662c93f-08ef-4630-9fc0-628be109eb94","local_time":"20181006131739","is_ascension_mode":true,"campfire_choices":[{"data":"Spot Weakness","floor":6.0,"key":"SMITH"},{"floor":8.0,"key":"REST"},{"data":"Spot Weakness","floor":10.0,"key":"SMITH"},{"data":"Heavy Blade","floor":13.0,"key":"SMITH"},{"data":"Limit Break","floor":15.0,"key":"SMITH"},{"floor":27,"key":"REST"}],"neow_cost":"TEN_PERCENT_HP_LOSS","seed_source_timestamp":1873264687953214,"circlet_count":0,"master_deck":["Strike_R","Strike_R","Defend_R","Defend_R","Defend_R","Bash","Twin Strike","Spot Weakness+1","Cleave","Spot Weakness+1","Shrug It Off","Heavy Blade+1","Limit Break+1","Offering","Battle Trance","Shrug It Off"],"special_seed":0,"relics":["Burning Blood","Mango","Pear","Empty Cage","HandDrill","Blood Vial","Bottled Lightning","Mummified Hand"],"potions_floor_usage":[29],"damage_taken":[{"damage":13.0,"enemies":"2 Louse","floor":1.0,"turns":2.0},{"damage":14.0,"enemies":"Jaw Worm","floor":3.0,"turns":5.0},{"damage":1.0,"enemies":"Cultist","floor":4.0,"turns":3.0},{"damage":0.0,"enemies":"Large Slime","floor":5.0,"turns":5.0},{"damage":52.0,"enemies":"Lagavulin","floor":7.0,"turns":9.0},{"damage":8.0,"enemies":"Exordium Wildlife","floor":11.0,"turns":3.0},{"damage":0.0,"enemies":"2 Fungi Beasts","floor":12.0,"turns":2.0},{"damage":11.0,"enemies":"Looter","floor":14.0,"turns":2.0},{"damage":18.0,"enemies":"Slime Boss","floor":16.0,"turns":8.0},{"damage":18.0,"enemies":"Shell Parasite","floor":18.0,"turns":3.0},{"damage":28.0,"enemies":"Spheric Guardian","floor":20.0,"turns":4.0},{"damage":22.0,"enemies":"Slavers","floor":23.0,"turns":4.0},{"damage":29,"enemies":"Chosen and Byrds","floor":25,"turns":5},{"damage":20,"enemies":"Snake Plant","floor":29,"turns":2},{"damage":26,"enemies":"Shelled Parasite and Fungi","floor":30,"turns":3}],"seed_played":"3887905246497461121","potions_obtained":[{"floor":4.0,"key":"BloodPotion"},{"floor":7.0,"key":"SkillPotion"},{"floor":14.0,"key":"LiquidBronze"},{"floor":18.0,"key":"Fire Potion"}],"is_trial":false,"path_per_floor":["M","?","M","M","M","R","E","R","T","R","M","M","R","M","R","B",null,"M","$","M","?","T","E","$","M","T","R","?","M"],"character_chosen":"IRONCLAD","items_purchased":["HandDrill"],"campfire_rested":2,"item_purchase_floors":[19],"current_hp_per_floor":[79,72,64,69,75,75,29,54,64,64,62,68,68,63,63,51,85,73,73,51,51,51,37,37,16,16,44,25,23,0],"gold":277,"neow_bonus":"ONE_RARE_RELIC","is_prod":false,"is_daily":false,"chose_seed":false,"campfire_upgraded":4,"win_rate":0,"timestamp":1538803059,"path_taken":["M","?","M","M","M","R","E","R","T","R","?","M","R","M","R","BOSS","M","$","M","?","?","E","$","M","T","R","?","M","?"],"build_version":"2018-10-04v2","purchased_purges":1,"victory":false,"max_hp_per_floor":[86,86,86,86,86,86,86,86,96,96,96,96,96,96,96,96,96,96,96,96,96,96,96,96,96,96,96,101,101,101],"card_choices":[{"not_picked":["Body Slam","Iron Wave"],"picked":"Twin Strike","floor":1.0},{"not_picked":["Armaments","Corruption"],"picked":"Spot Weakness","floor":3.0},{"not_picked":["Clothesline","Second Wind"],"picked":"Cleave","floor":4.0},{"not_picked":["Rage","Sword Boomerang"],"picked":"Spot Weakness","floor":5.0},{"not_picked":["Armaments","Body Slam"],"picked":"Shrug It Off","floor":7.0},{"not_picked":["Clash","Armaments"],"picked":"Heavy Blade","floor":11.0},{"not_picked":["True Grit","Shrug It Off","Dropkick"],"picked":"SKIP","floor":12.0},{"not_picked":["Clothesline","Cleave"],"picked":"Limit Break","floor":14.0},{"not_picked":["Juggernaut","Bludgeon"],"picked":"Offering","floor":16.0},{"not_picked":["Anger","Fire Breathing"],"picked":"Battle Trance","floor":18.0},{"not_picked":["Thunderclap","Blood for Blood","Clothesline"],"picked":"SKIP","floor":20.0},{"not_picked":["Exhume","Metallicize"],"picked":"Shrug It Off","floor":23},{"not_picked":["Anger","Battle Trance+1","Pommel Strike+1"],"picked":"SKIP","floor":25},{"not_picked":["Entrench","Carnage","Havoc"],"picked":"SKIP","floor":29}],"player_experience":242574,"relics_obtained":[{"floor":9.0,"key":"Pear"},{"floor":22.0,"key":"Blood Vial"},{"floor":23,"key":"Bottled Lightning"},{"floor":26,"key":"Mummified Hand"}],"event_choices":[{"event_name":"Golden Wing","player_choice":"Card Removal","floor":2.0,"damage_taken":0.0},{"event_name":"Nest","player_choice":"Stole From Cult","floor":21.0,"damage_taken":0.0},{"event_name":"Forgotten Altar","player_choice":"Shed Blood","floor":28,"damage_taken":0}],"is_beta":false,"boss_relics":[{"not_picked":["Calling Bell","Tiny House"],"picked":"Empty Cage"}],"items_purged_floors":[19],"is_endless":false,"potions_floor_spawned":[4,7,14,18,25],"killed_by":"Shelled Parasite and Fungi","ascension_level":6}