{"gold_per_floor":[113,127,127,127,127,127,155,155,155,181,192,202,202,232,232,309,309,320,320,340,340,359,359,102,102,102,134,145,145,163,174,174,253,253,269,283,6,19,30,30,57,57,57,57,67,86,118,171,171,171,171],"floor_reached":51,"playtime":2554,"items_purged":[],"score":1519,"play_id":"4d2560fd-b6ae-4aa3-9750-08e400746fa5","local_time":"20190112234539","is_ascension_mode":true,"campfire_choices":[{"data":"Searing Blow+1","floor":6.0,"key":"SMITH"},{"data":"Searing Blow+2","floor":8.0,"key":"SMITH"},{"data":"Searing Blow+3","floor":13.0,"key":"SMITH"},{"data":"Searing Blow+4","floor":15.0,"key":"SMITH"},{"data":"Searing Blow+5","floor":23.0,"key":"SMITH"},{"data":"Searing Blow+6","floor":25.0,"key":"SMITH"},{"data":"Searing Blow+7","floor":29.0,"key":"SMITH"},{"data":"Disarm","floor":32.0,"key":"SMITH"},{"data":"Searing Blow+8","floor":40,"key":"SMITH"},{"data":"Searing Blow+9","floor":42,"key":"SMITH"},{"data":"Searing Blow+10","floor":49,"key":"SMITH"}],"neow_cost":"NONE","seed_source_timestamp":0,"circlet_count":0,"master_deck":["AscendersBane","Defend_R","Defend_R","Defend_R+1","Defend_R","Bash","Searing Blow+11","Thunderclap+1","Shockwave","Metallicize+1","Armaments+1","Battle Trance","Impervious","Rage","Bite","Bite","Bite","Bite","Bite+1","Evolve+1","Disarm+1","Reaper+1","Double Tap","Feel No Pain+1","Seeing Red+1","Body Slam+1"],"special_seed":0,"relics":["Burning Blood","NeowsBlessing","Matryoshka","Potion Belt","Bag of Preparation","Frozen Egg 2","Regal Pillow","Letter Opener","Vajra","War Paint","Mark of Pain","Whetstone","Molten Egg 2","Blood Vial","Sozu","Self Forming Clay","Bag of Marbles","Pear","Prayer Wheel"],"potions_floor_usage":[],"damage_taken":[{"damage":0.0,"enemies":"Jaw Worm","floor":1.0,"turns":1.0},{"damage":0.0,"enemies":"2 Louse","floor":2.0,"turns":1.0},{"damage":0.0,"enemies":"3 Sentries","floor":7.0,"turns":1.0},{"damage":15.0,"enemies":"Lagavulin","floor":10.0,"turns":4.0},{"damage":0.0,"enemies":"Cultist","floor":11.0,"turns":2.0},{"damage":11.0,"enemies":"Large Slime","floor":12.0,"turns":5.0},{"damage":7.0,"enemies":"3 Sentries","floor":14.0,"turns":7.0},{"damage":12.0,"enemies":"Slime Boss","floor":16.0,"turns":9.0},{"damage":1.0,"enemies":"3 Byrds","floor":18.0,"turns":4.0},{"damage":27.0,"enemies":"Shell Parasite","floor":20.0,"turns":3.0},{"damage":0.0,"enemies":"Snecko","floor":22.0,"turns":2.0},{"damage":23.0,"enemies":"Book of Stabbing","floor":27.0,"turns":4.0},{"damage":2.0,"enemies":"Centurion and Healer","floor":28.0,"turns":8.0},{"damage":7.0,"enemies":"Cultist and Chosen","floor":30.0,"turns":4.0},{"damage":0.0,"enemies":"Snake Plant","floor":31.0,"turns":1.0},{"damage":48.0,"enemies":"Champ","floor":33.0,"turns":15.0},{"damage":5.0,"enemies":"3 Darklings","floor":35.0,"turns":7.0},{"damage":11.0,"enemies":"3 Shapes","floor":36.0,"turns":5.0},{"damage":23,"enemies":"3 Darklings","floor":38,"turns":5},{"damage":42,"enemies":"4 Shapes","floor":39,"turns":6},{"damage":36,"enemies":"Nemesis","floor":41,"turns":7},{"damage":0,"enemies":"Sphere and 2 Shapes","floor":45,"turns":3},{"damage":64,"enemies":"Transient","floor":46,"turns":6},{"damage":25,"enemies":"Giant Head","floor":47,"turns":6},{"damage":26,"enemies":"2 Orb Walkers","floor":48,"turns":5},{"damage":19,"enemies":"Time Eater","floor":50,"turns":9},{"damage":100,"enemies":"Awakened One","floor":51,"turns":10}],"seed_played":"78452186391918916","potions_obtained":[{"floor":1.0,"key":"LiquidBronze"},{"floor":11.0,"key":"Fire Potion"},{"floor":12.0,"key":"FearPotion"},{"floor":18.0,"key":"Explosive Potion"},{"floor":27.0,"key":"SkillPotion"}],"is_trial":false,"path_per_floor":["M","M","?","?","T","R","E","R","T","E","M","M","R","E","R","B",null,"M","?","M","?","M","R","$","R","T","E","M","R","M","M","R","B",null,"M","M","$","M","M","R","E","R","T","$","M","M","E","?","R","B","B"],"character_chosen":"IRONCLAD","items_purchased":["Evolve+1","Whetstone","Self Forming Clay"],"campfire_rested":0,"item_purchase_floors":[24,24,37],"current_hp_per_floor":[74,75,64,64,64,64,70,70,70,61,67,62,62,61,61,55,70,75,54,33,33,47,47,47,47,47,35,56,56,56,56,56,36,51,56,56,56,56,47,47,41,41,41,41,55,14,46,54,54,66,0],"gold":171,"neow_bonus":"THREE_ENEMY_KILL","is_prod":false,"is_daily":false,"chose_seed":false,"campfire_upgraded":11,"win_rate":0,"timestamp":1547333139,"path_taken":["M","M","?","?","?","R","E","R","T","E","M","M","R","E","R","BOSS","M","?","M","?","M","R","$","R","T","E","M","R","M","M","R","BOSS","M","M","$","M","M","R","E","R","T","$","M","M","E","?","R","BOSS","BOSS"],"build_version":"2019-01-10","purchased_purges":0,"victory":false,"max_hp_per_floor":[75,75,75,75,75,75,75,75,75,75,75,75,75,75,75,75,75,75,80,80,56,56,56,56,56,56,56,56,56,56,56,56,56,56,56,56,56,56,56,56,56,56,56,56,56,56,66,66,66,66,66],"card_choices":[{"not_picked":["Second Wind","Havoc"],"picked":"Searing Blow","floor":1.0},{"not_picked":["Intimidate","Feel No Pain"],"picked":"Thunderclap","floor":2.0},{"not_picked":["Spot Weakness","Pommel Strike"],"picked":"Shockwave","floor":7.0},{"not_picked":["Sword Boomerang","Pommel Strike"],"picked":"Metallicize+1","floor":10.0},{"not_picked":["Anger","Havoc"],"picked":"Armaments","floor":11.0},{"not_picked":["Headbutt","Clash","Wild Strike"],"picked":"SKIP","floor":12.0},{"not_picked":["Clothesline","Seeing Red"],"picked":"Battle Trance","floor":14.0},{"not_picked":["Brutality+1","Feed"],"picked":"Impervious","floor":16.0},{"not_picked":["Wild Strike","Anger","Intimidate"],"picked":"SKIP","floor":18.0},{"not_picked":["Clash","Perfected Strike+1"],"picked":"Rage","floor":20.0},{"not_picked":["Whirlwind","Rupture+1","Clash"],"picked":"SKIP","floor":22.0},{"not_picked":["Bloodletting","Hemokinesis+1","Cleave+1"],"picked":"SKIP","floor":27.0},{"not_picked":["Spot Weakness+1","Wild Strike+1"],"picked":"Disarm","floor":28.0},{"not_picked":["Heavy Blade+1","True Grit","Warcry"],"picked":"SKIP","floor":30.0},{"not_picked":["Cleave+1","Ghostly Armor"],"picked":"Reaper+1","floor":31.0},{"not_picked":["Limit Break","Immolate+1"],"picked":"Double Tap","floor":33.0},{"not_picked":["Anger+1","Fire Breathing+1","Warcry"],"picked":"SKIP","floor":35.0},{"not_picked":["Wild Strike+1","Clothesline+1"],"picked":"Feel No Pain+1","floor":36.0},{"not_picked":["Iron Wave+1","Warcry","Hemokinesis+1"],"picked":"SKIP","floor":38},{"not_picked":["Clash+1","Clothesline+1","Warcry+1"],"picked":"SKIP","floor":39},{"not_picked":["Clothesline+1","Bludgeon+1","Warcry+1"],"picked":"SKIP","floor":41},{"not_picked":["Havoc","Wild Strike+1"],"picked":"Seeing Red+1","floor":45},{"not_picked":["Cleave+1","Iron Wave+1","Whirlwind+1"],"picked":"SKIP","floor":46},{"not_picked":["Pummel+1","Berserk+1","Uppercut+1"],"picked":"SKIP","floor":47},{"not_picked":["Heavy Blade+1","Armaments"],"picked":"Body Slam+1","floor":48}],"player_experience":1091472,"relics_obtained":[{"floor":5.0,"key":"Potion Belt"},{"floor":5.0,"key":"Bag of Preparation"},{"floor":7.0,"key":"Frozen Egg 2"},{"floor":9.0,"key":"Regal Pillow"},{"floor":9.0,"key":"Letter Opener"},{"floor":10.0,"key":"Vajra"},{"floor":14.0,"key":"War Paint"},{"floor":26.0,"key":"Molten Egg 2"},{"floor":27.0,"key":"Blood Vial"},{"floor":41,"key":"Bag of Marbles"},{"floor":47,"key":"Pear"},{"floor":48,"key":"Prayer Wheel"}],"event_choices":[{"damage_healed":0.0,"max_hp_gain":0.0,"max_hp_loss":0.0,"gold_gain":0.0,"event_name":"Scrap Ooze","player_choice":"Success","floor":3.0,"gold_loss":0.0,"damage_taken":11.0,"relics_obtained":["Matryoshka"]},{"damage_healed":0.0,"max_hp_gain":0.0,"max_hp_loss":0.0,"gold_gain":0.0,"event_name":"Living Wall","player_choice":"Grow","floor":4.0,"gold_loss":0.0,"damage_taken":0.0,"cards_upgraded":["Searing Blow"]},{"damage_healed":0.0,"max_hp_gain":5.0,"max_hp_loss":0.0,"gold_gain":0.0,"event_name":"Forgotten Altar","player_choice":"Shed Blood","floor":19.0,"gold_loss":0.0,"damage_taken":26.0},{"damage_healed":0.0,"max_hp_gain":0.0,"max_hp_loss":24.0,"gold_gain":0.0,"event_name":"Vampires","player_choice":"Became a vampire","floor":21.0,"gold_loss":0.0,"damage_taken":0.0,"cards_obtained":["Bite","Bite","Bite","Bite","Bite"]},{"damage_healed":0,"gold_gain":0,"player_choice":"Fight","damage_taken":0,"max_hp_gain":0,"max_hp_loss":0,"event_name":"Mysterious Sphere","floor":48,"gold_loss":0}],"is_beta":false,"boss_relics":[{"not_picked":["Runic Cube","Orrery"],"picked":"Mark of Pain"},{"not_picked":["White Beast Statue","Black Star"],"picked":"Sozu"}],"items_purged_floors":[],"is_endless":false,"potions_floor_spawned":[1,11,12,18,27,36,38,39,47],"killed_by":"Awakened One","ascension_level":20}