{"gold_per_floor":[109,124,138,10,85,85,17,17,17,47,47,79,94,114,114,215,215,225,245,78,78,95,95],"floor_reached":23,"playtime":4187,"items_purged":["Strike_B","Defend_B"],"score":231,"play_id":"b16a9461-63eb-4e46-add0-04f1b8067f64","local_time":"20190218114944","is_ascension_mode":true,"campfire_choices":[{"data":"Zap","floor":6,"key":"SMITH"},{"data":"Coolheaded","floor":8,"key":"SMITH"},{"data":"Go for the Eyes","floor":11,"key":"SMITH"},{"floor":15,"key":"REST"}],"neow_cost":"NONE","seed_source_timestamp":415851359414719,"circlet_count":0,"master_deck":["Strike_B","Strike_B","Strike_B","Defend_B","Defend_B","Defend_B","Zap+1","Dualcast","Forethought","Loop","Coolheaded+1","Conserve Battery","Ball Lightning","Beam Cell","Stack","Go for the Eyes+1","Rip and Tear","Ball Lightning","Leap","Echo Form","Fusion+1","Consume","Conserve Battery","Bandage Up","Pain","Double Energy"],"relics":["Cracked Core","Oddly Smooth Stone","Smiling Mask","Bottled Flame","Nuclear Battery","WarpedTongs"],"potions_floor_usage":[10,10,16,22,23],"damage_taken":[{"damage":0,"enemies":"Small Slimes","floor":1,"turns":3},{"damage":1,"enemies":"Cultist","floor":2,"turns":3},{"damage":2,"enemies":"Jaw Worm","floor":3,"turns":4},{"damage":30,"enemies":"Gremlin Nob","floor":10,"turns":4},{"damage":10,"enemies":"3 Sentries","floor":12,"turns":6},{"damage":2,"enemies":"Large Slime","floor":13,"turns":7},{"damage":15,"enemies":"Gremlin Gang","floor":14,"turns":4},{"damage":16,"enemies":"Hexaghost","floor":16,"turns":10},{"damage":13,"enemies":"Spheric Guardian","floor":18,"turns":4},{"damage":2,"enemies":"Chosen","floor":19,"turns":4},{"damage":43,"enemies":"Shelled Parasite and Fungi","floor":22,"turns":9},{"damage":33,"enemies":"Book of Stabbing","floor":23,"turns":4}],"seed_played":"4033951058530281245","potions_obtained":[{"floor":1,"key":"PowerPotion"},{"floor":2,"key":"Strength Potion"},{"floor":13,"key":"Swift Potion"},{"floor":16,"key":"FocusPotion"},{"floor":18,"key":"EssenceOfSteel"},{"floor":22,"key":"GamblersBrew"}],"is_trial":false,"path_per_floor":["M","M","M","$","?","R","$","R","T","E","R","E","M","M","R","B",null,"M","M","$","?","M","E"],"character_chosen":"DEFECT","items_purchased":["Ball Lightning","Beam Cell","Stack","Conserve Battery","Bandage Up"],"campfire_rested":1,"item_purchase_floors":[4,7,7,20,20],"current_hp_per_floor":[75,74,72,72,61,61,61,61,61,31,31,21,19,4,26,10,75,62,60,60,60,25,0],"gold":95,"neow_bonus":"RANDOM_COLORLESS","is_prod":false,"is_daily":false,"chose_seed":false,"campfire_upgraded":3,"win_rate":0,"timestamp":1550519384,"path_taken":["M","M","M","$","?","R","$","R","T","E","R","E","M","M","R","BOSS","M","M","$","?","M","E"],"build_version":"2019-01-23","purchased_purges":2,"victory":false,"max_hp_per_floor":[75,75,75,75,75,75,75,75,75,75,75,75,75,75,75,75,75,75,75,75,75,75,75],"card_choices":[{"not_picked":["Static Discharge","Gash"],"picked":"Loop","floor":1},{"not_picked":["Gash","Compile Driver"],"picked":"Coolheaded","floor":2},{"not_picked":["Double Energy","Cold Snap"],"picked":"Conserve Battery","floor":3},{"not_picked":["Streamline","Beam Cell"],"picked":"Go for the Eyes","floor":10},{"not_picked":["Thunder Strike","Turbo"],"picked":"Rip and Tear","floor":12},{"not_picked":["Rebound","Barrage"],"picked":"Ball Lightning","floor":13},{"not_picked":["Coolheaded","Turbo"],"picked":"Leap","floor":14},{"not_picked":["Thunder Strike","Reboot"],"picked":"Echo Form","floor":16},{"not_picked":["Aggregate+1","Stack"],"picked":"Fusion+1","floor":18},{"not_picked":["Coolheaded","Cold Snap"],"picked":"Consume","floor":19},{"not_picked":["Rip and Tear","Consume"],"picked":"Double Energy","floor":22}],"player_experience":211620,"relics_obtained":[{"floor":9,"key":"Oddly Smooth Stone"},{"floor":10,"key":"Smiling Mask"},{"floor":12,"key":"Bottled Flame"}],"event_choices":[{"damage_healed":0,"gold_gain":75,"player_choice":"Gather Gold","damage_taken":11,"max_hp_gain":0,"max_hp_loss":0,"event_name":"World of Goop","floor":5,"gold_loss":0},{"damage_healed":0,"gold_gain":0,"player_choice":"Rummage","damage_taken":0,"relics_obtained":["WarpedTongs"],"max_hp_gain":0,"max_hp_loss":0,"event_name":"Accursed Blacksmith","floor":21,"gold_loss":0,"cards_obtained":["Pain"]}],"is_beta":false,"boss_relics":[{"not_picked":["FrozenCore","Sozu"],"picked":"Nuclear Battery"}],"items_purged_floors":[4,20],"is_endless":false,"potions_floor_spawned":[1,2,13,16,18,22],"killed_by":"Book of Stabbing","ascension_level":3}