{"path_per_floor":["M","M","M","M","?","R","E","R","T","E","M","M","$","E","R","B",null,"M","?","M","M","M","R","E","R","T","E","$","M","M","M","R","B",null,"M","M","M","M","$","R","E","R","T","?","M","E","R","E","R","B"],"character_chosen":"THE_SILENT","items_purchased":["Toxic Egg 2","Burst","Happy Flower","Dead Branch"],"gold_per_floor":[111,128,139,150,150,150,175,175,254,282,299,313,63,97,97,193,193,210,210,225,239,249,249,284,284,284,312,64,77,96,114,114,216,216,230,243,262,277,40,40,72,72,72,122,134,161,161,188,188,188],"floor_reached":51,"campfire_rested":0,"playtime":3044,"current_hp_per_floor":[70,66,63,63,63,63,52,52,52,48,48,47,47,42,42,42,70,68,35,35,35,33,35,17,29,29,29,29,29,23,23,35,35,35,34,33,33,7,7,23,23,35,35,35,35,35,35,35,35,35],"items_purged":[],"gold":188,"score":1231,"play_id":"db98a06c-65fb-48e2-b2a8-8540deb4628e","local_time":"20180515171536","is_prod":false,"is_daily":false,"chose_seed":false,"is_ascension_mode":true,"campfire_upgraded":10,"timestamp":1526397336,"path_taken":["M","M","?","M","?","R","E","R","T","E","?","M","?","E","R","BOSS","M","?","M","M","M","R","E","R","T","E","$","M","M","M","R","BOSS","M","M","M","M","$","R","E","R","T","?","M","E","R","E","R","BOSS"],"build_version":"2018-05-10","seed_source_timestamp":26430888396348,"purchased_purges":0,"victory":true,"master_deck":["Defend_G","Defend_G","Defend_G","Defend_G","Defend_G","Strike_G","Strike_G","Strike_G","Strike_G","Strike_G","Survivor","Neutralize","Endless Agony+1","Poisoned Stab","Flying Knee","Bane+1","Backstab+1","Terror+1","Venomology+1","Bane","Dagger Spray+1","Adrenaline+1","Blur+1","Ghostly+1","Ghostly+1","Ghostly+1","Ghostly+1","Ghostly+1","Acrobatics+1","Dagger Spray+1","Noxious Fumes+1","Skewer+1","Deflect+1","Flechettes+1","Burst+1","PiercingWail+1","Envenom+1","Bouncing Flask+1","After Image+1","Choke+1","Distraction+1","Acrobatics+1","Endless Agony+1","Crippling Poison+1","Cloak And Dagger+1","Choke+1","Escape Plan+1","Die Die Die+1","Riddle With Holes+1"],"max_hp_per_floor":[70,70,70,70,70,70,70,70,70,70,70,70,70,70,70,70,70,70,35,35,35,35,35,35,35,35,35,35,35,35,35,35,35,35,35,35,35,35,35,35,35,35,35,35,35,35,35,35,35,35],"relics":["Ring of the Snake","Pen Nib","Calipers","Letter Opener","Vajra","Toxic Egg 2","Prayer Wheel","Eternal Feather","Mercury Hourglass","The Courier","Smiling Mask","Happy Flower","Philosopher\u0027s Stone","Dead Branch","Orichalcum","Whetstone","Gambling Chip","Thread and Needle","Dream Catcher"],"card_choices":[{"not_picked":["Outmaneuver","Eviscerate"],"picked":"Endless Agony","floor":1},{"not_picked":["Cloak And Dagger","Outmaneuver"],"picked":"Poisoned Stab","floor":2},{"not_picked":["Sucker Punch","Quick Slash"],"picked":"Flying Knee","floor":3},{"not_picked":["Expertise","Predator"],"picked":"Bane","floor":4},{"not_picked":["All Out Attack","Accuracy"],"picked":"Backstab","floor":7},{"not_picked":["Flechettes","Outmaneuver"],"picked":"Terror","floor":10},{"not_picked":["Acrobatics","Slice"],"picked":"Venomology","floor":11},{"not_picked":["Dodge and Roll","Acrobatics"],"picked":"Bane","floor":12},{"not_picked":["Finisher","Acrobatics"],"picked":"Dagger Spray","floor":14},{"not_picked":["Night Terror","Venomology"],"picked":"Adrenaline","floor":16},{"not_picked":["Dagger Spray","Acrobatics"],"picked":"Blur","floor":18},{"not_picked":["PiercingWail","Backflip"],"picked":"Acrobatics","floor":20},{"not_picked":["Poisoned Stab","Prepared"],"picked":"Dagger Spray","floor":21},{"not_picked":["Expertise","Masterful Stab"],"picked":"Noxious Fumes","floor":22},{"not_picked":["Dodge and Roll","Sucker Punch"],"picked":"Skewer","floor":24},{"not_picked":["Infinite Blades","Poisoned Stab"],"picked":"Deflect","floor":26},{"not_picked":["Setup","Prepared"],"picked":"Flechettes","floor":27},{"not_picked":["Dagger Throw","Prepared"],"picked":"PiercingWail","floor":29},{"not_picked":["Underhanded Strike","Bane"],"picked":"Envenom","floor":30},{"not_picked":["Deadly Poison","Cloak And Dagger"],"picked":"Bouncing Flask","floor":31},{"not_picked":["Grand Finale","Night Terror"],"picked":"After Image","floor":33},{"not_picked":["Deadly Poison","Prepared"],"picked":"Choke","floor":35},{"not_picked":["Outmaneuver","Slice"],"picked":"Distraction","floor":36},{"not_picked":["Prepared","Quick Slash"],"picked":"Acrobatics","floor":37},{"not_picked":["Finisher","Malaise"],"picked":"Endless Agony","floor":38},{"not_picked":["Dagger Throw","Caltrops"],"picked":"Crippling Poison","floor":41},{"not_picked":["Calculated Gamble","Prepared"],"picked":"Cloak And Dagger","floor":43},{"not_picked":["Sucker Punch","Backflip"],"picked":"Choke","floor":44},{"not_picked":["Accuracy","Acrobatics"],"picked":"Escape Plan","floor":45},{"not_picked":["Setup","Flying Knee"],"picked":"Die Die Die","floor":46},{"not_picked":["Backflip","Well Laid Plans"],"picked":"Riddle With Holes","floor":48}],"player_experience":90857,"potions_floor_usage":[10,14,16,18,18,22,24,24,24,27,30,31,31,33,33,33,38,38,45,46,46,46,48,50,50,50,50],"damage_taken":[{"damage":0,"enemies":"Cultist","floor":1,"turns":3},{"damage":4,"enemies":"Small Slimes","floor":2,"turns":4},{"damage":3,"enemies":"Jaw Worm","floor":3,"turns":4},{"damage":0,"enemies":"Looter","floor":4,"turns":2},{"damage":11,"enemies":"3 Sentries","floor":7,"turns":8},{"damage":4,"enemies":"Lagavulin","floor":10,"turns":4},{"damage":0,"enemies":"Large Slime","floor":11,"turns":2},{"damage":1,"enemies":"Exordium Thugs","floor":12,"turns":3},{"damage":5,"enemies":"3 Sentries","floor":14,"turns":6},{"damage":0,"enemies":"Slime Boss","floor":16,"turns":2},{"damage":2,"enemies":"Shell Parasite","floor":18,"turns":3},{"damage":0,"enemies":"Spheric Guardian","floor":20,"turns":3},{"damage":0,"enemies":"Snecko","floor":21,"turns":4},{"damage":2,"enemies":"Centurion and Healer","floor":22,"turns":5},{"damage":18,"enemies":"Slavers","floor":24,"turns":4},{"damage":0,"enemies":"Gremlin Leader","floor":27,"turns":4},{"damage":0,"enemies":"Snake Plant","floor":29,"turns":4},{"damage":6,"enemies":"Slaver and Parasite","floor":30,"turns":4},{"damage":0,"enemies":"Sentry and Sphere","floor":31,"turns":4},{"damage":0,"enemies":"Collector","floor":33,"turns":7},{"damage":1,"enemies":"3 Shapes","floor":35,"turns":3},{"damage":1,"enemies":"Orb Walker","floor":36,"turns":3},{"damage":0,"enemies":"3 Darklings","floor":37,"turns":3},{"damage":26,"enemies":"Sphere and 2 Shapes","floor":38,"turns":4},{"damage":0,"enemies":"2 Orb Walkers","floor":41,"turns":4},{"damage":0,"enemies":"Mysterious Sphere","floor":44,"turns":1},{"damage":0,"enemies":"Maw","floor":45,"turns":5},{"damage":0,"enemies":"Giant Head","floor":46,"turns":5},{"damage":0,"enemies":"Nemesis","floor":48,"turns":3},{"damage":0,"enemies":"Time Eater","floor":50,"turns":8}],"event_choices":[{"event_name":"Golden Wing","player_choice":"Ignored","floor":5,"damage_taken":0},{"event_name":"Ghosts","player_choice":"Became a Ghost","floor":19,"damage_taken":0},{"event_name":"Mysterious Sphere","player_choice":"Fight","floor":44,"damage_taken":0}],"boss_relics":[{"not_picked":["Sozu","Calling Bell"],"picked":"Eternal Feather"},{"not_picked":["Runic Dome","Snecko Eye"],"picked":"Philosopher\u0027s Stone"}],"potions_floor_spawned":[1,3,10,12,20,27,30,31,33,37,38,44,46,48],"seed_played":"3301904972047519176","ascension_level":2,"is_trial":false}