{"gold_per_floor":[12,27,27,2,2,2,14,14,14,43,43],"floor_reached":11,"playtime":860,"items_purged":[],"score":142,"play_id":"4d8d6bd1-6309-45de-86db-2b1e0fd415f5","local_time":"20190507181818","is_ascension_mode":true,"campfire_choices":[{"data":"Choke","floor":6,"key":"SMITH"},{"data":"Dagger Spray","floor":8,"key":"SMITH"}],"neow_cost":"NO_GOLD","seed_source_timestamp":24530517660572,"circlet_count":0,"master_deck":["AscendersBane","Defend_G","Defend_G+1","Defend_G","Defend_G","Defend_G","Strike_G","Strike_G","Strike_G","Strike_G","Survivor","Neutralize+1","Choke+1","Well Laid Plans+1","Sucker Punch+1","Dagger Spray+1","Crippling Poison"],"relics":["Ring of the Snake","Boot","Whetstone"],"potions_floor_usage":[2],"damage_taken":[{"damage":7,"enemies":"Cultist","floor":1,"turns":6},{"damage":0,"enemies":"Jaw Worm","floor":2,"turns":3},{"damage":0,"enemies":"Small Slimes","floor":7,"turns":2},{"damage":24,"enemies":"Gremlin Nob","floor":10,"turns":4},{"damage":12,"enemies":"Exordium Thugs","floor":11,"turns":3}],"seed_played":"3977152527962189257","potions_obtained":[{"floor":1,"key":"Energy Potion"}],"is_trial":false,"path_per_floor":["M","M","?","$","?","R","M","R","T","E","M"],"character_chosen":"THE_SILENT","items_purchased":["Sucker Punch"],"campfire_rested":0,"item_purchase_floors":[4],"current_hp_per_floor":[64,64,41,41,34,34,34,34,34,10,0],"gold":43,"neow_bonus":"TWENTY_PERCENT_HP_BONUS","is_prod":false,"is_daily":false,"chose_seed":false,"campfire_upgraded":2,"win_rate":0,"timestamp":1557245898,"path_taken":["M","?","?","?","?","R","M","R","T","E","M"],"build_version":"2019-01-23","purchased_purges":0,"victory":false,"max_hp_per_floor":[78,78,78,78,78,78,78,78,78,78,78],"card_choices":[{"not_picked":["Setup","Acrobatics"],"picked":"Choke","floor":1},{"not_picked":["Flying Knee","Bane"],"picked":"Well Laid Plans","floor":2},{"not_picked":["Slice","Prepared"],"picked":"Dagger Spray","floor":7},{"not_picked":["Dodge and Roll","Dagger Spray"],"picked":"Crippling Poison","floor":10}],"player_experience":1668749,"relics_obtained":[{"floor":9,"key":"Boot"},{"floor":10,"key":"Whetstone"}],"event_choices":[{"damage_healed":0,"gold_gain":0,"player_choice":"Entered Light","damage_taken":23,"max_hp_gain":0,"max_hp_loss":0,"event_name":"Shining Light","floor":3,"gold_loss":0,"cards_upgraded":["Well Laid Plans","Defend_G"]},{"cards_removed":["Strike_G"],"damage_healed":0,"gold_gain":0,"player_choice":"Card Removal","damage_taken":7,"max_hp_gain":0,"max_hp_loss":0,"event_name":"Golden Wing","floor":5,"gold_loss":0}],"is_beta":false,"boss_relics":[],"items_purged_floors":[],"is_endless":false,"potions_floor_spawned":[1],"killed_by":"Exordium Thugs","ascension_level":20}