{"gold_per_floor":[119,42,42,42,53,82,94,121,121,136,136,167,196,206,206,285,285,300,320,320,338,94,94,13,42,69,86,86,86,86,97,97,97],"floor_reached":33,"playtime":1625,"items_purged":["Strike_B"],"score":637,"play_id":"04974af2-6ff4-484e-9bbc-6227814dcc14","local_time":"20181120230001","is_ascension_mode":true,"campfire_choices":[{"data":"Buffer","floor":11,"key":"SMITH"},{"floor":15,"key":"REST"},{"data":"Double Energy","floor":23,"key":"SMITH"},{"data":"RitualDagger","floor":29,"key":"SMITH"},{"floor":32,"key":"REST"}],"neow_cost":"NONE","seed_source_timestamp":52642654200535,"circlet_count":0,"master_deck":["AscendersBane","Strike_B","Strike_B+1","Defend_B","Defend_B","Defend_B","Defend_B","Zap","Dualcast","Ball Lightning+1","Glacier","Coolheaded","Sunder","Hologram","Buffer+1","Reinforced Body","Loop","Electrodynamics","Double Energy+1","Ball Lightning+1","All For One","Coolheaded","FTL","RitualDagger+1","Fusion"],"relics":["Cracked Core","NeowsBlessing","Art of War","Incense Burner","Singing Bowl","Gambling Chip","Odd Mushroom","Sozu","Whetstone","Bag of Marbles","Omamori","CultistMask"],"potions_floor_usage":[12,21,25],"damage_taken":[{"damage":0,"enemies":"Cultist","floor":1,"turns":1},{"damage":0,"enemies":"Small Slimes","floor":5,"turns":1},{"damage":0,"enemies":"Gremlin Nob","floor":6,"turns":1},{"damage":0,"enemies":"Jaw Worm","floor":7,"turns":4},{"damage":31,"enemies":"Lagavulin","floor":8,"turns":10},{"damage":17,"enemies":"Lots of Slimes","floor":10,"turns":4},{"damage":0,"enemies":"3 Sentries","floor":12,"turns":10},{"damage":8,"enemies":"The Mushroom Lair","floor":13,"turns":3},{"damage":11,"enemies":"Exordium Wildlife","floor":14,"turns":3},{"damage":2,"enemies":"The Guardian","floor":16,"turns":14},{"damage":0,"enemies":"Spheric Guardian","floor":18,"turns":5},{"damage":0,"enemies":"Shell Parasite","floor":19,"turns":6},{"damage":0,"enemies":"Sentry and Sphere","floor":21,"turns":5},{"damage":35,"enemies":"Book of Stabbing","floor":25,"turns":6},{"damage":6,"enemies":"Snecko","floor":27,"turns":5},{"damage":0,"enemies":"Centurion and Healer","floor":31,"turns":8},{"damage":56,"enemies":"Champ","floor":33,"turns":16}],"seed_played":"-2868985641854347365","potions_obtained":[{"floor":1,"key":"Energy Potion"},{"floor":5,"key":"FocusPotion"},{"floor":16,"key":"Explosive Potion"}],"is_trial":false,"path_per_floor":["M","$","?","$","M","E","M","E","T","M","R","E","?","M","R","B",null,"M","M","?","M","$","R","$","E","T","M","?","R","?","M","R","B"],"character_chosen":"DEFECT","items_purchased":["Glacier","Whetstone","FTL"],"campfire_rested":2,"item_purchase_floors":[2,22,24],"current_hp_per_floor":[64,64,69,69,69,69,69,38,38,23,23,25,17,6,30,28,67,67,67,67,67,67,67,67,34,34,30,24,24,24,24,49,0],"gold":97,"neow_bonus":"THREE_ENEMY_KILL","is_prod":false,"is_daily":false,"chose_seed":false,"campfire_upgraded":3,"win_rate":0,"timestamp":1542751201,"path_taken":["M","$","?","$","M","E","M","E","T","M","R","E","?","M","R","BOSS","M","M","?","M","$","R","?","E","T","M","?","R","?","?","R","BOSS"],"build_version":"2018-11-15","purchased_purges":1,"victory":false,"max_hp_per_floor":[71,71,76,76,76,76,76,76,76,78,78,80,80,80,80,80,80,80,80,80,80,80,80,80,82,82,84,84,84,84,84,84,84],"card_choices":[{"not_picked":["Doom and Gloom","Glacier"],"picked":"Ball Lightning","floor":1},{"not_picked":["Consume","Streamline"],"picked":"Coolheaded","floor":5},{"not_picked":["FTL","Hologram"],"picked":"Sunder","floor":6},{"not_picked":["Barrage","Meteor Strike"],"picked":"Hologram","floor":7},{"not_picked":["Cold Snap","Steam Power"],"picked":"Buffer","floor":8},{"not_picked":["Consume","Reprogram","Glacier"],"picked":"Singing Bowl","floor":10},{"not_picked":["BootSequence","Stack","Barrage"],"picked":"Singing Bowl","floor":12},{"not_picked":["Capacitor","Steam"],"picked":"Reinforced Body","floor":13},{"not_picked":["Leap","Lockon"],"picked":"Loop","floor":14},{"not_picked":["Rainbow","Core Surge"],"picked":"Electrodynamics","floor":16},{"not_picked":["Aggregate+1","Cold Snap"],"picked":"Double Energy","floor":18},{"not_picked":["Streamline","Scrape"],"picked":"Ball Lightning+1","floor":19},{"not_picked":["Ball Lightning","Melter"],"picked":"Coolheaded","floor":21},{"not_picked":["Heatsinks","Barrage","Skim"],"picked":"Singing Bowl","floor":25},{"not_picked":["Gash","Lockon","Leap"],"picked":"Singing Bowl","floor":27},{"not_picked":["Steam","Cold Snap"],"picked":"Fusion","floor":31}],"player_experience":849173,"relics_obtained":[{"floor":6,"key":"Art of War"},{"floor":8,"key":"Incense Burner"},{"floor":9,"key":"Singing Bowl"},{"floor":12,"key":"Gambling Chip"},{"floor":13,"key":"Odd Mushroom"},{"floor":25,"key":"Bag of Marbles"},{"floor":26,"key":"Omamori"}],"event_choices":[{"damage_healed":0,"gold_gain":0,"player_choice":"Donut","damage_taken":0,"max_hp_gain":5,"max_hp_loss":0,"event_name":"Big Fish","floor":3,"gold_loss":0},{"damage_healed":0,"gold_gain":0,"player_choice":"Fought Mushrooms","damage_taken":0,"max_hp_gain":0,"max_hp_loss":0,"event_name":"Mushrooms","floor":13,"gold_loss":0},{"damage_healed":0,"gold_gain":0,"cards_transformed":["Strike_B"],"player_choice":"Transformed","damage_taken":0,"max_hp_gain":0,"max_hp_loss":0,"event_name":"Transmorgrifier","floor":20,"gold_loss":0,"cards_obtained":["All For One"]},{"damage_healed":0,"gold_gain":0,"player_choice":"Joined the Cult","damage_taken":6,"max_hp_gain":0,"max_hp_loss":0,"event_name":"Nest","floor":28,"gold_loss":0,"cards_obtained":["RitualDagger"]},{"damage_healed":0,"gold_gain":0,"player_choice":"Trade","damage_taken":0,"relics_obtained":["CultistMask"],"max_hp_gain":0,"max_hp_loss":0,"event_name":"FaceTrader","floor":30,"gold_loss":0}],"is_beta":true,"boss_relics":[{"not_picked":["White Beast Statue","Fusion Hammer"],"picked":"Sozu"}],"items_purged_floors":[22],"is_endless":false,"potions_floor_spawned":[1,5,10,16,19,27,31],"killed_by":"Champ","ascension_level":18}