{"gold_per_floor":[209,222,241,251,206,206,217,230,230,248,268,283,294,294],"floor_reached":14,"playtime":348,"items_purged":[],"score":90,"play_id":"7d697d2a-0ff2-4682-92f3-53d4b240ae77","local_time":"20190707021745","is_ascension_mode":false,"campfire_choices":[{"data":"Sunder","floor":6,"key":"SMITH"}],"neow_cost":"NONE","seed_source_timestamp":1742886056813807,"circlet_count":0,"master_deck":["Strike_B","Strike_B","Strike_B","Strike_B","Defend_B","Defend_B","Defend_B","Defend_B","Zap","Dualcast","Ball Lightning","Sunder+1","Cold Snap","Streamline","Ball Lightning","Storm","Beam Cell","Thunder Strike","Leap","Capacitor+1","Cold Snap"],"relics":["Cracked Core","Frozen Egg 2"],"potions_floor_usage":[14],"damage_taken":[{"damage":1,"enemies":"Cultist","floor":1,"turns":3},{"damage":0,"enemies":"2 Louse","floor":2,"turns":2},{"damage":11,"enemies":"Jaw Worm","floor":3,"turns":2},{"damage":1,"enemies":"2 Fungi Beasts","floor":4,"turns":2},{"damage":12,"enemies":"Blue Slaver","floor":7,"turns":3},{"damage":10,"enemies":"Exordium Wildlife","floor":8,"turns":3},{"damage":1,"enemies":"3 Louse","floor":10,"turns":2},{"damage":8,"enemies":"Red Slaver","floor":11,"turns":2},{"damage":5,"enemies":"2 Fungi Beasts","floor":12,"turns":3},{"damage":15,"enemies":"3 Louse","floor":13,"turns":3},{"damage":14,"enemies":"3 Sentries","floor":14,"turns":2}],"seed_played":"-9206032931076563931","potions_obtained":[{"floor":3,"key":"SkillPotion"},{"floor":7,"key":"Energy Potion"},{"floor":11,"key":"Block Potion"}],"is_trial":false,"path_per_floor":["M","M","M","M","$","R","M","M","T","M","M","M","M","E"],"character_chosen":"DEFECT","items_purchased":["Ball Lightning"],"campfire_rested":0,"item_purchase_floors":[5],"current_hp_per_floor":[74,74,63,62,62,62,50,40,40,39,31,26,11,0],"gold":294,"neow_bonus":"HUNDRED_GOLD","is_prod":false,"is_daily":false,"chose_seed":false,"campfire_upgraded":1,"win_rate":0,"timestamp":1562433465,"path_taken":["M","M","?","M","$","R","M","M","T","?","M","M","M","E"],"build_version":"2019-07-05","purchased_purges":0,"victory":false,"max_hp_per_floor":[75,75,75,75,75,75,75,75,75,75,75,75,75,75],"card_choices":[{"not_picked":["Cold Snap","Rebound"],"picked":"Ball Lightning","floor":1},{"not_picked":["Stack","Loop"],"picked":"Sunder","floor":2},{"not_picked":["Reinforced Body","Stack"],"picked":"Cold Snap","floor":3},{"not_picked":["Barrage","Beam Cell"],"picked":"Streamline","floor":4},{"not_picked":["Reprogram","BootSequence"],"picked":"Storm","floor":7},{"not_picked":["Aggregate","Darkness"],"picked":"Beam Cell","floor":8},{"not_picked":["Sweeping Beam","Cold Snap"],"picked":"Thunder Strike","floor":10},{"not_picked":["Hologram","Stack"],"picked":"Leap","floor":11},{"not_picked":["Ball Lightning","Hello World+1"],"picked":"Capacitor+1","floor":12},{"not_picked":["Rebound","Biased Cognition+1"],"picked":"Cold Snap","floor":13}],"player_experience":210136,"relics_obtained":[{"floor":9,"key":"Frozen Egg 2"}],"event_choices":[],"is_beta":false,"boss_relics":[],"items_purged_floors":[],"is_endless":false,"potions_floor_spawned":[3,7,11],"killed_by":"3 Sentries","ascension_level":0}