{"gold_per_floor":[109,125,125,141,152,184,184,204,204,204,234,234,409,419,419,515,515,534,553,553,3,23,23,48,48,48,82,82,82,101,117,117,214,214,229,243,243,47,57,57,357,357,357,357,387,76,176,192,192,192],"floor_reached":51,"playtime":3131,"items_purged":["Writhe"],"score":800,"play_id":"38d7a70c-f4c7-479b-83e9-934128610cb0","local_time":"20191001171857","is_ascension_mode":false,"campfire_choices":[{"data":"Inflame","floor":7,"key":"SMITH"},{"data":"Flame Barrier","floor":15,"key":"SMITH"},{"data":"Inflame","floor":23,"key":"SMITH"},{"data":"Armaments","floor":25,"key":"SMITH"},{"data":"Shockwave","floor":32,"key":"SMITH"},{"data":"Heavy Blade","floor":40,"key":"SMITH"},{"data":"Limit Break","floor":42,"key":"SMITH"},{"data":"Whirlwind","floor":49,"key":"SMITH"}],"neow_cost":"NONE","seed_source_timestamp":1570004655076000,"circlet_count":0,"master_deck":["Strike_R","Strike_R","Strike_R","Strike_R","Strike_R","Defend_R","Defend_R","Defend_R","Bash","Inflame+1","Thunderclap","Anger+1","Pommel Strike","Flame Barrier+1","Battle Trance","Reaper","Doubt","True Grit","Reaper","Warcry+1","Sword Boomerang+1","Inflame+1","Carnage","Whirlwind+1","Heavy Blade+1","Armaments+1","Shockwave+1","Ghostly","Ghostly","Ghostly","Ghostly","Ghostly","Shame","Wild Strike","Anger","Limit Break+1","True Grit","Disarm+1","Madness+1","Madness+1","Searing Blow+1","Double Tap+1","Seeing Red+1"],"relics":["Burning Blood","NeowsBlessing","Question Card","Eternal Feather","Oddly Smooth Stone","Blue Candle","Coffee Dripper","Turnip","Ornamental Fan","Potion Belt","Darkstone Periapt","Frozen Egg 2","Matryoshka","Busted Crown","Anchor","Toxic Egg 2","Old Coin","Paper Frog","White Beast Statue","Lantern","Ice Cream"],"potions_floor_usage":[5,6,14,24,27,30,33,39,45,47,47,47,50],"damage_taken":[{"damage":0,"enemies":"Small Slimes","floor":1,"turns":1},{"damage":0,"enemies":"Cultist","floor":2,"turns":1},{"damage":0,"enemies":"2 Louse","floor":4,"turns":1},{"damage":14,"enemies":"Blue Slaver","floor":5,"turns":3},{"damage":25,"enemies":"Gremlin Nob","floor":6,"turns":4},{"damage":0,"enemies":"Looter","floor":8,"turns":4},{"damage":19,"enemies":"Lagavulin","floor":11,"turns":5},{"damage":1,"enemies":"Large Slime","floor":14,"turns":5},{"damage":41,"enemies":"The Guardian","floor":16,"turns":10},{"damage":21,"enemies":"Spheric Guardian","floor":18,"turns":4},{"damage":22,"enemies":"3 Byrds","floor":19,"turns":5},{"damage":18,"enemies":"Snake Plant","floor":22,"turns":3},{"damage":57,"enemies":"Slavers","floor":24,"turns":4},{"damage":20,"enemies":"Gremlin Leader","floor":27,"turns":6},{"damage":3,"enemies":"Centurion and Healer","floor":30,"turns":6},{"damage":26,"enemies":"Chosen and Byrds","floor":31,"turns":7},{"damage":37,"enemies":"Collector","floor":33,"turns":8},{"damage":18,"enemies":"3 Darklings","floor":35,"turns":4},{"damage":32,"enemies":"3 Shapes","floor":36,"turns":4},{"damage":0,"enemies":"Transient","floor":39,"turns":5},{"damage":10,"enemies":"Nemesis","floor":45,"turns":7},{"damage":22,"enemies":"Mind Bloom Boss Battle","floor":47,"turns":9},{"damage":9,"enemies":"Maw","floor":48,"turns":7},{"damage":27,"enemies":"Donu and Deca","floor":50,"turns":8}],"seed_played":"1137267089797948183","potions_obtained":[{"floor":1,"key":"Dexterity Potion"},{"floor":4,"key":"SteroidPotion"},{"floor":11,"key":"Dexterity Potion"},{"floor":14,"key":"Ancient Potion"},{"floor":22,"key":"Fire Potion"},{"floor":24,"key":"Swift Potion"},{"floor":27,"key":"PowerPotion"},{"floor":31,"key":"SpeedPotion"},{"floor":35,"key":"Energy Potion"},{"floor":36,"key":"AttackPotion"},{"floor":45,"key":"SpeedPotion"},{"floor":47,"key":"Ancient Potion"},{"floor":48,"key":"ElixirPotion"}],"is_trial":false,"path_per_floor":["M","M","?","M","M","E","R","M","T","?","E","?","?","M","R","B",null,"M","M","?","$","M","R","E","R","T","E","?","?","M","M","R","B",null,"M","M","?","$","M","R","T","R","T","?","E","$","?","M","R","B",null],"character_chosen":"IRONCLAD","items_purchased":["Inflame","Ornamental Fan","Carnage","Whirlwind","Anchor","SteroidPotion","Double Tap+1","Lantern"],"campfire_rested":0,"item_purchase_floors":[21,21,21,21,38,38,46,46],"current_hp_per_floor":[80,80,80,80,72,53,53,59,59,59,46,46,46,55,64,36,80,65,61,61,61,49,64,54,69,69,74,40,46,46,41,46,36,46,40,14,14,14,26,46,46,46,46,40,46,46,46,46,46,26],"gold":192,"neow_bonus":"THREE_ENEMY_KILL","is_prod":false,"is_daily":false,"chose_seed":false,"campfire_upgraded":8,"win_rate":0.0,"timestamp":1569964737,"path_taken":["M","M","?","?","M","E","R","M","T","?","E","?","?","M","R","BOSS","M","M","?","$","M","R","E","R","T","E","?","?","M","M","R","BOSS","M","M","?","$","M","R","?","R","T","?","E","?","?","?","R","BOSS"],"build_version":"2019-10-01","purchased_purges":1,"victory":true,"max_hp_per_floor":[80,80,80,80,80,80,80,80,80,80,80,80,80,80,80,80,80,80,80,80,80,80,80,80,80,80,80,40,46,46,46,46,46,46,46,46,46,46,46,46,46,46,46,46,46,46,46,46,46,46],"card_choices":[{"not_picked":["Hemokinesis","Sentinel"],"picked":"Inflame","floor":1},{"not_picked":["Shrug It Off","Feel No Pain"],"picked":"Thunderclap","floor":2},{"not_picked":["Inflame","Clothesline"],"picked":"Anger","floor":4},{"not_picked":["Armaments","Uppercut"],"picked":"Pommel Strike","floor":5},{"not_picked":["Shrug It Off","Corruption"],"picked":"Flame Barrier","floor":6},{"not_picked":["Metallicize","Rupture","Burning Pact"],"picked":"Battle Trance","floor":8},{"not_picked":["Bludgeon","Pommel Strike","Rampage"],"picked":"Reaper","floor":11},{"not_picked":["Headbutt","Anger","Corruption"],"picked":"True Grit","floor":14},{"not_picked":["Exhume","Feed","Impervious"],"picked":"Reaper","floor":16},{"not_picked":["Anger","Sentinel","Feel No Pain"],"picked":"Warcry+1","floor":18},{"not_picked":["Pommel Strike","Iron Wave","Headbutt"],"picked":"Sword Boomerang+1","floor":19},{"not_picked":["Armaments","Combust","Havoc+1"],"picked":"Heavy Blade","floor":22},{"not_picked":["Clothesline","Exhume","Metallicize"],"picked":"Armaments","floor":24},{"not_picked":["Rampage","Pommel Strike","Havoc+1"],"picked":"Shockwave","floor":27},{"not_picked":["Corruption+1","Pommel Strike","Sever Soul"],"picked":"Wild Strike","floor":30},{"not_picked":["Havoc+1","Reckless Charge","Bludgeon"],"picked":"Anger","floor":31},{"not_picked":["Bludgeon","Reaper","Berserk+1"],"picked":"Limit Break","floor":33},{"not_picked":["Anger"],"picked":"True Grit","floor":35},{"not_picked":["True Grit","Sentinel+1"],"picked":"SKIP","floor":36},{"not_picked":["Sword Boomerang"],"picked":"Disarm+1","floor":39},{"not_picked":["Clash+1"],"picked":"Searing Blow+1","floor":45},{"not_picked":["Feel No Pain+1"],"picked":"Seeing Red+1","floor":47},{"not_picked":["Body Slam+1","Hemokinesis+1"],"picked":"SKIP","floor":48}],"player_experience":158687,"relics_obtained":[{"floor":6,"key":"Question Card"},{"floor":9,"key":"Eternal Feather"},{"floor":11,"key":"Oddly Smooth Stone"},{"floor":24,"key":"Potion Belt"},{"floor":26,"key":"Darkstone Periapt"},{"floor":27,"key":"Frozen Egg 2"},{"floor":41,"key":"Toxic Egg 2"},{"floor":41,"key":"Old Coin"},{"floor":43,"key":"Paper Frog"},{"floor":45,"key":"White Beast Statue"},{"floor":47,"key":"Ice Cream"}],"event_choices":[{"cards_removed":["Defend_R"],"damage_healed":0,"gold_gain":0,"player_choice":"Purged","damage_taken":0,"max_hp_gain":0,"max_hp_loss":0,"event_name":"Purifier","floor":3,"gold_loss":0},{"damage_healed":0,"gold_gain":0,"player_choice":"Grow","damage_taken":0,"max_hp_gain":0,"max_hp_loss":0,"event_name":"Living Wall","floor":10,"gold_loss":0,"cards_upgraded":["Anger"]},{"damage_healed":0,"gold_gain":0,"player_choice":"Searched \u00272\u0027 times","damage_taken":0,"relics_obtained":["Blue Candle"],"max_hp_gain":0,"max_hp_loss":0,"event_name":"Dead Adventurer","floor":12,"gold_loss":0},{"damage_healed":0,"gold_gain":175,"player_choice":"AGREE","damage_taken":0,"max_hp_gain":0,"max_hp_loss":0,"event_name":"Liars Game","floor":13,"gold_loss":0,"cards_obtained":["Doubt"]},{"damage_healed":0,"gold_gain":0,"player_choice":"Opened","damage_taken":0,"relics_obtained":["Turnip"],"max_hp_gain":0,"max_hp_loss":0,"event_name":"The Mausoleum","floor":20,"gold_loss":0,"cards_obtained":["Writhe"]},{"damage_healed":0,"gold_gain":0,"player_choice":"Became a Ghost","damage_taken":0,"max_hp_gain":0,"max_hp_loss":40,"event_name":"Ghosts","floor":28,"gold_loss":0,"cards_obtained":["Ghostly","Ghostly","Ghostly","Ghostly","Ghostly"]},{"damage_healed":0,"gold_gain":0,"player_choice":"Stole Relic","damage_taken":0,"relics_obtained":["Matryoshka"],"max_hp_gain":0,"max_hp_loss":0,"event_name":"Addict","floor":29,"gold_loss":0,"cards_obtained":["Shame"]},{"damage_healed":0,"gold_gain":0,"player_choice":"Ignored","damage_taken":0,"max_hp_gain":0,"max_hp_loss":0,"event_name":"The Moai Head","floor":37,"gold_loss":0},{"damage_healed":0,"gold_gain":0,"player_choice":"Embrace Madness","damage_taken":6,"max_hp_gain":0,"max_hp_loss":0,"event_name":"Winding Halls","floor":44,"gold_loss":0,"cards_obtained":["Madness","Madness"]},{"damage_healed":0,"gold_gain":0,"player_choice":"Fight","damage_taken":0,"max_hp_gain":0,"max_hp_loss":0,"event_name":"MindBloom","floor":47,"gold_loss":0}],"is_beta":true,"boss_relics":[{"not_picked":["Astrolabe","Pandora\u0027s Box"],"picked":"Coffee Dripper"},{"not_picked":["Tiny House","Mark of Pain"],"picked":"Busted Crown"}],"items_purged_floors":[21],"is_endless":false,"potions_floor_spawned":[1,4,11,14,22,24,27,31,35,36,45,47,48],"ascension_level":0}