{"path_per_floor":["M","?","M","M","M","R","E","R","T","M","$","?","M","E","R","B",null,"M","?","M","M","?","R","E","R","T","R","M","?","M","E","R","B",null,"M","M","$","?","$","M","M","E","T","R","E","R","M","E","R","B"],"character_chosen":"DEFECT","items_purchased":["Static Discharge","Art of War","Core Surge","Hello World","Mummified Hand"],"gold_per_floor":[115,115,130,148,167,167,193,193,217,235,10,10,25,56,56,152,152,169,169,188,202,234,234,266,266,315,315,327,327,341,376,376,476,476,496,508,272,272,10,28,38,69,69,69,95,95,109,136,136,136],"floor_reached":51,"campfire_rested":1,"playtime":3136,"item_purchase_floors":[],"current_hp_per_floor":[68,61,54,53,53,53,22,22,22,21,21,75,75,36,36,22,75,53,53,56,53,25,47,31,31,31,31,44,44,59,72,72,39,75,75,75,75,75,75,75,75,75,75,75,75,75,75,75,75,75],"items_purged":[],"gold":136,"score":955,"play_id":"20784077-50f1-4742-8764-c7112e444245","local_time":"20180605145909","is_prod":false,"is_daily":false,"chose_seed":false,"is_ascension_mode":true,"campfire_upgraded":9,"win_rate":0,"timestamp":1528203549,"campfire_choices":[{"data":"Zap","floor":6.0,"key":"SMITH"},{"data":"Self Repair","floor":8.0,"key":"SMITH"},{"data":"Static Discharge","floor":15.0,"key":"SMITH"},{"floor":23.0,"key":"REST"},{"data":"Dualcast","floor":25.0,"key":"SMITH"},{"data":"Zap","floor":27.0,"key":"SMITH"},{"data":"Loop","floor":32.0,"key":"SMITH"},{"data":"Hello World","floor":44,"key":"SMITH"},{"data":"Echo Form","floor":46,"key":"SMITH"},{"data":"Capacitor","floor":49,"key":"SMITH"}],"path_taken":["M","?","M","M","M","R","E","R","T","M","$","?","M","E","R","BOSS","M","?","?","M","?","R","E","R","T","R","M","?","M","E","R","BOSS","M","M","$","?","$","M","M","E","T","R","E","R","M","E","R","BOSS"],"build_version":"2018-06-04v2","seed_source_timestamp":0,"purchased_purges":0,"victory":true,"master_deck":["Strike_B","Strike_B","Strike_B+1","Strike_B","Defend_B","Defend_B","Defend_B","Zap+1","Dualcast+1","Fusion","Cold Snap+1","Blizzard","Self Repair+1","Steam","Static Discharge+1","Genetic Algorithm+1","All For One","Buffer+1","Capacitor+1","Zap+1","Loop+1","Coolheaded","Self Repair","Glacier","Self Repair+1","Rip and Tear","Static Discharge+1","Echo Form+1","Rebound+1","Core Surge","Hello World+1","Double Energy+1","Darkness+1","Seek+1","Stack+1","Hyperbeam"],"max_hp_per_floor":[75,75,75,75,75,75,75,75,75,75,75,75,75,75,75,75,75,75,75,75,75,75,75,75,75,75,75,75,75,75,75,75,75,75,75,75,75,75,75,75,75,75,75,75,75,75,75,75,75,75],"relics":["Cracked Core","Bird Faced Urn","Ancient Tea Set","Omamori","Art of War","Oddly Smooth Stone","Nuclear Battery","Red Mask","Bag of Preparation","Whetstone","Symbiotic Virus","Runic Dome","Mummified Hand","Dream Catcher","War Paint","Bottled Tornado","Potion Belt"],"card_choices":[{"not_picked":["Stack","Steam"],"picked":"Fusion","floor":1.0},{"not_picked":["Stack","Rebound"],"picked":"Force Field","floor":3.0},{"not_picked":["Turbo","Conserve Battery"],"picked":"Cold Snap","floor":4.0},{"not_picked":["Coolheaded","Hologram"],"picked":"Blizzard","floor":5.0},{"not_picked":["BootSequence","Fission"],"picked":"Self Repair","floor":7.0},{"not_picked":["Barrage","Steam Power"],"picked":"Steam","floor":10.0},{"not_picked":["Conserve Battery","Stack"],"picked":"Genetic Algorithm","floor":13.0},{"not_picked":["Aggregate","Chill"],"picked":"All For One","floor":14.0},{"not_picked":["All For One","Multi-Cast"],"picked":"Buffer","floor":16.0},{"not_picked":["Compile Driver","Streamline+1"],"picked":"Capacitor","floor":18.0},{"not_picked":["Cold Snap","Hello World"],"picked":"Loop","floor":20.0},{"not_picked":["Beam Cell","Streamline+1"],"picked":"Coolheaded","floor":21.0},{"not_picked":["Gash","Sweeping Beam"],"picked":"Self Repair","floor":22.0},{"not_picked":["Recycle","Rip and Tear"],"picked":"Glacier","floor":24.0},{"not_picked":["Sweeping Beam","Aggregate"],"picked":"Self Repair+1","floor":28.0},{"not_picked":["Glacier","Leap"],"picked":"Rip and Tear","floor":30.0},{"not_picked":["Rainbow","Turbo"],"picked":"Static Discharge+1","floor":31.0},{"not_picked":["Hyperbeam","Amplify"],"picked":"Echo Form","floor":33.0},{"not_picked":["Barrage","Redo"],"picked":"Rebound+1","floor":35},{"not_picked":["Reinforced Body","Cold Snap","Conserve Battery"],"picked":"SKIP","floor":36},{"not_picked":["Reinforced Body","Coolheaded"],"picked":"Double Energy+1","floor":40},{"not_picked":["Steam+1","Barrage"],"picked":"Darkness+1","floor":41},{"not_picked":["Streamline+1","Fusion+1"],"picked":"Seek","floor":42},{"not_picked":["Gash","Beam Cell"],"picked":"Stack+1","floor":45},{"not_picked":["Streamline+1","Genetic Algorithm+1","Compile Driver"],"picked":"SKIP","floor":47},{"not_picked":["Turbo+1","Redo"],"picked":"Hyperbeam","floor":48}],"player_experience":274349,"potions_floor_usage":[41,41,47,50],"damage_taken":[{"damage":7.0,"enemies":"Jaw Worm","floor":1.0,"turns":3.0},{"damage":7.0,"enemies":"Small Slimes","floor":3.0,"turns":3.0},{"damage":1.0,"enemies":"Cultist","floor":4.0,"turns":3.0},{"damage":0.0,"enemies":"3 Louse","floor":5.0,"turns":3.0},{"damage":31.0,"enemies":"Lagavulin","floor":7.0,"turns":7.0},{"damage":13.0,"enemies":"Gremlin Gang","floor":10.0,"turns":5.0},{"damage":12.0,"enemies":"2 Fungi Beasts","floor":13.0,"turns":4.0},{"damage":53.0,"enemies":"3 Sentries","floor":14.0,"turns":8.0},{"damage":28.0,"enemies":"The Guardian","floor":16.0,"turns":8.0},{"damage":38.0,"enemies":"Shell Parasite","floor":18.0,"turns":5.0},{"damage":15.0,"enemies":"Spheric Guardian","floor":20.0,"turns":4.0},{"damage":23.0,"enemies":"Centurion and Healer","floor":21.0,"turns":8.0},{"damage":46.0,"enemies":"Masked Bandits","floor":22.0,"turns":5.0},{"damage":45.0,"enemies":"Book of Stabbing","floor":24.0,"turns":5.0},{"damage":16.0,"enemies":"3 Cultists","floor":28.0,"turns":5.0},{"damage":26.0,"enemies":"Sentry and Sphere","floor":30.0,"turns":6.0},{"damage":16.0,"enemies":"Slavers","floor":31.0,"turns":8.0},{"damage":67.0,"enemies":"Collector","floor":33.0,"turns":14.0},{"damage":0,"enemies":"Orb Walker","floor":35,"turns":3},{"damage":30,"enemies":"Flame Bruiser 1 Orb","floor":36,"turns":5},{"damage":24,"enemies":"Spire Growth","floor":40,"turns":6},{"damage":13,"enemies":"4 Shapes","floor":41,"turns":7},{"damage":14,"enemies":"Nemesis","floor":42,"turns":7},{"damage":0,"enemies":"Giant Head","floor":45,"turns":9},{"damage":12,"enemies":"Flame Bruiser 2 Orb","floor":47,"turns":4},{"damage":46,"enemies":"Nemesis","floor":48,"turns":7},{"damage":16,"enemies":"Time Eater","floor":50,"turns":7}],"relics_obtained":[{"floor":7.0,"key":"Ancient Tea Set"},{"floor":9.0,"key":"Omamori"},{"floor":14.0,"key":"Oddly Smooth Stone"},{"floor":22.0,"key":"Red Mask"},{"floor":24.0,"key":"Bag of Preparation"},{"floor":26.0,"key":"Whetstone"},{"floor":31.0,"key":"Symbiotic Virus"},{"floor":42,"key":"Dream Catcher"},{"floor":43,"key":"War Paint"},{"floor":45,"key":"Bottled Tornado"},{"floor":48,"key":"Potion Belt"}],"event_choices":[{"event_name":"Golden Wing","player_choice":"Card Removal","floor":2.0,"damage_taken":0.0},{"event_name":"Bonfire Elementals","player_choice":"UNCOMMON","floor":12.0,"damage_taken":0.0},{"event_name":"Match and Keep!","player_choice":"1 cards matched","floor":19.0,"damage_taken":0.0},{"event_name":"Masked Bandits","player_choice":"Fought over 202 gold","floor":22.0,"damage_taken":0.0},{"event_name":"Upgrade Shrine","player_choice":"Upgraded","floor":29.0,"damage_taken":0.0}],"boss_relics":[{"not_picked":["Eternal Feather","Ectoplasm"],"picked":"Nuclear Battery"},{"not_picked":["Lizard Tail","Velvet Choker"],"picked":"Runic Dome"}],"items_purged_floors":[],"potions_floor_spawned":[4,5,10,14,16,18,24,28,30,33,40,41,45,48],"seed_played":"-1405100197017171299","ascension_level":3,"potions_obtained":[{"floor":4.0,"key":"FocusPotion"},{"floor":5.0,"key":"Energy Potion"},{"floor":10.0,"key":"FearPotion"},{"floor":14.0,"key":"Poison Potion"},{"floor":16.0,"key":"Energy Potion"},{"floor":18.0,"key":"Fire Potion"},{"floor":24.0,"key":"Explosive Potion"},{"floor":28.0,"key":"GamblersBrew"},{"floor":30.0,"key":"PowerPotion"},{"floor":33.0,"key":"Energy Potion"},{"floor":40,"key":"LiquidBronze"},{"floor":41,"key":"Energy Potion"},{"floor":45,"key":"Swift Potion"},{"floor":48,"key":"FocusPotion"}],"is_trial":false}