{"gold_per_floor":[118,131,56,56,72,105,105,138,138,138,157,157,167,182,182,254,254,268,268,286,299,315,344,356,426,462,489,501,537,549,578,590,602],"floor_reached":33,"playtime":1312,"items_purged":["Injury"],"score":538,"play_id":"36cf0e2b-e3ce-477e-ac0a-22962af72288","local_time":"20181113095508","is_ascension_mode":true,"campfire_choices":[{"data":"Spot Weakness","floor":7,"key":"SMITH"},{"data":"Havoc","floor":12,"key":"SMITH"},{"data":"Flame Barrier","floor":15,"key":"SMITH"},{"data":"Demon Form","floor":24,"key":"SMITH"},{"data":"Heavy Blade","floor":28,"key":"SMITH"},{"data":"Clothesline","floor":30,"key":"SMITH"},{"floor":32,"key":"REST"}],"neow_cost":"CURSE","seed_source_timestamp":7475449388479,"circlet_count":0,"master_deck":["AscendersBane","Bash","Fire Breathing","Intimidate","Wild Strike","Anger","Spot Weakness+1","Carnage","Havoc+1","Heavy Blade+1","Flame Barrier+1","Demon Form+1","Thunderclap","Whirlwind","True Grit","Flex","Clash","Rampage","Clothesline+1","Headbutt","Shrug It Off","Twin Strike+1","Inflame"],"relics":["Burning Blood","Mercury Hourglass","FossilizedHelix","Thread and Needle","Pandora\u0027s Box","MawBank","Tiny Chest","Potion Belt","Blood Vial"],"potions_floor_usage":[16,20,23,23,25],"damage_taken":[{"damage":4,"enemies":"2 Louse","floor":1,"turns":4},{"damage":6,"enemies":"Cultist","floor":2,"turns":3},{"damage":11,"enemies":"Jaw Worm","floor":5,"turns":3},{"damage":28,"enemies":"Gremlin Nob","floor":6,"turns":4},{"damage":25,"enemies":"Lagavulin","floor":8,"turns":5},{"damage":0,"enemies":"Exordium Wildlife","floor":11,"turns":2},{"damage":0,"enemies":"3 Louse","floor":13,"turns":3},{"damage":0,"enemies":"Large Slime","floor":14,"turns":3},{"damage":36,"enemies":"The Guardian","floor":16,"turns":9},{"damage":11,"enemies":"Shell Parasite","floor":18,"turns":4},{"damage":11,"enemies":"2 Thieves","floor":20,"turns":3},{"damage":1,"enemies":"Centurion and Healer","floor":21,"turns":5},{"damage":0,"enemies":"3 Cultists","floor":22,"turns":4},{"damage":10,"enemies":"Gremlin Leader","floor":23,"turns":4},{"damage":47,"enemies":"Book of Stabbing","floor":25,"turns":5},{"damage":23,"enemies":"Snake Plant","floor":27,"turns":4},{"damage":6,"enemies":"Centurion and Healer","floor":31,"turns":4},{"damage":66,"enemies":"Collector","floor":33,"turns":6}],"seed_played":"7647708200000981450","potions_obtained":[{"floor":2,"key":"Dexterity Potion"},{"floor":8,"key":"Swift Potion"},{"floor":13,"key":"AttackPotion"},{"floor":16,"key":"SteroidPotion"},{"floor":21,"key":"SteroidPotion"},{"floor":22,"key":"Fire Potion"},{"floor":23,"key":"SteroidPotion"}],"is_trial":false,"path_per_floor":["M","M","$","?","M","E","R","E","T","$","M","R","M","M","R","B",null,"M","?","M","M","M","E","R","E","T","M","R","T","R","M","R","B"],"character_chosen":"IRONCLAD","items_purchased":[],"campfire_rested":1,"item_purchase_floors":[],"current_hp_per_floor":[70,70,70,70,65,43,43,24,24,24,30,30,36,42,42,12,59,54,75,70,75,75,71,71,30,30,13,13,13,13,15,37,0],"gold":602,"neow_bonus":"TRANSFORM_TWO_CARDS","is_prod":false,"is_daily":false,"chose_seed":false,"campfire_upgraded":6,"win_rate":0,"timestamp":1542099308,"path_taken":["M","M","$","?","M","E","R","E","T","$","M","R","M","M","R","BOSS","M","?","M","?","M","E","R","E","T","M","R","?","R","M","R","BOSS"],"build_version":"2018-11-12","purchased_purges":1,"victory":false,"max_hp_per_floor":[75,75,75,75,75,75,75,75,75,75,75,75,75,75,75,75,75,75,75,75,75,75,75,75,75,75,75,75,75,75,75,75,75],"card_choices":[{"not_picked":["True Grit","Clash"],"picked":"Wild Strike","floor":1},{"not_picked":["Feel No Pain","Havoc"],"picked":"Anger","floor":2},{"not_picked":["Rupture","Headbutt"],"picked":"Spot Weakness","floor":5},{"not_picked":["Shockwave","Body Slam"],"picked":"Carnage","floor":6},{"not_picked":["Anger","Perfected Strike"],"picked":"Havoc","floor":8},{"not_picked":["Blood for Blood","Entrench"],"picked":"Heavy Blade","floor":11},{"not_picked":["Twin Strike","True Grit"],"picked":"Flame Barrier","floor":13},{"not_picked":["Blood for Blood","Hemokinesis","Armaments"],"picked":"SKIP","floor":14},{"not_picked":["Brutality","Offering"],"picked":"Demon Form","floor":16},{"not_picked":["Wild Strike","Bloodletting"],"picked":"Clothesline","floor":18},{"not_picked":["Perfected Strike+1","Heavy Blade"],"picked":"Headbutt","floor":20},{"not_picked":["Iron Wave","Body Slam","Thunderclap"],"picked":"SKIP","floor":21},{"not_picked":["Heavy Blade","Clash"],"picked":"Shrug It Off","floor":22},{"not_picked":["Exhume","Uppercut"],"picked":"Twin Strike+1","floor":23},{"not_picked":["Heavy Blade","Rampage+1","Berserk"],"picked":"SKIP","floor":25},{"not_picked":["Searing Blow","Uppercut"],"picked":"Inflame","floor":27},{"not_picked":["Havoc","Clothesline","Flame Barrier"],"picked":"SKIP","floor":31}],"player_experience":793343,"relics_obtained":[{"floor":6,"key":"Mercury Hourglass"},{"floor":8,"key":"FossilizedHelix"},{"floor":9,"key":"Thread and Needle"},{"floor":23,"key":"MawBank"},{"floor":25,"key":"Tiny Chest"},{"floor":26,"key":"Potion Belt"},{"floor":29,"key":"Blood Vial"}],"event_choices":[{"damage_healed":0,"gold_gain":0,"player_choice":"Ignored","damage_taken":0,"max_hp_gain":0,"max_hp_loss":0,"event_name":"Liars Game","floor":4,"gold_loss":0},{"cards_removed":["Searing Blow"],"damage_healed":21,"gold_gain":0,"player_choice":"Offered Uncommon","damage_taken":0,"max_hp_gain":0,"max_hp_loss":0,"event_name":"Bonfire Elementals","floor":19,"gold_loss":0}],"is_beta":true,"boss_relics":[{"not_picked":["Eternal Feather","Fusion Hammer"],"picked":"Pandora\u0027s Box"}],"items_purged_floors":[3],"is_endless":false,"potions_floor_spawned":[2,8,13,16,21,22,23],"killed_by":"Collector","ascension_level":16}