{"gold_per_floor":[116,132,142,142,158,158,174,174,174,188,219,8,8,8,8,8],"floor_reached":16,"playtime":826,"items_purged":[],"score":199,"play_id":"efba71c2-7770-4755-b6e8-6c39e4c184ee","local_time":"20181204190833","is_ascension_mode":true,"campfire_choices":[{"data":"Tempest","floor":6,"key":"SMITH"},{"data":"Creative AI","floor":8,"key":"SMITH"},{"floor":13,"key":"REST"},{"data":"Static Discharge","floor":15,"key":"SMITH"}],"neow_cost":"NONE","seed_source_timestamp":23291723241245,"circlet_count":0,"master_deck":["AscendersBane","Strike_B","Strike_B","Strike_B","Strike_B","Defend_B","Defend_B","Defend_B","Defend_B","Zap+1","Dualcast","Doom and Gloom","Redo","Compile Driver","Conserve Battery","Static Discharge+1","Tempest+1","Creative AI+1","Leap","Thunder Strike","Cold Snap"],"relics":["Cracked Core","Gremlin Horn","Darkstone Periapt","PreservedInsect"],"potions_floor_usage":[11],"damage_taken":[{"damage":7,"enemies":"Jaw Worm","floor":1,"turns":3},{"damage":1,"enemies":"Cultist","floor":2,"turns":3},{"damage":0,"enemies":"Small Slimes","floor":3,"turns":2},{"damage":13,"enemies":"Red Slaver","floor":5,"turns":4},{"damage":8,"enemies":"3 Louse","floor":7,"turns":2},{"damage":6,"enemies":"Lots of Slimes","floor":10,"turns":2},{"damage":32,"enemies":"Gremlin Nob","floor":11,"turns":3},{"damage":38,"enemies":"Slime Boss","floor":16,"turns":3}],"seed_played":"3582234152187403051","potions_obtained":[{"floor":2,"key":"SkillPotion"},{"floor":5,"key":"LiquidBronze"}],"is_trial":false,"path_per_floor":["M","M","M","?","M","R","M","R","T","M","E","$","R","?","R","B"],"character_chosen":"DEFECT","items_purchased":["Cold Snap","PreservedInsect"],"campfire_rested":1,"item_purchase_floors":[12,12],"current_hp_per_floor":[64,63,63,63,50,50,42,42,42,36,4,4,27,27,27,0],"gold":8,"neow_bonus":"TEN_PERCENT_HP_BONUS","is_prod":false,"is_daily":false,"chose_seed":false,"campfire_upgraded":3,"win_rate":0,"timestamp":1543946913,"path_taken":["M","M","M","?","?","R","?","R","T","M","E","$","R","?","R","BOSS"],"build_version":"2018-12-4","purchased_purges":0,"victory":false,"max_hp_per_floor":[78,78,78,78,78,78,78,78,78,78,78,78,78,78,78,78],"card_choices":[{"not_picked":["Steam","Recycle"],"picked":"Doom and Gloom","floor":1},{"not_picked":["Force Field","Steam"],"picked":"Redo","floor":2},{"not_picked":["Turbo","Double Energy"],"picked":"Compile Driver","floor":3},{"not_picked":["Streamline","Gash"],"picked":"Tempest","floor":5},{"not_picked":["Coolheaded","Darkness"],"picked":"Creative AI","floor":7},{"not_picked":["Scrape","Gash"],"picked":"Leap","floor":10},{"not_picked":["Fusion","Auto Shields"],"picked":"Thunder Strike","floor":11}],"player_experience":935020,"relics_obtained":[{"floor":9,"key":"Gremlin Horn"},{"floor":11,"key":"Darkstone Periapt"}],"event_choices":[{"damage_healed":0,"gold_gain":0,"player_choice":"2 cards matched","damage_taken":0,"max_hp_gain":0,"max_hp_loss":0,"event_name":"Match and Keep!","floor":4,"gold_loss":0,"cards_obtained":["Conserve Battery","Static Discharge"]},{"damage_healed":0,"gold_gain":0,"player_choice":"Forge","damage_taken":0,"max_hp_gain":0,"max_hp_loss":0,"event_name":"Accursed Blacksmith","floor":14,"gold_loss":0,"cards_upgraded":["Zap"]}],"is_beta":true,"boss_relics":[],"items_purged_floors":[],"is_endless":false,"potions_floor_spawned":[2,5,10],"killed_by":"Slime Boss","ascension_level":19}