{"gold_per_floor":[114,114,114,34,51,51,81,95,141,141,160,187,112,112],"floor_reached":14,"playtime":1070,"items_purged":["Strike_B"],"score":246,"play_id":"c9f739cd-67f1-40ef-9ff3-08d1daee574d","local_time":"20181220003652","is_ascension_mode":true,"campfire_choices":[{"data":"Chaos","floor":6,"key":"SMITH"},{"data":"Dualcast","floor":10,"key":"SMITH"}],"neow_cost":"NONE","seed_source_timestamp":56913102747577,"circlet_count":0,"master_deck":["AscendersBane","Strike_B","Strike_B","Strike_B+1","Defend_B","Defend_B","Defend_B","Defend_B","Zap+1","Dualcast+1","Ball Lightning","Chaos+1","Ball Lightning","Time Bomb","White Noise"],"relics":["Cracked Core","NeowsBlessing","Replay:Wax Seal","ReplayTheSpireMod:Bottled Steam","Orichalcum","Regal Pillow"],"potions_floor_usage":[11],"damage_taken":[{"damage":0,"enemies":"2 Louse","floor":1,"turns":1},{"damage":0,"enemies":"Small Slimes","floor":5,"turns":1},{"damage":0,"enemies":"3 Sentries","floor":7,"turns":1},{"damage":1,"enemies":"Cultist","floor":8,"turns":3},{"damage":14,"enemies":"Exordium Thugs","floor":11,"turns":3},{"damage":10,"enemies":"Lagavulin","floor":12,"turns":4},{"damage":20,"enemies":"Gremlin Gang","floor":14,"turns":2}],"seed_played":"-5417786974649854076","potions_obtained":[{"floor":1,"key":"AttackPotion"},{"floor":5,"key":"LifebloodPotion"},{"floor":11,"key":"SneckoOil"}],"is_trial":false,"path_per_floor":["M","?","?","?","M","R","E","M","T","R","M","E","$","M"],"character_chosen":"DEFECT","items_purchased":[],"campfire_rested":0,"item_purchase_floors":[],"current_hp_per_floor":[64,64,43,43,43,43,43,42,42,42,28,18,18,0],"gold":112,"neow_bonus":"THREE_ENEMY_KILL","is_prod":false,"is_daily":false,"chose_seed":false,"campfire_upgraded":2,"win_rate":0,"timestamp":1545262612,"path_taken":["M","?","?","?","M","R","E","?","T","R","M","E","?","M"],"build_version":"2018-12-13","purchased_purges":1,"victory":false,"max_hp_per_floor":[71,71,71,71,71,71,71,71,71,71,71,71,71,71],"card_choices":[{"not_picked":["ReplayTheSpireMod:Repulse","BasicCrystalCard"],"picked":"Ball Lightning","floor":1},{"not_picked":["Turbo","Self Repair"],"picked":"Chaos","floor":5},{"not_picked":["ReplayTheSpireMod:System Scan","Go for the Eyes","Barrage"],"picked":"SKIP","floor":7},{"not_picked":["ReplayTheSpireMod:System Scan","Go for the Eyes","Barrage"],"picked":"SKIP","floor":7},{"not_picked":["Streamline","Heatsinks"],"picked":"Ball Lightning","floor":8},{"not_picked":["Hologram","Force Field"],"picked":"Time Bomb","floor":11},{"not_picked":["Reboot","BasicCrystalCard"],"picked":"White Noise","floor":12}],"player_experience":1052098,"relics_obtained":[{"floor":7,"key":"ReplayTheSpireMod:Bottled Steam"},{"floor":9,"key":"Orichalcum"},{"floor":12,"key":"Regal Pillow"}],"event_choices":[{"damage_healed":0,"gold_gain":0,"player_choice":"Ignored","damage_taken":0,"max_hp_gain":0,"max_hp_loss":0,"event_name":"Liars Game","floor":2,"gold_loss":0},{"damage_healed":0,"gold_gain":0,"player_choice":"Entered Light","damage_taken":21,"max_hp_gain":0,"max_hp_loss":0,"event_name":"Shining Light","floor":3,"gold_loss":0,"cards_upgraded":["Strike_B","Zap"]},{"damage_healed":0,"gold_gain":0,"player_choice":"Paid Gold","damage_taken":0,"relics_obtained":["Replay:Wax Seal"],"max_hp_gain":0,"max_hp_loss":0,"event_name":"WeMeetAgain","floor":4,"gold_loss":80}],"is_beta":false,"boss_relics":[],"items_purged_floors":[13],"is_endless":false,"potions_floor_spawned":[1,5,8,11],"killed_by":"Gremlin Gang","ascension_level":20}