{"gold_per_floor":[110,110,123,139,159,159,186,186,209,224,244,270,195,205,205,205],"floor_reached":16,"playtime":622,"items_purged":["Strike_G"],"score":228,"play_id":"2f91db25-e8b8-4d2e-b701-bdd502288097","local_time":"20190714231522","is_ascension_mode":true,"campfire_choices":[{"data":"Dagger Spray","floor":6,"key":"SMITH"},{"floor":15,"key":"REST"}],"neow_cost":"NONE","seed_source_timestamp":38050996889239,"circlet_count":0,"master_deck":["AscendersBane","Strike_G","Strike_G+1","Strike_G","Defend_G","Defend_G","Defend_G","Defend_G","Defend_G","Survivor","Neutralize+1","Dagger Spray+1","Deadly Poison","Bane","Tools of the Trade","Envenom","Leg Sweep","Burst","Wraith Form v2","Dagger Spray"],"relics":["Ring of the Snake","Blood Vial","Bag of Preparation","Whetstone","Happy Flower"],"potions_floor_usage":[7,12,12],"damage_taken":[{"damage":3,"enemies":"Small Slimes","floor":1,"turns":5},{"damage":0,"enemies":"Cultist","floor":3,"turns":4},{"damage":0,"enemies":"Jaw Worm","floor":4,"turns":4},{"damage":14,"enemies":"Lots of Slimes","floor":5,"turns":4},{"damage":36,"enemies":"Gremlin Nob","floor":7,"turns":4},{"damage":4,"enemies":"Blue Slaver","floor":10,"turns":3},{"damage":0,"enemies":"2 Fungi Beasts","floor":11,"turns":3},{"damage":31,"enemies":"3 Sentries","floor":12,"turns":8},{"damage":0,"enemies":"Lots of Slimes","floor":14,"turns":1},{"damage":36,"enemies":"Slime Boss","floor":16,"turns":8}],"seed_played":"1669924184565455886","potions_obtained":[{"floor":3,"key":"Poison Potion"},{"floor":4,"key":"Regen Potion"},{"floor":7,"key":"GhostInAJar"},{"floor":12,"key":"Strength Potion"},{"floor":14,"key":"FearPotion"}],"is_trial":false,"path_per_floor":["M","?","M","M","M","R","E","?","T","M","M","E","$","M","R","B"],"character_chosen":"THE_SILENT","items_purchased":[],"campfire_rested":1,"item_purchase_floors":[],"current_hp_per_floor":[58,66,66,66,52,52,18,18,18,16,18,4,4,6,25,0],"gold":205,"neow_bonus":"RANDOM_COMMON_RELIC","is_prod":false,"is_daily":false,"chose_seed":false,"campfire_upgraded":1,"win_rate":0,"timestamp":1563138922,"path_taken":["M","?","?","M","M","R","E","?","T","M","M","E","$","M","R","BOSS"],"build_version":"2019-07-05","purchased_purges":1,"victory":false,"max_hp_per_floor":[66,66,66,66,66,66,66,66,66,66,66,66,66,66,66,66],"card_choices":[{"not_picked":["Eviscerate","Deflect"],"picked":"Dagger Spray","floor":1},{"not_picked":["Bane","Quick Slash"],"picked":"Deadly Poison","floor":3},{"not_picked":["Finisher","Prepared"],"picked":"Bane","floor":4},{"not_picked":["Underhanded Strike","Expertise","Tactician"],"picked":"SKIP","floor":5},{"not_picked":["Tools of the Trade","Expertise","Outmaneuver"],"picked":"SKIP","floor":7},{"not_picked":["Expertise","Outmaneuver"],"picked":"Tools of the Trade","floor":7},{"not_picked":["Dodge and Roll","Terror"],"picked":"Leg Sweep","floor":10},{"not_picked":["Blade Dance","Outmaneuver"],"picked":"Burst","floor":11},{"not_picked":["Dagger Spray","Slice"],"picked":"Wraith Form v2","floor":12},{"not_picked":["Outmaneuver","Quick Slash"],"picked":"Dagger Spray","floor":14}],"player_experience":1807096,"relics_obtained":[{"floor":7,"key":"Bag of Preparation"},{"floor":9,"key":"Whetstone"},{"floor":12,"key":"Happy Flower"}],"event_choices":[{"damage_healed":8,"gold_gain":0,"player_choice":"Full Heal","damage_taken":0,"max_hp_gain":0,"max_hp_loss":0,"event_name":"Wheel of Change","floor":2,"gold_loss":0},{"damage_healed":0,"gold_gain":0,"cards_transformed":["Strike_G"],"player_choice":"Transformed","damage_taken":0,"max_hp_gain":0,"max_hp_loss":0,"event_name":"Transmorgrifier","floor":8,"gold_loss":0,"cards_obtained":["Envenom"]}],"is_beta":false,"boss_relics":[],"items_purged_floors":[13],"is_endless":false,"potions_floor_spawned":[3,4,7,10,12,14],"killed_by":"Slime Boss","ascension_level":20}