{"path_per_floor":["M","M","?","M","$","R","E","R","T","$","M"],"character_chosen":"THE_SILENT","items_purchased":["Noxious Fumes"],"gold_per_floor":[117,127,127,143,68,68,102,102,102,26,51,51],"floor_reached":12,"campfire_rested":0,"playtime":373,"item_purchase_floors":[10],"current_hp_per_floor":[60,60,60,59,59,59,33,33,33,33,20,0],"items_purged":["Injury"],"gold":51,"score":109,"play_id":"3fedb490-594b-4613-9bba-0c6d8558bfa3","local_time":"20180626181016","is_prod":false,"is_daily":false,"chose_seed":false,"is_ascension_mode":true,"campfire_upgraded":2,"win_rate":0,"timestamp":1530029416,"campfire_choices":[{"data":"Neutralize","floor":6,"key":"SMITH"},{"data":"A Thousand Cuts","floor":8,"key":"SMITH"}],"path_taken":["M","M","?","M","$","R","E","R","T","?","M","E"],"build_version":"2018-06-21","seed_source_timestamp":0,"purchased_purges":1,"circlet_count":0,"victory":false,"master_deck":["Defend_G","Defend_G","Defend_G","Defend_G","Defend_G","Strike_G","Strike_G","Strike_G","Strike_G","Strike_G","Survivor","Neutralize+1","Deadly Poison","Deadly Poison","Underhanded Strike","A Thousand Cuts+1","Noxious Fumes","Bane"],"max_hp_per_floor":[70,70,70,70,70,70,70,70,70,70,70,70],"special_seed":0,"relics":["Ring of the Snake","Golden Idol","Pantograph","Matryoshka"],"card_choices":[{"not_picked":["Acrobatics","Choke"],"picked":"Deadly Poison","floor":1},{"not_picked":["Outmaneuver","Grand Finale"],"picked":"Deadly Poison","floor":2},{"not_picked":["Outmaneuver","Acrobatics"],"picked":"Underhanded Strike","floor":4},{"not_picked":["Finisher","Masterful Stab"],"picked":"A Thousand Cuts","floor":7},{"not_picked":["Poisoned Stab","Flying Knee"],"picked":"Bane","floor":11}],"player_experience":371829,"potions_floor_usage":[12],"damage_taken":[{"damage":3,"enemies":"Jaw Worm","floor":1,"turns":5},{"damage":0,"enemies":"2 Louse","floor":2,"turns":3},{"damage":1,"enemies":"Cultist","floor":4,"turns":3},{"damage":26,"enemies":"3 Sentries","floor":7,"turns":10},{"damage":13,"enemies":"Exordium Thugs","floor":11,"turns":5},{"damage":22,"enemies":"Lagavulin","floor":12,"turns":3}],"relics_obtained":[{"floor":7,"key":"Pantograph"},{"floor":9,"key":"Matryoshka"}],"event_choices":[{"event_name":"Golden Idol","player_choice":"Take Wound","floor":3,"damage_taken":0}],"boss_relics":[],"items_purged_floors":[5],"is_endless":false,"potions_floor_spawned":[11],"seed_played":"-7686775668826003715","killed_by":"Lagavulin","ascension_level":8,"potions_obtained":[{"floor":11,"key":"Poison Potion"}],"is_trial":false}