{"gold_per_floor":[115,115,127,52,52,52,82,82,82,113,113,129,129,139,139,210,210,226,226,71,71,71,71,71],"floor_reached":24,"playtime":697,"items_purged":["Decay"],"score":400,"play_id":"3f7715b3-9d1a-413f-9d43-2203efbaac39","local_time":"20190116021318","is_ascension_mode":true,"campfire_choices":[{"data":"Pommel Strike","floor":6,"key":"SMITH"},{"floor":8,"key":"REST"},{"data":"Bash","floor":11,"key":"SMITH"},{"data":"Perfected Strike","floor":13,"key":"SMITH"},{"data":"Blood for Blood","floor":15,"key":"SMITH"},{"data":"Limit Break","floor":23,"key":"SMITH"}],"neow_cost":"CURSE","seed_source_timestamp":17535588483651,"circlet_count":0,"master_deck":["AscendersBane","Strike_R","Strike_R","Strike_R","Strike_R+1","Strike_R","Defend_R","Defend_R","Defend_R","Defend_R","Bash+1","Shrug It Off+1","Pommel Strike+1","Blood for Blood+1","Sword Boomerang","Sword Boomerang","Perfected Strike+1","Offering","Limit Break+1","Body Slam","Juggernaut"],"relics":["Burning Blood","WingedGreaves","Vajra","Question Card","Bronze Scales","Runic Pyramid","NlothsMask"],"potions_floor_usage":[7,10,24],"damage_taken":[{"damage":22,"enemies":"Jaw Worm","floor":1,"turns":6},{"damage":0,"enemies":"Small Slimes","floor":3,"turns":4},{"damage":32,"enemies":"Gremlin Nob","floor":7,"turns":4},{"damage":20,"enemies":"3 Sentries","floor":10,"turns":6},{"damage":0,"enemies":"Cultist","floor":12,"turns":2},{"damage":0,"enemies":"Large Slime","floor":14,"turns":4},{"damage":8,"enemies":"Hexaghost","floor":16,"turns":7},{"damage":20,"enemies":"Spheric Guardian","floor":18,"turns":4},{"damage":23,"enemies":"Colosseum Slavers","floor":19,"turns":5},{"damage":53,"enemies":"Book of Stabbing","floor":24,"turns":3}],"seed_played":"5546595838826644364","potions_obtained":[{"floor":1,"key":"Fire Potion"},{"floor":7,"key":"Fire Potion"},{"floor":10,"key":"Swift Potion"},{"floor":16,"key":"Ancient Potion"},{"floor":18,"key":"Energy Potion"}],"is_trial":false,"path_per_floor":["M","?","M","$","?","R","E","R","T","E","R","M","R","M","R","B",null,"M","?","$","?","?","R","E"],"character_chosen":"IRONCLAD","items_purchased":["Juggernaut"],"campfire_rested":1,"item_purchase_floors":[20],"current_hp_per_floor":[52,29,35,35,35,35,9,31,31,17,17,23,23,29,29,27,63,49,32,32,32,32,32,0],"gold":71,"neow_bonus":"ONE_RARE_RELIC","is_prod":false,"is_daily":false,"chose_seed":false,"campfire_upgraded":5,"win_rate":0,"timestamp":1547601198,"path_taken":["M","?","M","$","?","R","E","R","T","E","R","M","R","?","R","BOSS","M","?","$","?","?","R","E"],"build_version":"2019-01-10","purchased_purges":1,"victory":false,"max_hp_per_floor":[75,75,75,75,75,75,75,75,75,75,75,75,75,75,75,75,75,75,75,75,75,75,75,75],"card_choices":[{"not_picked":["Fire Breathing","Thunderclap"],"picked":"Shrug It Off","floor":1},{"not_picked":["Bloodletting","Metallicize"],"picked":"Pommel Strike","floor":3},{"not_picked":["Flex","Fire Breathing"],"picked":"Sword Boomerang","floor":7},{"not_picked":["Entrench","Bloodletting","Seeing Red"],"picked":"Sword Boomerang","floor":10},{"not_picked":["Seeing Red","Corruption","Warcry"],"picked":"Perfected Strike","floor":12},{"not_picked":["Wild Strike","Fire Breathing","Iron Wave"],"picked":"Offering","floor":14},{"not_picked":["Berserk","Feed","Offering"],"picked":"Limit Break","floor":16},{"not_picked":["Wild Strike","hubris:CleavingFinish","Clash+1"],"picked":"Body Slam","floor":18}],"player_experience":1125976,"relics_obtained":[{"floor":7,"key":"Vajra"},{"floor":9,"key":"Question Card"},{"floor":10,"key":"Bronze Scales"}],"event_choices":[{"damage_healed":0,"gold_gain":0,"player_choice":"Entered Light","damage_taken":23,"max_hp_gain":0,"max_hp_loss":0,"event_name":"Shining Light","floor":2,"gold_loss":0,"cards_upgraded":["Strike_R","Shrug It Off"]},{"damage_healed":0,"gold_gain":0,"player_choice":"1 cards matched","damage_taken":0,"max_hp_gain":0,"max_hp_loss":0,"event_name":"Match and Keep!","floor":5,"gold_loss":0,"cards_obtained":["Blood for Blood"]},{"damage_healed":0,"gold_gain":0,"player_choice":"Fight","damage_taken":0,"max_hp_gain":0,"max_hp_loss":0,"event_name":"Colosseum","floor":19,"gold_loss":0},{"damage_healed":0,"gold_gain":0,"player_choice":"Fled From Nobs","damage_taken":0,"max_hp_gain":0,"max_hp_loss":0,"event_name":"Colosseum","floor":19,"gold_loss":0},{"damage_healed":0,"gold_gain":0,"player_choice":"Trade","damage_taken":0,"relics_obtained":["NlothsMask"],"max_hp_gain":0,"max_hp_loss":0,"event_name":"FaceTrader","floor":22,"gold_loss":0}],"is_beta":false,"boss_relics":[{"not_picked":["Runic Dome","Tiny House"],"picked":"Runic Pyramid"}],"items_purged_floors":[4],"is_endless":false,"potions_floor_spawned":[1,7,10,16,18],"killed_by":"Book of Stabbing","ascension_level":20}