{"gold_per_floor":[109,124,124,11,27,27,86,86,110,127,127,147,173,160,160,265,315,297,309,88,18,35,35,35],"floor_reached":24,"playtime":3936,"items_purged":["Strike_G"],"score":256,"play_id":"1aee2802-e00b-4d10-ab75-3b358fa2d78d","local_time":"20190213124941","is_ascension_mode":true,"campfire_choices":[{"data":"Neutralize","floor":6,"key":"SMITH"},{"data":"Footwork","floor":8,"key":"SMITH"},{"data":"Blur","floor":15,"key":"SMITH"},{"data":"Tools of the Trade","floor":23,"key":"SMITH"}],"neow_cost":"NONE","seed_source_timestamp":1245471987175,"circlet_count":0,"master_deck":["Defend_G","Defend_G","Defend_G","Defend_G","Defend_G","Strike_G","Strike_G","Strike_G+1","Strike_G","Survivor","Neutralize+1","A Thousand Cuts","Quick Slash","Flying Knee","Deadly Poison","Noxious Fumes","Quick Slash","Noxious Fumes","Footwork+1","Prepared+1","Blur+1","Adrenaline","Backflip","Acrobatics","PiercingWail+1","Tools of the Trade+1","Poisoned Stab"],"relics":["Ring of the Snake","Tiny Chest","The Specimen","Tiny House","PreservedInsect"],"potions_floor_usage":[10,12,16,16,19,22],"damage_taken":[{"damage":0,"enemies":"Small Slimes","floor":1,"turns":5},{"damage":0,"enemies":"Cultist","floor":2,"turns":4},{"damage":0,"enemies":"2 Louse","floor":5,"turns":4},{"damage":17,"enemies":"Gremlin Nob","floor":7,"turns":4},{"damage":22,"enemies":"Lots of Slimes","floor":10,"turns":5},{"damage":9,"enemies":"Large Slime","floor":12,"turns":8},{"damage":0,"enemies":"Lagavulin","floor":13,"turns":7},{"damage":4,"enemies":"Exordium Thugs","floor":14,"turns":4},{"damage":16,"enemies":"The Guardian","floor":16,"turns":12},{"damage":17,"enemies":"2 Thieves","floor":18,"turns":5},{"damage":16,"enemies":"Chosen","floor":19,"turns":9},{"damage":3,"enemies":"Centurion and Healer","floor":22,"turns":10},{"damage":43,"enemies":"Slavers","floor":24,"turns":4}],"seed_played":"5498888612117556306","potions_obtained":[{"floor":1,"key":"Strength Potion"},{"floor":5,"key":"FearPotion"},{"floor":10,"key":"Swift Potion"},{"floor":13,"key":"Energy Potion"},{"floor":17,"key":"Dexterity Potion"},{"floor":18,"key":"Block Potion"},{"floor":19,"key":"Strength Potion"}],"is_trial":false,"path_per_floor":["M","M","?","$","M","R","E","R","T","M","?","M","E","M","R","B",null,"M","M","$","$","M","R","E"],"character_chosen":"THE_SILENT","items_purchased":["Noxious Fumes","Quick Slash","PreservedInsect","Tools of the Trade"],"campfire_rested":0,"item_purchase_floors":[4,4,20,21],"current_hp_per_floor":[70,70,70,70,70,70,53,53,53,31,31,22,22,18,18,2,75,58,42,42,42,39,39,0],"gold":35,"neow_bonus":"ONE_RANDOM_RARE_CARD","is_prod":false,"is_daily":false,"chose_seed":false,"campfire_upgraded":4,"win_rate":0,"timestamp":1550090981,"path_taken":["M","M","?","$","M","R","E","R","T","?","?","M","E","M","R","BOSS","M","M","?","$","M","R","E"],"build_version":"2019-01-23","purchased_purges":1,"victory":false,"max_hp_per_floor":[70,70,70,70,70,70,70,70,70,70,70,70,70,70,70,70,75,75,75,75,75,75,75,75],"card_choices":[{"not_picked":["Skewer","Bouncing Flask"],"picked":"Quick Slash","floor":1},{"not_picked":["Sucker Punch","Cloak And Dagger"],"picked":"Flying Knee","floor":2},{"not_picked":["Prepared","Heel Hook"],"picked":"Noxious Fumes","floor":5},{"not_picked":["Dagger Spray","Malaise"],"picked":"Footwork","floor":7},{"not_picked":["Masterful Stab","Endless Agony"],"picked":"Prepared","floor":10},{"not_picked":["Skewer","Poisoned Stab"],"picked":"Blur","floor":12},{"not_picked":["Crippling Poison","Flying Knee","Bane"],"picked":"SKIP","floor":13},{"not_picked":["Dash","Caltrops","Dodge and Roll"],"picked":"SKIP","floor":14},{"not_picked":["Die Die Die","Phantasmal Killer"],"picked":"Adrenaline","floor":16},{"not_picked":["Blur","Quick Slash"],"picked":"Backflip","floor":17},{"not_picked":["Flying Knee","Blade Dance"],"picked":"Acrobatics","floor":18},{"not_picked":["Dodge and Roll","Prepared"],"picked":"PiercingWail+1","floor":19},{"not_picked":["Dodge and Roll+1","Infinite Blades"],"picked":"Poisoned Stab","floor":22}],"player_experience":164878,"relics_obtained":[{"floor":7,"key":"Tiny Chest"},{"floor":13,"key":"The Specimen"}],"event_choices":[{"damage_healed":0,"gold_gain":0,"player_choice":"1 cards matched","damage_taken":0,"max_hp_gain":0,"max_hp_loss":0,"event_name":"Match and Keep!","floor":3,"gold_loss":0,"cards_obtained":["Deadly Poison"]},{"damage_healed":0,"gold_gain":0,"player_choice":"Upgraded","damage_taken":0,"max_hp_gain":0,"max_hp_loss":0,"event_name":"Upgrade Shrine","floor":11,"gold_loss":0,"cards_upgraded":["Prepared"]}],"is_beta":false,"boss_relics":[{"not_picked":["Calling Bell","Runic Dome"],"picked":"Tiny House"}],"items_purged_floors":[20],"is_endless":false,"potions_floor_spawned":[1,5,10,13,18,19],"killed_by":"Slavers","ascension_level":2}