{"path_per_floor":["M","M","?","?","$","E","R","M","T","M","M","E","?","E","R","B",null,"M","?","$","?","M","R","E","R","T","?","R","E","M","M","R","B",null,"M","?","$","?","M","R","M","M","T","M","R","E","R","M","R"],"character_chosen":"IRONCLAD","items_purchased":["Feel No Pain","Perfected Strike","Unceasing Top","Madness"],"gold_per_floor":[11,21,21,21,21,56,56,76,76,87,100,134,209,239,239,343,343,355,315,145,145,155,155,183,183,231,231,231,257,277,294,294,396,396,408,408,30,30,50,50,67,82,105,115,115,145,145,155,155,155],"floor_reached":50,"campfire_rested":5,"playtime":2443,"item_purchase_floors":[20,20,37,37],"current_hp_per_floor":[76,80,80,80,80,78,78,80,80,80,80,65,54,58,58,66,77,34,34,34,60,25,64,19,19,19,19,58,48,43,49,91,41,79,15,15,15,80,49,49,28,36,36,32,32,21,60,43,80,0],"items_purged":["Defend_R"],"gold":155,"score":783,"play_id":"3915e70e-2be2-4c97-a8d0-d62ef9a4b455","local_time":"20180526124558","is_prod":false,"is_daily":false,"chose_seed":false,"is_ascension_mode":true,"campfire_upgraded":5,"win_rate":0,"timestamp":1527331558,"campfire_choices":[{"data":"Body Slam","floor":7,"key":"SMITH"},{"data":"Perfected Strike","floor":15,"key":"SMITH"},{"floor":23,"key":"REST"},{"data":"Corruption","floor":25,"key":"SMITH"},{"floor":28,"key":"REST"},{"floor":32,"key":"REST"},{"data":"Demon Form","floor":40,"key":"SMITH"},{"data":"Heavy Blade","floor":45,"key":"SMITH"},{"floor":47,"key":"REST"},{"floor":49,"key":"REST"}],"path_taken":["M","M","?","?","$","E","R","M","T","M","?","E","?","E","R","BOSS","M","?","$","?","M","R","E","R","T","?","R","E","M","M","R","BOSS","M","?","$","?","?","R","M","M","T","M","R","E","R","M","R","BOSS"],"build_version":"2018-05-25","seed_source_timestamp":1016677242569,"purchased_purges":1,"victory":false,"master_deck":["Strike_R","Strike_R","Strike_R","Strike_R","Strike_R","Defend_R","Defend_R","Bash","Flex+1","Body Slam+1","Clash","Heavy Blade+1","Second Wind","Headbutt","Dropkick","Perfected Strike+1","Demon Form+1","Corruption+1","Feel No Pain","Perfected Strike","Clash","Fiend Fire","Shrug It Off","Thunderclap","Flex+1","Limit Break","Heavy Blade+1","Madness","Flame Barrier","Pommel Strike+1","Spot Weakness","Iron Wave+1","Thunderclap"],"max_hp_per_floor":[80,80,80,80,80,80,80,80,80,80,80,80,80,80,80,80,80,80,80,80,80,80,80,80,80,80,80,80,87,92,92,92,92,92,92,92,92,80,80,80,80,80,80,80,80,80,80,80,80,80],"relics":["Burning Blood","Thread and Needle","Shuriken","Regal Pillow","Blood Vial","Charon\u0027s Ashes","Black Star","Anchor","Bronze Scales","Pen Nib","Strawberry","Potion Belt","Velvet Choker","Unceasing Top","Bag of Marbles","Ice Cream","Calipers"],"card_choices":[{"not_picked":["Cleave","Sword Boomerang"],"picked":"Flex","floor":1},{"not_picked":["Sword Boomerang","Havoc"],"picked":"Body Slam","floor":2},{"not_picked":["Reaper","Searing Blow"],"picked":"Clash","floor":6},{"not_picked":["Intimidate","Battle Trance"],"picked":"Heavy Blade","floor":8},{"not_picked":["Havoc","Body Slam"],"picked":"Second Wind","floor":10},{"not_picked":["Anger","Sword Boomerang"],"picked":"Headbutt","floor":11},{"not_picked":["Disarm","Entrench"],"picked":"Dropkick","floor":12},{"not_picked":["Exhume","Sword Boomerang"],"picked":"Perfected Strike","floor":14},{"not_picked":["Offering","Feed"],"picked":"Demon Form","floor":16},{"not_picked":["Havoc","Warcry+1"],"picked":"Corruption","floor":18},{"not_picked":["Warcry","Searing Blow"],"picked":"Clash","floor":22},{"not_picked":["Spot Weakness","Armaments"],"picked":"Fiend Fire","floor":24},{"not_picked":["Anger","Cleave"],"picked":"Shrug It Off","floor":29},{"not_picked":["Flex","Carnage"],"picked":"Thunderclap","floor":30},{"not_picked":["Power Through","Dual Wield"],"picked":"Flex+1","floor":31},{"not_picked":["Reaper","Fiend Fire"],"picked":"Limit Break","floor":33},{"not_picked":["Body Slam","Sentinel+1"],"picked":"Heavy Blade+1","floor":35},{"not_picked":["Infernal Blade","Evolve"],"picked":"Flame Barrier","floor":39},{"not_picked":["Armaments","Headbutt","Rupture+1"],"picked":"SKIP","floor":41},{"not_picked":["Havoc+1","Warcry+1"],"picked":"Pommel Strike+1","floor":42},{"not_picked":["Havoc+1","True Grit"],"picked":"Spot Weakness","floor":44},{"not_picked":["Fiend Fire","Thunderclap"],"picked":"Iron Wave+1","floor":46},{"not_picked":["Rampage","Disarm"],"picked":"Thunderclap","floor":48}],"player_experience":211109,"potions_floor_usage":[16,16,18,24,24,24,24,30,31,33,33,33,33,33,33,33,33,46,46,46,46,50,50],"damage_taken":[{"damage":2,"enemies":"Jaw Worm","floor":1,"turns":5},{"damage":0,"enemies":"Cultist","floor":2,"turns":3},{"damage":8,"enemies":"3 Sentries","floor":6,"turns":11},{"damage":0,"enemies":"Small Slimes","floor":8,"turns":2},{"damage":0,"enemies":"Blue Slaver","floor":10,"turns":3},{"damage":0,"enemies":"Gremlin Gang","floor":11,"turns":5},{"damage":21,"enemies":"Lagavulin","floor":12,"turns":5},{"damage":4,"enemies":"3 Sentries","floor":14,"turns":6},{"damage":0,"enemies":"Slime Boss","floor":16,"turns":5},{"damage":63,"enemies":"3 Byrds","floor":18,"turns":6},{"damage":43,"enemies":"Shell Parasite","floor":22,"turns":5},{"damage":53,"enemies":"Book of Stabbing","floor":24,"turns":5},{"damage":25,"enemies":"Slavers","floor":29,"turns":4},{"damage":18,"enemies":"3 Cultists","floor":30,"turns":4},{"damage":14,"enemies":"Snecko","floor":31,"turns":4},{"damage":57,"enemies":"Collector","floor":33,"turns":5},{"damage":72,"enemies":"Flame Bruiser 1 Orb","floor":35,"turns":4},{"damage":37,"enemies":"3 Darklings","floor":39,"turns":4},{"damage":29,"enemies":"Spire Growth","floor":41,"turns":4},{"damage":0,"enemies":"Flame Bruiser 2 Orb","floor":42,"turns":2},{"damage":12,"enemies":"4 Shapes","floor":44,"turns":3},{"damage":33,"enemies":"Nemesis","floor":46,"turns":5},{"damage":25,"enemies":"Sphere and 2 Shapes","floor":48,"turns":5},{"damage":89,"enemies":"Awakened One","floor":50,"turns":4}],"relics_obtained":[{"floor":6,"key":"Shuriken"},{"floor":9,"key":"Regal Pillow"},{"floor":12,"key":"Blood Vial"},{"floor":14,"key":"Charon\u0027s Ashes"},{"floor":24,"key":"Anchor"},{"floor":24,"key":"Bronze Scales"},{"floor":26,"key":"Pen Nib"},{"floor":29,"key":"Strawberry"},{"floor":29,"key":"Potion Belt"},{"floor":43,"key":"Bag of Marbles"},{"floor":46,"key":"Ice Cream"},{"floor":46,"key":"Calipers"}],"event_choices":[{"event_name":"Purifier","player_choice":"One Purge","floor":3,"damage_taken":0},{"event_name":"Upgrade Shrine","player_choice":"Upgraded","floor":4,"damage_taken":0},{"event_name":"World of Goop","player_choice":"Gather Gold","floor":13,"damage_taken":0},{"event_name":"The Woman in Blue","player_choice":"Bought 3 Potions","floor":19,"damage_taken":0},{"event_name":"The Library","player_choice":"Heal","floor":21,"damage_taken":0},{"event_name":"The Lab","player_choice":"Got Potions","floor":27,"damage_taken":0},{"event_name":"Tomb of Lord Red Mask","player_choice":"Ignored","floor":36,"damage_taken":0},{"event_name":"The Moai Head","player_choice":"Heal","floor":38,"damage_taken":0}],"boss_relics":[{"not_picked":["Tiny House","Orrery"],"picked":"Black Star"},{"not_picked":["Philosopher\u0027s Stone","Pandora\u0027s Box"],"picked":"Velvet Choker"}],"items_purged_floors":[20],"potions_floor_spawned":[2,11,12,14,24,29,30,35,44,48],"seed_played":"-2009719127902746691","killed_by":"Awakened One","ascension_level":7,"potions_obtained":[{"floor":2,"key":"Energy Potion"},{"floor":11,"key":"SteroidPotion"},{"floor":12,"key":"PowerPotion"},{"floor":14,"key":"Regen Potion"},{"floor":19,"key":"EntropicBrew"},{"floor":19,"key":"Explosive Potion"},{"floor":19,"key":"GamblersBrew"},{"floor":24,"key":"PowerPotion"},{"floor":27,"key":"Fruit Juice"},{"floor":27,"key":"EntropicBrew"},{"floor":29,"key":"Swift Potion"},{"floor":30,"key":"Regen Potion"},{"floor":35,"key":"SpeedPotion"},{"floor":44,"key":"Block Potion"},{"floor":48,"key":"FearPotion"}],"is_trial":false}