{"gold_per_floor":[115,132,132,57,73,117,117,117,144,163,227,250,313,346,346,444,444,469,488,239,252,377,410,410,449,449,449,473,473,519,540,540,638,638,657,657,680,694,709,752,777,810,834,872,872,885,600,631,631,631,631,631,631,255,294,294],"floor_reached":57,"playtime":2169,"items_purged":[],"score":3214,"play_id":"39f764ee-bc52-461b-92a8-cd0ce4a74098","local_time":"20190120224405","is_ascension_mode":true,"campfire_choices":[{"data":"Spot Weakness","floor":7,"key":"SMITH"},{"data":"Uppercut","floor":15,"key":"SMITH"},{"data":"Double Tap","floor":24,"key":"SMITH"},{"data":"1","floor":27,"key":"LIFT"},{"data":"2","floor":29,"key":"LIFT"},{"data":"3","floor":32,"key":"LIFT"},{"data":"Demon Form","floor":45,"key":"SMITH"},{"floor":49,"key":"RECALL"},{"data":"Demon Form","floor":53,"key":"SMITH"}],"neow_cost":"NONE","seed_source_timestamp":45412588710340,"circlet_count":0,"master_deck":["AscendersBane","Strike_R","Strike_R+1","Strike_R","Strike_R+1","Defend_R","Defend_R","Defend_R","Defend_R","Bash","Pommel Strike","Anger","Spot Weakness+1","Feel No Pain","Uppercut+1","Demon Form+1","Heavy Blade","Limit Break","Sword Boomerang","Metallicize","Heavy Blade","Thinking Ahead+1","Double Tap+1","Shrug It Off","Dropkick+1","Pummel","Sword Boomerang","Whirlwind+1","Shrug It Off","Demon Form+1","Clothesline","Discovery","Discovery","Heavy Blade+1","Clash+1","Battle Trance+1","Pommel Strike","Shrug It Off+1","Feel No Pain","Perfected Strike+1","Sword Boomerang","Fiend Fire","Disarm+1"],"relics":["Burning Blood","Whetstone","Golden Idol","hubris:SlimyHat","Centennial Puzzle","Tiny Chest","hubris:DeckOfHolding","hubris:BlackHole","Charon\u0027s Ashes","hubris:IronBody","Nunchaku","Art of War","Girya","Pantograph","Coffee Dripper","Smiling Mask","hubris:CuriousFeather","Pear","OrangePellets","Mummified Hand","Vajra","War Paint"],"potions_floor_usage":[6,14,16,56],"damage_taken":[{"damage":1,"enemies":"Cultist","floor":1,"turns":3},{"damage":1,"enemies":"2 Louse","floor":2,"turns":3},{"damage":7,"enemies":"Jaw Worm","floor":5,"turns":3},{"damage":19,"enemies":"Lagavulin","floor":6,"turns":6},{"damage":20,"enemies":"Exordium Thugs","floor":10,"turns":5},{"damage":19,"enemies":"3 Sentries","floor":11,"turns":10},{"damage":7,"enemies":"Exordium Wildlife","floor":12,"turns":3},{"damage":14,"enemies":"Gremlin Nob","floor":14,"turns":4},{"damage":10,"enemies":"Hexaghost","floor":16,"turns":7},{"damage":6,"enemies":"Spheric Guardian","floor":18,"turns":3},{"damage":17,"enemies":"2 Thieves","floor":19,"turns":3},{"damage":0,"enemies":"Centurion and Healer","floor":21,"turns":3},{"damage":27,"enemies":"Colosseum Slavers","floor":22,"turns":2},{"damage":0,"enemies":"Colosseum Nobs","floor":22,"turns":4},{"damage":0,"enemies":"Gremlin Leader","floor":23,"turns":2},{"damage":14,"enemies":"Book of Stabbing","floor":25,"turns":3},{"damage":0,"enemies":"3 Cultists","floor":28,"turns":2},{"damage":0,"enemies":"Snecko","floor":30,"turns":3},{"damage":0,"enemies":"Snecko","floor":31,"turns":2},{"damage":8,"enemies":"hubris:MusketHawk","floor":33,"turns":3},{"damage":0,"enemies":"3 Darklings","floor":35,"turns":1},{"damage":0,"enemies":"Orb Walker","floor":37,"turns":2},{"damage":0,"enemies":"Maw","floor":38,"turns":3},{"damage":0,"enemies":"Sphere and 2 Shapes","floor":39,"turns":4},{"damage":18,"enemies":"Nemesis","floor":40,"turns":3},{"damage":1,"enemies":"4 Shapes","floor":41,"turns":1},{"damage":0,"enemies":"Giant Head","floor":42,"turns":4},{"damage":0,"enemies":"Nemesis","floor":44,"turns":3},{"damage":0,"enemies":"Maw","floor":46,"turns":4},{"damage":0,"enemies":"Reptomancer","floor":48,"turns":4},{"damage":12,"enemies":"Awakened One","floor":50,"turns":4},{"damage":16,"enemies":"Donu and Deca","floor":51,"turns":4},{"damage":11,"enemies":"Shield and Spear","floor":55,"turns":2},{"damage":55,"enemies":"The Heart","floor":56,"turns":6}],"seed_played":"-8820210487668651248","potions_obtained":[{"floor":2,"key":"GamblersBrew"},{"floor":5,"key":"Dexterity Potion"},{"floor":10,"key":"BloodPotion"},{"floor":12,"key":"Block Potion"},{"floor":14,"key":"Block Potion"},{"floor":21,"key":"Strength Potion"},{"floor":33,"key":"SteroidPotion"},{"floor":37,"key":"Strength Potion"},{"floor":46,"key":"FairyPotion"}],"is_trial":false,"path_per_floor":["M","M","?","?","M","E","R","$","T","M","E","M","?","E","R","B",null,"M","M","$","M","?","E","R","E","T","R","M","R","MIM","M","R","B",null,"M","?","M","M","M","E","M","E","T","E","R","M","$","E","R","B","B",null,"R","$","E","B",null],"character_chosen":"IRONCLAD","items_purchased":["Heavy Blade","Thinking Ahead","Feel No Pain","OrangePellets","Vajra","Sword Boomerang","Fiend Fire"],"campfire_rested":0,"item_purchase_floors":[20,20,47,47,54,54,54],"current_hp_per_floor":[73,75,68,68,67,54,54,54,54,40,27,26,26,18,18,14,55,55,44,44,50,35,41,41,33,33,33,39,39,45,51,51,66,68,68,58,64,68,68,56,61,67,67,78,78,78,78,78,78,72,68,76,76,76,71,29],"gold":294,"neow_bonus":"RANDOM_COMMON_RELIC","is_prod":false,"is_daily":false,"chose_seed":false,"campfire_upgraded":5,"win_rate":0,"timestamp":1548020645,"path_taken":["M","M","?","?","M","E","R","$","T","M","E","M","?","E","R","BOSS","M","M","$","M","?","E","R","E","T","R","M","R","?","M","R","BOSS","M","?","M","M","M","E","M","E","T","E","R","M","$","E","R","BOSS","BOSS","R","$","E","BOSS"],"build_version":"2019-01-17v2","purchased_purges":0,"victory":true,"max_hp_per_floor":[75,75,68,68,68,68,68,68,68,68,68,68,68,68,68,68,68,68,68,68,68,68,68,68,68,68,68,68,68,68,68,68,68,68,68,68,68,68,68,68,68,68,68,78,78,78,78,78,78,78,78,78,78,78,78,78],"card_choices":[{"not_picked":["Thunderclap","Pummel"],"picked":"Pommel Strike","floor":1},{"not_picked":["hubris:SharpeningStone","Pommel Strike"],"picked":"Anger","floor":2},{"not_picked":["Thunderclap","Disarm"],"picked":"Spot Weakness","floor":5},{"not_picked":["Rage","Twin Strike"],"picked":"Feel No Pain","floor":6},{"not_picked":["Havoc","Entrench"],"picked":"Uppercut","floor":10},{"not_picked":["Rupture","Pommel Strike"],"picked":"Demon Form","floor":11},{"not_picked":["Spot Weakness","Iron Wave"],"picked":"Heavy Blade","floor":12},{"not_picked":["Clash","Rupture","Havoc"],"picked":"SKIP","floor":14},{"not_picked":["Barricade","Juggernaut"],"picked":"Limit Break","floor":16},{"not_picked":["Shrug It Off","Anger"],"picked":"Sword Boomerang","floor":18},{"not_picked":["Anger","Headbutt"],"picked":"Metallicize","floor":19},{"not_picked":["Cleave","Twin Strike"],"picked":"Double Tap","floor":21},{"not_picked":["True Grit","Warcry"],"picked":"Shrug It Off","floor":22},{"not_picked":["Thunderclap","Flame Barrier"],"picked":"Dropkick+1","floor":23},{"not_picked":["Entrench","Intimidate"],"picked":"Pummel","floor":25},{"not_picked":["Searing Blow","True Grit"],"picked":"Sword Boomerang","floor":28},{"not_picked":["Evolve","Heavy Blade"],"picked":"Whirlwind+1","floor":30},{"not_picked":["Fire Breathing","Wild Strike"],"picked":"Shrug It Off","floor":31},{"not_picked":["Bludgeon","Double Tap"],"picked":"Demon Form","floor":33},{"not_picked":["Wild Strike+1","True Grit"],"picked":"Clothesline","floor":35},{"not_picked":["Finesse","hubris:Ssssneak"],"picked":"Discovery","floor":36},{"not_picked":["Violence","Secret Weapon"],"picked":"Discovery","floor":36},{"not_picked":["True Grit","Iron Wave","Searing Blow"],"picked":"SKIP","floor":37},{"not_picked":["Clash+1","Cleave","Body Slam"],"picked":"SKIP","floor":38},{"not_picked":["hubris:ReadiedAction","Combust+1"],"picked":"Heavy Blade+1","floor":39},{"not_picked":["Dropkick","Seeing Red"],"picked":"Clash+1","floor":40},{"not_picked":["Perfected Strike","Second Wind"],"picked":"Battle Trance+1","floor":41},{"not_picked":["Intimidate","True Grit","Burning Pact"],"picked":"SKIP","floor":42},{"not_picked":["Wild Strike","Reaper"],"picked":"Pommel Strike","floor":44},{"not_picked":["Infernal Blade","Headbutt"],"picked":"Shrug It Off","floor":46},{"not_picked":["Anger","Blood for Blood"],"picked":"Perfected Strike+1","floor":48},{"not_picked":["Entrench","Body Slam"],"picked":"Disarm+1","floor":55}],"player_experience":1141651,"relics_obtained":[{"floor":6,"key":"hubris:SlimyHat"},{"floor":9,"key":"Centennial Puzzle"},{"floor":11,"key":"Tiny Chest"},{"floor":14,"key":"hubris:DeckOfHolding"},{"floor":22,"key":"Charon\u0027s Ashes"},{"floor":22,"key":"hubris:IronBody"},{"floor":23,"key":"Nunchaku"},{"floor":25,"key":"Art of War"},{"floor":26,"key":"Girya"},{"floor":30,"key":"Pantograph"},{"floor":40,"key":"Smiling Mask"},{"floor":42,"key":"hubris:CuriousFeather"},{"floor":44,"key":"Pear"},{"floor":48,"key":"Mummified Hand"},{"floor":55,"key":"War Paint"}],"event_choices":[{"damage_healed":0,"gold_gain":0,"player_choice":"Lose Max HP","damage_taken":0,"relics_obtained":["Golden Idol"],"max_hp_gain":0,"max_hp_loss":7,"event_name":"Golden Idol","floor":3,"gold_loss":0},{"cards_removed":["Strike_R"],"damage_healed":0,"gold_gain":0,"player_choice":"Card Removal","damage_taken":0,"max_hp_gain":0,"max_hp_loss":0,"event_name":"The Cleric","floor":4,"gold_loss":75},{"damage_healed":0,"gold_gain":63,"player_choice":"Gained Gold","damage_taken":0,"max_hp_gain":0,"max_hp_loss":0,"event_name":"Golden Wing","floor":13,"gold_loss":0},{"damage_healed":0,"gold_gain":0,"player_choice":"Fight","damage_taken":0,"max_hp_gain":0,"max_hp_loss":0,"event_name":"Colosseum","floor":22,"gold_loss":0},{"damage_healed":0,"gold_gain":0,"player_choice":"Fought Nobs","damage_taken":0,"max_hp_gain":0,"max_hp_loss":0,"event_name":"Colosseum","floor":22,"gold_loss":0},{"damage_healed":0,"gold_gain":0,"player_choice":"Memory 3","damage_taken":10,"max_hp_gain":0,"max_hp_loss":0,"event_name":"SensoryStone","floor":36,"gold_loss":0}],"is_beta":false,"boss_relics":[{"not_picked":["Eternal Feather","Astrolabe"],"picked":"hubris:BlackHole"},{"not_picked":["Busted Crown","Pandora\u0027s Box"],"picked":"Coffee Dripper"}],"items_purged_floors":[],"is_endless":false,"potions_floor_spawned":[2,5,10,12,14,21,22,28,33,37,40,41,46,48,55],"ascension_level":20}