{"path_per_floor":["M","?","M","M","$","R","E","R","T","R","M","M","?"],"character_chosen":"DEFECT","items_purchased":[],"gold_per_floor":[119,119,139,153,78,78,113,113,137,137,156,174,174,174],"floor_reached":14,"campfire_rested":0,"playtime":378,"item_purchase_floors":[],"current_hp_per_floor":[73,73,72,60,60,60,44,44,44,44,38,26,1,0],"items_purged":["Decay"],"gold":174,"score":104,"play_id":"8ea349bf-011f-4f67-b56f-a2016339b8d7","local_time":"20180601225626","is_prod":false,"is_daily":false,"chose_seed":false,"is_ascension_mode":true,"campfire_upgraded":3,"win_rate":0,"timestamp":1527886586,"campfire_choices":[{"data":"Zap","floor":6,"key":"SMITH"},{"data":"Defragment","floor":8,"key":"SMITH"},{"data":"Electrodynamics","floor":10,"key":"SMITH"}],"path_taken":["M","?","?","M","$","R","E","R","T","R","M","M","?","E"],"build_version":"2018-05-30v2","seed_source_timestamp":49212993710998,"purchased_purges":1,"victory":false,"master_deck":["Strike_B","Strike_B","Strike_B","Strike_B","Defend_B","Defend_B","Defend_B","Defend_B","Zap+1","Dualcast","Defragment+1","Electrodynamics+1","Redo","Amplify","Chill","Double Energy"],"max_hp_per_floor":[75,75,75,75,75,75,75,75,75,75,75,75,75,75],"relics":["Cracked Core","Pen Nib","Potion Belt"],"card_choices":[{"not_picked":["Sweeping Beam","Cold Snap"],"picked":"Defragment","floor":1},{"not_picked":["White Noise","Leap"],"picked":"Electrodynamics","floor":3},{"not_picked":["Fusion","Chaos"],"picked":"Redo","floor":4},{"not_picked":["Rainbow","Hologram"],"picked":"Amplify","floor":7},{"not_picked":["Stack","Leap"],"picked":"Chill","floor":11},{"not_picked":["Beam Cell","Leap"],"picked":"Double Energy","floor":12}],"player_experience":259068,"potions_floor_usage":[11,12],"damage_taken":[{"damage":2,"enemies":"Jaw Worm","floor":1,"turns":3},{"damage":1,"enemies":"Cultist","floor":3,"turns":4},{"damage":12,"enemies":"Small Slimes","floor":4,"turns":2},{"damage":16,"enemies":"3 Sentries","floor":7,"turns":4},{"damage":6,"enemies":"2 Fungi Beasts","floor":11,"turns":3},{"damage":12,"enemies":"Lots of Slimes","floor":12,"turns":2},{"damage":8,"enemies":"Lagavulin","floor":14,"turns":4}],"relics_obtained":[{"floor":7,"key":"Pen Nib"},{"floor":9,"key":"Potion Belt"}],"event_choices":[{"event_name":"Wheel of Change","player_choice":"Curse","floor":2,"damage_taken":0},{"event_name":"Scrap Ooze","player_choice":"unsuccessful","floor":13,"damage_taken":25}],"boss_relics":[],"items_purged_floors":[5],"potions_floor_spawned":[7,11],"seed_played":"-5306382610199862964","killed_by":"Lagavulin","ascension_level":3,"potions_obtained":[{"floor":7,"key":"Poison Potion"},{"floor":11,"key":"Poison Potion"}],"is_trial":false}