{"gold_per_floor":[115,265,265,100,114,140,140,166,166,193,193,256,76,96,96,96],"floor_reached":16,"playtime":461,"items_purged":["Pain","Doubt"],"score":252,"play_id":"5d44c441-5366-4724-b50b-785732238731","local_time":"20190723005249","is_ascension_mode":true,"campfire_choices":[{"data":"Hyperbeam","floor":7.0,"key":"SMITH"},{"floor":11.0,"key":"REST"},{"floor":15,"key":"REST"}],"neow_cost":"TEN_PERCENT_HP_LOSS","seed_source_timestamp":12304578853040,"circlet_count":0,"master_deck":["AscendersBane","Strike_B","Strike_B","Strike_B","Strike_B","Defend_B","Defend_B","Defend_B","Defend_B","Zap","Dualcast","Hyperbeam+1","Conserve Battery","Sweeping Beam","Self Repair","Hologram","Lockon","Darkness","Fission","Compile Driver","Defragment","Capacitor"],"special_seed":0,"relics":["Cracked Core","WarpedTongs","StoneCalendar","Lantern","Turnip","Blood Vial","Tiny Chest"],"potions_floor_usage":[16],"damage_taken":[{"damage":0.0,"enemies":"2 Louse","floor":1.0,"turns":1.0},{"damage":4.0,"enemies":"Jaw Worm","floor":5.0,"turns":3.0},{"damage":43.0,"enemies":"3 Sentries","floor":6.0,"turns":10.0},{"damage":29.0,"enemies":"Gremlin Nob","floor":8.0,"turns":4.0},{"damage":7.0,"enemies":"Lagavulin","floor":10.0,"turns":7.0},{"damage":26.0,"enemies":"Gremlin Nob","floor":12.0,"turns":4.0},{"damage":0,"enemies":"Cultist","floor":14,"turns":1},{"damage":37,"enemies":"Hexaghost","floor":16,"turns":8}],"seed_played":"5969150262740490336","potions_obtained":[{"floor":6.0,"key":"Ancient Potion"},{"floor":8.0,"key":"Weak Potion"},{"floor":12.0,"key":"GamblersBrew"}],"is_trial":false,"path_per_floor":["M","?","?","$","M","E","R","E","T","E","R","E","$","M","R","B"],"character_chosen":"DEFECT","items_purchased":["Sweeping Beam","Self Repair","Defragment"],"campfire_rested":2,"item_purchase_floors":[4,4,13],"current_hp_per_floor":[64,64,64,64,64,31,31,9,9,9,28,11,11,13,32,0],"gold":96,"neow_bonus":"THREE_RARE_CARDS","is_prod":false,"is_daily":false,"chose_seed":false,"campfire_upgraded":1,"win_rate":0,"timestamp":1563835969,"path_taken":["M","?","?","$","?","E","R","E","T","E","R","E","$","M","R","BOSS"],"build_version":"2019-07-17","purchased_purges":2,"victory":false,"max_hp_per_floor":[64,64,64,64,64,64,64,64,64,64,64,64,64,64,64,64],"card_choices":[{"not_picked":["Seek","Amplify"],"picked":"Hyperbeam","floor":0.0},{"not_picked":["Steam","Beam Cell"],"picked":"Conserve Battery","floor":1.0},{"not_picked":["Barrage","Go for the Eyes"],"picked":"Hologram","floor":5.0},{"not_picked":["Machine Learning","Heatsinks"],"picked":"Lockon","floor":6.0},{"not_picked":["Beam Cell","Gash"],"picked":"Darkness","floor":8.0},{"not_picked":["Redo","Beam Cell"],"picked":"Fission","floor":10.0},{"not_picked":["BootSequence","Melter"],"picked":"Compile Driver","floor":12.0},{"not_picked":["Stack","Melter"],"picked":"Capacitor","floor":14}],"player_experience":1830185,"relics_obtained":[{"floor":6.0,"key":"StoneCalendar"},{"floor":8.0,"key":"Lantern"},{"floor":9.0,"key":"Turnip"},{"floor":10.0,"key":"Blood Vial"},{"floor":12.0,"key":"Tiny Chest"}],"event_choices":[{"damage_healed":0.0,"max_hp_gain":0.0,"max_hp_loss":0.0,"gold_gain":150.0,"event_name":"Liars Game","player_choice":"AGREE","floor":2.0,"gold_loss":0.0,"damage_taken":0.0,"cards_obtained":["Doubt"]},{"damage_healed":0.0,"max_hp_gain":0.0,"max_hp_loss":0.0,"gold_gain":0.0,"event_name":"Accursed Blacksmith","player_choice":"Rummage","floor":3.0,"gold_loss":0.0,"damage_taken":0.0,"relics_obtained":["WarpedTongs"],"cards_obtained":["Pain"]}],"is_beta":false,"boss_relics":[],"items_purged_floors":[4,13],"is_endless":false,"potions_floor_spawned":[6,8,12],"killed_by":"Hexaghost","ascension_level":20}