{"gold_per_floor":[144,219,219,264,264,264,354,381,456,546,511,601,601,6,6,306,306,351,351,351,54,54,156,168,270,332,434,146,110,135,135,135,435,435,480,480,480,522,133,223,223,313,313,313,403,493,518,563,563,563],"floor_reached":51,"playtime":2908,"items_purged":["Writhe"],"score":1250,"play_id":"6c16a921-9fd5-4037-98af-4cac7caa8f41","local_time":"20190929205718","daily_mods":["Shiny","Flight","Midas"],"is_ascension_mode":false,"campfire_choices":[{"floor":6,"key":"REST"},{"floor":15,"key":"REST"},{"floor":24,"key":"REST"},{"floor":32,"key":"REST"},{"floor":41,"key":"REST"},{"floor":44,"key":"REST"},{"floor":49,"key":"REST"}],"neow_cost":"","seed_source_timestamp":0,"circlet_count":0,"master_deck":["Hyperbeam+1","Biased Cognition+1","Machine Learning","Electrodynamics","Buffer","Rainbow","Seek","Meteor Strike+1","Echo Form","All For One","Reboot","Amplify","Creative AI","Fission+1","Core Surge","Doom and Gloom","Barrage+1","Coolheaded","Turbo","Streamline","Loop","Cold Snap","Buffer","White Noise","Coolheaded","Sunder","Loop+1","Self Repair","Streamline+1","Redo+1","Glacier+1","Beam Cell","Barrage","Hologram+1","Madness+1","Madness+1","Madness+1","Barrage+1","Hologram+1","Defragment+1","Loop+1","Chill+1"],"special_seed":18168,"relics":["Cracked Core","Juzu Bracelet","Odd Mushroom","Gremlin Horn","Bag of Preparation","Whetstone","Matryoshka","Tiny Chest","ClockworkSouvenir","Snecko Eye","Dream Catcher","Strange Spoon","Bronze Scales","MawBank","Anchor","Lantern","Potion Belt","Bag of Marbles","Bottled Lightning","Toxic Egg 2","Boot","Inserter","Mango","Centennial Puzzle","DataDisk","Vajra","Turnip","Strawberry","Orichalcum","Pen Nib","Smiling Mask"],"potions_floor_usage":[7,23,40,50,50,50,50,50,50,50,50,50,50],"damage_taken":[{"damage":10.0,"enemies":"2 Louse","floor":1.0,"turns":2.0},{"damage":7,"enemies":"Small Slimes","floor":4,"turns":2},{"damage":0,"enemies":"Gremlin Nob","floor":7,"turns":2},{"damage":0,"enemies":"The Mushroom Lair","floor":8,"turns":1},{"damage":9,"enemies":"3 Sentries","floor":10,"turns":2},{"damage":0,"enemies":"Gremlin Nob","floor":12,"turns":2},{"damage":22,"enemies":"The Guardian","floor":16,"turns":5},{"damage":8,"enemies":"Chosen","floor":18,"turns":2},{"damage":32,"enemies":"Slavers","floor":23,"turns":2},{"damage":1,"enemies":"Gremlin Leader","floor":25,"turns":2},{"damage":0,"enemies":"Slavers","floor":27,"turns":1},{"damage":0,"enemies":"Collector","floor":33,"turns":7},{"damage":16,"enemies":"3 Darklings","floor":35,"turns":3},{"damage":29,"enemies":"2 Orb Walkers","floor":38,"turns":4},{"damage":12,"enemies":"Nemesis","floor":40,"turns":7},{"damage":0,"enemies":"Giant Head","floor":42,"turns":2},{"damage":0,"enemies":"Reptomancer","floor":45,"turns":2},{"damage":0,"enemies":"Giant Head","floor":46,"turns":5},{"damage":0,"enemies":"3 Shapes","floor":48,"turns":3},{"damage":0,"enemies":"Donu and Deca","floor":50,"turns":5}],"seed_played":"8269897958075200893","potions_obtained":[{"floor":4,"key":"Fire Potion"},{"floor":5,"key":"EntropicBrew"},{"floor":5,"key":"Explosive Potion"},{"floor":10,"key":"Fire Potion"},{"floor":23,"key":"GamblersBrew"},{"floor":35,"key":"FearPotion"},{"floor":38,"key":"Regen Potion"},{"floor":45,"key":"LiquidBronze"}],"is_trial":false,"path_per_floor":["M","?","?","M","?","R","E","?","T","E","?","E","?","$","R","B",null,"M","?","?","$","T","E","R","E","T","E","$","$","T","?","R","B",null,"M","?","?","?","$","E","R","E","T","R","E","E","T","M","R","B",null],"character_chosen":"DEFECT","items_purchased":["Matryoshka","Tiny Chest","Cold Snap","ClockworkSouvenir","Strange Spoon","Coolheaded","Toxic Egg 2","Redo+1","Glacier+1","Centennial Puzzle","DataDisk","Madness+1"],"campfire_rested":7,"item_purchase_floors":[14,14,14,14,21,21,28,28,29,39,39,39],"current_hp_per_floor":[65,54,39,32,32,54,54,54,54,45,63,63,63,63,75,53,75,67,67,67,67,67,35,57,56,56,70,70,70,70,70,75,75,75,66,57,57,42,42,37,63,63,70,96,96,96,96,96,96,96],"gold":563,"neow_bonus":"","is_prod":false,"is_daily":true,"chose_seed":false,"campfire_upgraded":0,"win_rate":0,"timestamp":1569783438,"path_taken":["M","?","?","M","?","R","E","?","T","E","?","E","?","$","R","BOSS","M","?","?","$","?","E","R","E","T","E","?","$","?","?","R","BOSS","M","?","?","?","$","E","R","E","T","R","E","E","?","M","R","BOSS"],"build_version":"2019-07-05","purchased_purges":1,"victory":true,"max_hp_per_floor":[75,75,75,75,75,75,75,75,75,75,75,75,75,75,75,75,75,75,75,75,75,75,75,75,75,75,75,75,75,75,75,75,75,75,75,75,75,89,89,89,89,89,96,96,96,96,96,96,96,96],"card_choices":[{"not_picked":["Streamline","Rebound"],"picked":"Doom and Gloom","floor":1},{"not_picked":["Leap","Doom and Gloom"],"picked":"Barrage","floor":4},{"not_picked":["Fusion","Rip and Tear"],"picked":"Coolheaded","floor":7},{"not_picked":["Static Discharge","Auto Shields"],"picked":"Turbo","floor":8},{"not_picked":["Beam Cell","Blizzard"],"picked":"Streamline","floor":10},{"not_picked":["Capacitor","Creative AI"],"picked":"Loop","floor":12},{"not_picked":["Echo Form","Amplify"],"picked":"Buffer","floor":16},{"not_picked":["Streamline","Chaos"],"picked":"White Noise","floor":18},{"not_picked":["Consume","Conserve Battery"],"picked":"Sunder","floor":23},{"not_picked":["Compile Driver","Turbo"],"picked":"Loop+1","floor":24},{"not_picked":["Consume","Turbo+1"],"picked":"Self Repair","floor":25},{"not_picked":["Blizzard","Stack"],"picked":"Streamline+1","floor":27},{"not_picked":["Fusion+1","Ball Lightning"],"picked":"Barrage","floor":32},{"not_picked":["Gash","Redo+1"],"picked":"Hologram+1","floor":35},{"not_picked":["Capacitor+1","Undo+1","Ball Lightning+1"],"picked":"SKIP","floor":40},{"not_picked":["Stack+1","Streamline+1"],"picked":"Barrage+1","floor":41},{"not_picked":["Streamline","Stack+1"],"picked":"Hologram+1","floor":42},{"not_picked":["Echo Form","Redo+1"],"picked":"Defragment+1","floor":44},{"not_picked":["Sweeping Beam","Hello World"],"picked":"Loop+1","floor":45},{"not_picked":["Sweeping Beam+1","BootSequence+1","Chaos+1"],"picked":"SKIP","floor":46},{"not_picked":["Streamline","Gash+1","Conserve Battery+1"],"picked":"SKIP","floor":48},{"not_picked":["Leap+1","Beam Cell+1"],"picked":"Chill+1","floor":49}],"player_experience":43524,"relics_obtained":[{"floor":7,"key":"Juzu Bracelet"},{"floor":8,"key":"Odd Mushroom"},{"floor":9,"key":"Gremlin Horn"},{"floor":10,"key":"Bag of Preparation"},{"floor":12,"key":"Whetstone"},{"floor":22,"key":"Bronze Scales"},{"floor":22,"key":"MawBank"},{"floor":23,"key":"Anchor"},{"floor":25,"key":"Lantern"},{"floor":26,"key":"Potion Belt"},{"floor":26,"key":"Bag of Marbles"},{"floor":27,"key":"Bottled Lightning"},{"floor":30,"key":"Boot"},{"floor":38,"key":"Mango"},{"floor":40,"key":"Vajra"},{"floor":42,"key":"Turnip"},{"floor":43,"key":"Strawberry"},{"floor":45,"key":"Orichalcum"},{"floor":46,"key":"Pen Nib"},{"floor":47,"key":"Smiling Mask"}],"event_choices":[{"damage_healed":0,"gold_gain":75,"player_choice":"Gather Gold","damage_taken":11,"max_hp_gain":0,"max_hp_loss":0,"event_name":"World of Goop","floor":2,"gold_loss":0},{"damage_healed":0,"gold_gain":0,"player_choice":"Entered Light","damage_taken":15,"max_hp_gain":0,"max_hp_loss":0,"event_name":"Shining Light","floor":3,"gold_loss":0,"cards_upgraded":["Meteor Strike","Fission"]},{"damage_healed":0,"gold_gain":0,"player_choice":"Got Potions","damage_taken":0,"max_hp_gain":0,"max_hp_loss":0,"event_name":"Lab","floor":5,"gold_loss":0},{"damage_healed":0,"gold_gain":0,"player_choice":"Fought Mushrooms","damage_taken":0,"max_hp_gain":0,"max_hp_loss":0,"event_name":"Mushrooms","floor":8,"gold_loss":0},{"damage_healed":18,"gold_gain":0,"player_choice":"Healed","damage_taken":0,"max_hp_gain":0,"max_hp_loss":0,"event_name":"The Cleric","floor":11,"gold_loss":35},{"damage_healed":0,"gold_gain":0,"player_choice":"Upgraded","damage_taken":0,"max_hp_gain":0,"max_hp_loss":0,"event_name":"Upgrade Shrine","floor":13,"gold_loss":0,"cards_upgraded":["Biased Cognition"]},{"damage_healed":0,"gold_gain":0,"player_choice":"Ignored","damage_taken":0,"max_hp_gain":0,"max_hp_loss":0,"event_name":"Beggar","floor":19,"gold_loss":0},{"damage_healed":0,"gold_gain":0,"player_choice":"Opened","damage_taken":0,"relics_obtained":["Dream Catcher"],"max_hp_gain":0,"max_hp_loss":0,"event_name":"The Mausoleum","floor":20,"gold_loss":0,"cards_obtained":["Writhe"]},{"damage_healed":0,"gold_gain":0,"cards_transformed":["Thunder Strike"],"player_choice":"Transformed","damage_taken":0,"max_hp_gain":0,"max_hp_loss":0,"event_name":"Transmorgrifier","floor":31,"gold_loss":0,"cards_obtained":["Beam Cell"]},{"damage_healed":0,"gold_gain":0,"player_choice":"Embrace Madness","damage_taken":9,"max_hp_gain":0,"max_hp_loss":0,"event_name":"Winding Halls","floor":36,"gold_loss":0,"cards_obtained":["Madness","Madness"]},{"cards_removed":["Multi-Cast"],"damage_healed":0,"gold_gain":0,"player_choice":"Removed Skill","damage_taken":0,"max_hp_gain":0,"max_hp_loss":0,"event_name":"Falling","floor":37,"gold_loss":0},{"damage_healed":0,"gold_gain":0,"player_choice":"Fight","damage_taken":0,"max_hp_gain":0,"max_hp_loss":0,"event_name":"Mysterious Sphere","floor":38,"gold_loss":0}],"is_beta":false,"boss_relics":[{"not_picked":["FrozenCore","Orrery"],"picked":"Snecko Eye"},{"not_picked":["Coffee Dripper","Tiny House"],"picked":"Inserter"}],"items_purged_floors":[21],"is_endless":false,"potions_floor_spawned":[4,10,23,25,35,38,45],"ascension_level":0}