{"gold_per_floor":[114,126,126,86,106,106,106,132,132,167,178,188,216,216,216,319,319,337,117,137,137,85,117,117,135,161,161,161,187,206,206,206,206],"floor_reached":33,"playtime":2337,"items_purged":[],"score":459,"play_id":"b3a720f2-04a4-455e-8562-b44cb8fb5bfc","local_time":"20190329123119","is_ascension_mode":true,"campfire_choices":[{"data":"Go for the Eyes","floor":6,"key":"SMITH"},{"floor":15,"key":"REST"},{"data":"Storm","floor":24,"key":"SMITH"},{"data":"Zap","floor":27,"key":"SMITH"},{"data":"Buffer","floor":32,"key":"SMITH"}],"neow_cost":"NONE","seed_source_timestamp":194322411073263,"circlet_count":0,"master_deck":["Strike_B","Strike_B","Defend_B","Defend_B","Defend_B","Defend_B","Zap+1","Dualcast","Self Repair","Storm+1","Go for the Eyes+1","Ball Lightning","Reinforced Body","Storm","Machine Learning","Buffer+1","Conserve Battery","Stack","Self Repair","Ball Lightning","Steam","Genetic Algorithm"],"relics":["Cracked Core","Lantern","Singing Bowl","Blue Candle","Kunai","Omamori","Bag of Preparation","Coffee Dripper","Sling","Enchiridion","Smiling Mask","Pen Nib","Mercury Hourglass","Vajra"],"potions_floor_usage":[8,8,8,13,23,29,33,33],"damage_taken":[{"damage":3,"enemies":"Small Slimes","floor":1,"turns":4},{"damage":4,"enemies":"Jaw Worm","floor":2,"turns":5},{"damage":0,"enemies":"Cultist","floor":5,"turns":4},{"damage":22,"enemies":"Gremlin Nob","floor":8,"turns":4},{"damage":23,"enemies":"Lagavulin","floor":10,"turns":7},{"damage":10,"enemies":"Exordium Thugs","floor":11,"turns":5},{"damage":3,"enemies":"Blue Slaver","floor":12,"turns":5},{"damage":11,"enemies":"3 Sentries","floor":13,"turns":7},{"damage":56,"enemies":"Slime Boss","floor":16,"turns":13},{"damage":30,"enemies":"3 Byrds","floor":18,"turns":5},{"damage":15,"enemies":"Spheric Guardian","floor":20,"turns":6},{"damage":10,"enemies":"Gremlin Leader","floor":23,"turns":7},{"damage":7,"enemies":"Centurion and Healer","floor":25,"turns":2},{"damage":0,"enemies":"Book of Stabbing","floor":29,"turns":4},{"damage":7,"enemies":"Snecko","floor":30,"turns":4},{"damage":40,"enemies":"Automaton","floor":33,"turns":8}],"seed_played":"2859356743658441303","potions_obtained":[{"floor":1,"key":"FocusPotion"},{"floor":2,"key":"Strength Potion"},{"floor":5,"key":"Block Potion"},{"floor":10,"key":"Strength Potion"},{"floor":16,"key":"FearPotion"},{"floor":20,"key":"GamblersBrew"},{"floor":25,"key":"SpeedPotion"},{"floor":29,"key":"Strength Potion"}],"is_trial":false,"path_per_floor":["M","M","?","$","M","R","?","E","T","E","M","M","E","?","R","B",null,"M","$","M","?","$","E","R","M","T","R","?","E","M","T","R","B"],"character_chosen":"DEFECT","items_purchased":["Chaos","Sling","Stack","Swift Potion"],"campfire_rested":1,"item_purchase_floors":[4,19,19,22],"current_hp_per_floor":[72,75,72,72,79,79,72,57,57,41,33,37,33,33,58,9,65,42,42,34,18,18,31,31,24,24,24,24,38,40,40,40,0],"gold":206,"neow_bonus":"TEN_PERCENT_HP_BONUS","is_prod":false,"is_daily":false,"chose_seed":false,"campfire_upgraded":4,"win_rate":0,"timestamp":1553887879,"path_taken":["M","M","?","$","M","R","?","E","T","E","M","?","E","?","R","BOSS","M","$","?","?","$","E","R","M","T","R","?","E","?","?","R","BOSS"],"build_version":"2019-01-23","purchased_purges":0,"victory":false,"max_hp_per_floor":[82,82,82,82,82,82,82,82,82,82,84,84,84,84,84,84,84,84,84,84,84,84,86,86,86,86,86,86,86,88,88,88,88],"card_choices":[{"not_picked":["Steam Power","Cold Snap"],"picked":"Self Repair","floor":1},{"not_picked":["Darkness","Cold Snap"],"picked":"Storm","floor":2},{"not_picked":["Beam Cell","Sweeping Beam"],"picked":"Go for the Eyes","floor":5},{"not_picked":["Stack","Consume"],"picked":"Ball Lightning","floor":8},{"not_picked":["Beam Cell","Barrage"],"picked":"Reinforced Body","floor":10},{"not_picked":["Melter","All For One","Skim"],"picked":"Singing Bowl","floor":11},{"not_picked":["Coolheaded","Stack"],"picked":"Storm","floor":12},{"not_picked":["Recycle","Turbo"],"picked":"Machine Learning","floor":13},{"not_picked":["Core Surge","Meteor Strike"],"picked":"Buffer","floor":16},{"not_picked":["Sweeping Beam+1","Fusion+1"],"picked":"Conserve Battery","floor":18},{"not_picked":["Compile Driver","Genetic Algorithm+1"],"picked":"Self Repair","floor":20},{"not_picked":["Steam+1","Sweeping Beam+1","All For One"],"picked":"Singing Bowl","floor":23},{"not_picked":["Compile Driver+1","Sweeping Beam"],"picked":"Ball Lightning","floor":25},{"not_picked":["Beam Cell","Streamline"],"picked":"Genetic Algorithm","floor":29},{"not_picked":["Force Field","Hologram","Gash"],"picked":"Singing Bowl","floor":30}],"player_experience":494667,"relics_obtained":[{"floor":8,"key":"Singing Bowl"},{"floor":9,"key":"Blue Candle"},{"floor":10,"key":"Kunai"},{"floor":13,"key":"Omamori"},{"floor":21,"key":"Enchiridion"},{"floor":23,"key":"Smiling Mask"},{"floor":26,"key":"Pen Nib"},{"floor":29,"key":"Mercury Hourglass"},{"floor":31,"key":"Vajra"}],"event_choices":[{"damage_healed":0,"gold_gain":0,"player_choice":"Success","damage_taken":3,"relics_obtained":["Lantern"],"max_hp_gain":0,"max_hp_loss":0,"event_name":"Scrap Ooze","floor":3,"gold_loss":0},{"cards_removed":["Strike_B"],"damage_healed":0,"gold_gain":0,"player_choice":"Card Removal","damage_taken":7,"max_hp_gain":0,"max_hp_loss":0,"event_name":"Golden Wing","floor":7,"gold_loss":0},{"cards_removed":["Chaos"],"damage_healed":0,"gold_gain":0,"player_choice":"Gave Card","damage_taken":0,"relics_obtained":["Bag of Preparation"],"max_hp_gain":0,"max_hp_loss":0,"event_name":"WeMeetAgain","floor":14,"gold_loss":0},{"damage_healed":0,"gold_gain":0,"player_choice":"Obtained Book","damage_taken":16,"max_hp_gain":0,"max_hp_loss":0,"event_name":"Cursed Tome","floor":21,"gold_loss":0},{"damage_healed":0,"gold_gain":0,"cards_transformed":["Strike_B"],"player_choice":"Transformed","damage_taken":0,"max_hp_gain":0,"max_hp_loss":0,"event_name":"Transmorgrifier","floor":28,"gold_loss":0,"cards_obtained":["Steam"]}],"is_beta":false,"boss_relics":[{"not_picked":["Sozu","Runic Pyramid"],"picked":"Coffee Dripper"}],"items_purged_floors":[],"is_endless":false,"potions_floor_spawned":[1,2,5,10,16,20,25,29],"killed_by":"Automaton","ascension_level":8}