{"gold_per_floor":[116,3,3,3,3,35,54,73,98,198,30,58,58,69,69,166,166,181,198,210,225,250,285,34,52,52,80,80,100,100,5,5,102,102,119,0,15,15,35,53,2,19,44,61,88,88,122,133,133,133],"floor_reached":50,"playtime":5938,"items_purged":[],"score":801,"play_id":"0fc5821d-6f02-428c-8876-a08313fbc8de","local_time":"20190412065916","is_ascension_mode":true,"campfire_choices":[{"floor":13.0,"key":"REST"},{"floor":15.0,"key":"REST"},{"data":"Defragment","floor":28.0,"key":"SMITH"},{"data":"Loop","floor":30.0,"key":"SMITH"},{"data":"Zap","floor":32.0,"key":"SMITH"},{"floor":49,"key":"RECALL"}],"neow_cost":"NONE","seed_source_timestamp":0,"circlet_count":0,"master_deck":["Strike_B","Strike_B","Defend_B","Defend_B","Defend_B","Defend_B","Zap+1","Dualcast","FTL+1","Genetic Algorithm","Sunder+1","Skim","Reinforced Body","Loop+1","Heatsinks","Cold Snap","Machine Learning","Defragment+1","Biased Cognition","Tempest+1","Leap+1","Ball Lightning","Sweeping Beam","White Noise","BootSequence","Chill","Hello World","Self Repair","Coolheaded","Echo Form","Conserve Battery+1","Heatsinks","Defragment+1","Stack+1","Hologram+1","Go for the Eyes+1","Creative AI","Heatsinks+1"],"special_seed":0,"relics":["Cracked Core","Bronze Scales","Regal Pillow","Omamori","Bag of Preparation","Oddly Smooth Stone","Coffee Dripper","Strawberry","Centennial Puzzle","PreservedInsect","Dead Branch","Orichalcum","Lizard Tail","Red Mask","DataDisk","Bottled Lightning"],"potions_floor_usage":[47,48,50,50],"damage_taken":[{"damage":1.0,"enemies":"Cultist","floor":1.0,"turns":3.0},{"damage":29.0,"enemies":"Lagavulin","floor":6.0,"turns":5.0},{"damage":2.0,"enemies":"Jaw Worm","floor":7.0,"turns":2.0},{"damage":0.0,"enemies":"Small Slimes","floor":8.0,"turns":2.0},{"damage":14.0,"enemies":"Gremlin Nob","floor":12.0,"turns":3.0},{"damage":1.0,"enemies":"Red Slaver","floor":14.0,"turns":5.0},{"damage":52.0,"enemies":"Hexaghost","floor":16.0,"turns":10.0},{"damage":2.0,"enemies":"Shell Parasite","floor":18.0,"turns":6.0},{"damage":0.0,"enemies":"3 Byrds","floor":19.0,"turns":3.0},{"damage":0.0,"enemies":"Snecko","floor":20.0,"turns":3.0},{"damage":0.0,"enemies":"Chosen and Byrds","floor":21.0,"turns":6.0},{"damage":33.0,"enemies":"Book of Stabbing","floor":23.0,"turns":6.0},{"damage":0.0,"enemies":"Cultist and Chosen","floor":25.0,"turns":4.0},{"damage":5.0,"enemies":"Slavers","floor":27.0,"turns":3.0},{"damage":2.0,"enemies":"Centurion and Healer","floor":29.0,"turns":7.0},{"damage":19.0,"enemies":"Champ","floor":33.0,"turns":11.0},{"damage":3.0,"enemies":"3 Shapes","floor":35.0,"turns":6.0},{"damage":0.0,"enemies":"Orb Walker","floor":37.0,"turns":3.0},{"damage":44.0,"enemies":"Writhing Mass","floor":39.0,"turns":6.0},{"damage":4.0,"enemies":"Transient","floor":40.0,"turns":5.0},{"damage":1.0,"enemies":"3 Darklings","floor":42.0,"turns":7.0},{"damage":13.0,"enemies":"Jaw Worm Horde","floor":44.0,"turns":5.0},{"damage":9.0,"enemies":"Nemesis","floor":45.0,"turns":5.0},{"damage":44,"enemies":"Giant Head","floor":47,"turns":10},{"damage":43,"enemies":"Transient","floor":48,"turns":5},{"damage":48,"enemies":"Awakened One","floor":50,"turns":13}],"seed_played":"-5994025318428475097","potions_obtained":[{"floor":7.0,"key":"Strength Potion"},{"floor":12.0,"key":"Energy Potion"},{"floor":16.0,"key":"SteroidPotion"},{"floor":18.0,"key":"FearPotion"},{"floor":20.0,"key":"SkillPotion"},{"floor":25.0,"key":"FearPotion"},{"floor":29.0,"key":"Poison Potion"},{"floor":39.0,"key":"Block Potion"},{"floor":44.0,"key":"LiquidBronze"},{"floor":45.0,"key":"EssenceOfSteel"},{"floor":48,"key":"Ancient Potion"}],"is_trial":false,"path_per_floor":["M","$","?","?","?","E","M","M","T","?","$","E","R","M","R","B",null,"M","M","M","M","T","E","$","M","T","E","R","M","R","$","R","B",null,"M","?","M","?","M","M","$","M","T","M","E","?","E","M","R","B"],"character_chosen":"DEFECT","items_purchased":["Genetic Algorithm","Sunder","Cold Snap","Bag of Preparation","PreservedInsect","Block Potion","Fire Potion","Self Repair","Coolheaded","Weak Potion"],"campfire_rested":2,"item_purchase_floors":[2,2,11,11,24,24,24,31,31,41],"current_hp_per_floor":[67,67,52,52,52,23,21,21,21,21,21,7,44,43,75,23,62,60,60,60,60,67,34,34,34,34,29,29,27,27,27,27,8,64,68,68,75,75,45,41,41,47,47,48,53,53,16,37,37,0],"gold":133,"neow_bonus":"RANDOM_COMMON_RELIC","is_prod":false,"is_daily":false,"chose_seed":false,"campfire_upgraded":3,"win_rate":0,"timestamp":1555077556,"path_taken":["M","$","?","?","?","E","?","M","T","?","$","E","R","M","R","BOSS","M","M","M","M","?","E","$","M","T","E","R","M","R","$","R","BOSS","M","?","M","?","M","M","$","?","T","M","E","?","E","M","R","BOSS"],"build_version":"2019-01-23","purchased_purges":0,"victory":false,"max_hp_per_floor":[75,75,75,75,75,75,75,75,75,75,75,75,75,75,75,75,75,75,75,75,75,82,82,82,82,82,82,82,82,82,82,82,82,82,82,82,82,82,82,82,82,82,82,82,82,82,82,82,82,82],"card_choices":[{"not_picked":["Gash","Genetic Algorithm"],"picked":"FTL","floor":1.0},{"not_picked":["White Noise","Glacier"],"picked":"Reinforced Body","floor":6.0},{"not_picked":["Redo","Force Field"],"picked":"Loop","floor":7.0},{"not_picked":["Scrape","Barrage"],"picked":"Heatsinks","floor":8.0},{"not_picked":["Melter","Go for the Eyes"],"picked":"Machine Learning","floor":12.0},{"not_picked":["Force Field","Gash"],"picked":"Defragment","floor":14.0},{"not_picked":["Machine Learning","Seek"],"picked":"Biased Cognition","floor":16.0},{"not_picked":["Blizzard","Genetic Algorithm"],"picked":"Tempest+1","floor":18.0},{"not_picked":["Undo","Chill"],"picked":"Leap+1","floor":19.0},{"not_picked":["Doom and Gloom","Scrape"],"picked":"Ball Lightning","floor":20.0},{"not_picked":["Redo","Fusion+1"],"picked":"Sweeping Beam","floor":21.0},{"not_picked":["Fusion+1","Heatsinks"],"picked":"White Noise","floor":23.0},{"not_picked":["Cold Snap","Rebound"],"picked":"BootSequence","floor":25.0},{"not_picked":["Steam Power","Skim"],"picked":"Chill","floor":27.0},{"not_picked":["Rebound","Ball Lightning"],"picked":"Hello World","floor":29.0},{"not_picked":["Multi-Cast","Rainbow"],"picked":"Echo Form","floor":33.0},{"not_picked":["Rebound+1","Redo"],"picked":"Conserve Battery+1","floor":35.0},{"not_picked":["Steam","Hello World"],"picked":"Heatsinks","floor":37.0},{"not_picked":["Reinforced Body","Conserve Battery"],"picked":"Stack+1","floor":39.0},{"not_picked":["Leap","Gash"],"picked":"Hologram+1","floor":40.0},{"not_picked":["Doom and Gloom","Thunder Strike"],"picked":"Go for the Eyes+1","floor":42.0},{"not_picked":["Sweeping Beam","Turbo","Gash+1"],"picked":"SKIP","floor":44.0},{"not_picked":["Rip and Tear","Sunder","Consume"],"picked":"SKIP","floor":45.0},{"not_picked":["Conserve Battery","Skim"],"picked":"Creative AI","floor":47},{"not_picked":["Hologram","Hello World"],"picked":"Heatsinks+1","floor":48}],"player_experience":548407,"relics_obtained":[{"floor":6.0,"key":"Regal Pillow"},{"floor":9.0,"key":"Omamori"},{"floor":12.0,"key":"Oddly Smooth Stone"},{"floor":22.0,"key":"Strawberry"},{"floor":23.0,"key":"Centennial Puzzle"},{"floor":26.0,"key":"Dead Branch"},{"floor":27.0,"key":"Orichalcum"},{"floor":45.0,"key":"DataDisk"},{"floor":47,"key":"Bottled Lightning"}],"event_choices":[{"damage_healed":0.0,"max_hp_gain":0.0,"max_hp_loss":0.0,"gold_gain":0.0,"event_name":"Shining Light","player_choice":"Entered Light","floor":3.0,"gold_loss":0.0,"damage_taken":15.0,"cards_upgraded":["Sunder","FTL"]},{"damage_healed":0.0,"max_hp_gain":0.0,"max_hp_loss":0.0,"gold_gain":0.0,"event_name":"The Cleric","player_choice":"Leave","floor":4.0,"gold_loss":0.0,"damage_taken":0.0},{"damage_healed":0.0,"max_hp_gain":0.0,"max_hp_loss":0.0,"gold_gain":0.0,"cards_transformed":["Strike_B"],"event_name":"Transmorgrifier","player_choice":"Transformed","floor":5.0,"gold_loss":0.0,"damage_taken":0.0,"cards_obtained":["Skim"]},{"damage_healed":0.0,"max_hp_gain":0.0,"max_hp_loss":0.0,"gold_gain":100.0,"event_name":"Golden Shrine","player_choice":"Pray","floor":10.0,"gold_loss":0.0,"damage_taken":0.0},{"damage_healed":0.0,"max_hp_gain":0.0,"max_hp_loss":0.0,"gold_gain":0.0,"event_name":"Tomb of Lord Red Mask","player_choice":"Paid","floor":36.0,"gold_loss":119.0,"damage_taken":0.0,"relics_obtained":["Red Mask"]},{"damage_healed":0.0,"max_hp_gain":0.0,"max_hp_loss":0.0,"gold_gain":0.0,"event_name":"Duplicator","player_choice":"Copied","floor":38.0,"gold_loss":0.0,"damage_taken":0.0,"cards_obtained":["Defragment"]},{"cards_removed":["Strike_B"],"damage_healed":0,"gold_gain":0,"player_choice":"Offered Basic","damage_taken":0,"max_hp_gain":0,"max_hp_loss":0,"event_name":"Bonfire Elementals","floor":46,"gold_loss":0}],"is_beta":false,"boss_relics":[{"not_picked":["Ectoplasm","Busted Crown"],"picked":"Coffee Dripper"},{"not_picked":["Empty Cage","Inserter"],"picked":"Lizard Tail"}],"items_purged_floors":[],"is_endless":false,"potions_floor_spawned":[7,12,16,18,20,25,29,39,44,45,48],"killed_by":"Awakened One","ascension_level":8}