{"gold_per_floor":[112,122,142,162,172,172,182,182,232,232,251,267,283,294,294,392,392,405,418,437,437],"floor_reached":21,"playtime":860,"items_purged":[],"score":290,"play_id":"38edc7aa-f4be-4a15-9665-8b985af353a7","local_time":"20180914183659","is_ascension_mode":true,"campfire_choices":[{"data":"Zap","floor":6.0,"key":"SMITH"},{"data":"Defragment","floor":8.0,"key":"SMITH"},{"data":"Dualcast","floor":10.0,"key":"SMITH"},{"floor":15.0,"key":"REST"}],"neow_cost":"","seed_source_timestamp":0,"circlet_count":0,"master_deck":["Strike_B","Strike_B","Strike_B","Strike_B","Defend_B","Defend_B","Defend_B","Defend_B","Zap+1","Dualcast+1","AscendersBane","Conserve Battery","Steam","Cold Snap","Scrape","Defragment+1","Gash","Beam Cell","Go for the Eyes","Redo","All For One","Electrodynamics","Redo+1","Double Energy"],"special_seed":0,"relics":["Cracked Core","Blood Vial","Fusion Hammer"],"potions_floor_usage":[],"damage_taken":[{"damage":1.0,"enemies":"Cultist","floor":1.0,"turns":4.0},{"damage":0.0,"enemies":"2 Louse","floor":2.0,"turns":3.0},{"damage":0.0,"enemies":"Small Slimes","floor":3.0,"turns":3.0},{"damage":24.0,"enemies":"Exordium Wildlife","floor":4.0,"turns":5.0},{"damage":24.0,"enemies":"Exordium Thugs","floor":5.0,"turns":6.0},{"damage":0.0,"enemies":"Gremlin Gang","floor":7.0,"turns":4.0},{"damage":0.0,"enemies":"2 Fungi Beasts","floor":11.0,"turns":4.0},{"damage":0.0,"enemies":"Looter","floor":12.0,"turns":2.0},{"damage":17.0,"enemies":"Lots of Slimes","floor":13.0,"turns":3.0},{"damage":1.0,"enemies":"3 Louse","floor":14.0,"turns":3.0},{"damage":12.0,"enemies":"The Guardian","floor":16.0,"turns":10.0},{"damage":23.0,"enemies":"Shell Parasite","floor":18.0,"turns":4.0},{"damage":22.0,"enemies":"2 Thieves","floor":19.0,"turns":2.0},{"damage":20.0,"enemies":"Snake Plant","floor":20.0,"turns":3.0},{"damage":12,"enemies":"Snecko","floor":21,"turns":4}],"seed_played":"-8417951869280044691","potions_obtained":[{"floor":3.0,"key":"Regen Potion"},{"floor":5.0,"key":"Swift Potion"},{"floor":11.0,"key":"Dexterity Potion"},{"floor":13.0,"key":"EssenceOfSteel"},{"floor":16.0,"key":"Swift Potion"},{"floor":18.0,"key":"LiquidBronze"}],"is_trial":false,"path_per_floor":["M","M","M","M","M","R","M","R","T","R","M","M","M","M","R","B",null,"M","M","M"],"character_chosen":"DEFECT","items_purchased":[],"campfire_rested":1,"item_purchase_floors":[],"current_hp_per_floor":[67,67,67,43,19,19,19,19,19,19,21,23,8,18,40,30,64,43,23,5,0],"gold":437,"neow_bonus":"","is_prod":false,"is_daily":false,"chose_seed":false,"campfire_upgraded":3,"win_rate":0,"timestamp":1536943019,"path_taken":["M","M","M","M","M","R","M","R","T","R","M","M","M","?","R","BOSS","M","M","M","M"],"build_version":"2018-09-12","purchased_purges":0,"victory":false,"max_hp_per_floor":[75,75,75,75,75,75,75,75,75,75,75,75,75,75,75,75,75,75,75,75,75],"card_choices":[{"not_picked":["Beam Cell","Capacitor"],"picked":"Conserve Battery","floor":1.0},{"not_picked":["Redo","Blizzard"],"picked":"Steam","floor":2.0},{"not_picked":["Reprogram","Steam"],"picked":"Cold Snap","floor":3.0},{"not_picked":["Steam","Machine Learning"],"picked":"Scrape","floor":4.0},{"not_picked":["Sweeping Beam","Barrage"],"picked":"Defragment","floor":5.0},{"not_picked":["Barrage","Compile Driver"],"picked":"Gash","floor":7.0},{"not_picked":["Go for the Eyes","Undo"],"picked":"Beam Cell","floor":11.0},{"not_picked":["Cold Snap","Chill"],"picked":"Go for the Eyes","floor":12.0},{"not_picked":["Fusion","Melter"],"picked":"Redo","floor":13.0},{"not_picked":["Barrage","Beam Cell"],"picked":"All For One","floor":14.0},{"not_picked":["Fission","Multi-Cast"],"picked":"Electrodynamics","floor":16.0},{"not_picked":["Beam Cell+1","Ball Lightning"],"picked":"Redo+1","floor":18.0},{"not_picked":["Ball Lightning","Barrage","Hologram"],"picked":"SKIP","floor":19.0},{"not_picked":["Stack","Leap+1"],"picked":"Double Energy","floor":20.0}],"player_experience":432921,"relics_obtained":[{"floor":9.0,"key":"Blood Vial"}],"event_choices":[],"is_beta":true,"boss_relics":[{"not_picked":["Lizard Tail","White Beast Statue"],"picked":"Fusion Hammer"}],"items_purged_floors":[],"is_endless":false,"potions_floor_spawned":[3,5,11,13,16,18],"killed_by":"Snecko","ascension_level":12}