{"gold_per_floor":[117,117,5,19,29,29,358,318,318,318,344,344,40,55,55,129,129,142,173,186,21,21,21,48,48,48,79,93,108,137,153,153,227,227,243,254,154,154,170,195,210,220,271,190,217,217,237,286,286,286,286,286,286,84,116,116],"floor_reached":57,"playtime":2569,"items_purged":["Strike_G","Doubt"],"score":2810,"play_id":"2903d40b-456f-4838-a5d9-41ba8b0e8ee7","local_time":"20190611015927","is_ascension_mode":true,"campfire_choices":[{"data":"Noxious Fumes","floor":6.0,"key":"SMITH"},{"floor":12.0,"key":"REST"},{"data":"Catalyst","floor":15.0,"key":"SMITH"},{"data":"Adrenaline","floor":23.0,"key":"SMITH"},{"floor":25.0,"key":"REST"},{"floor":32.0,"key":"REST"},{"data":"Wraith Form v2","floor":46,"key":"SMITH"},{"floor":49,"key":"RECALL"},{"data":"Well Laid Plans","floor":53,"key":"SMITH"}],"neow_cost":"NONE","seed_source_timestamp":57720112760209,"circlet_count":0,"master_deck":["AscendersBane","Survivor","Neutralize","Flechettes","Noxious Fumes+1","Quick Slash","Backflip","PiercingWail","Crippling Poison+1","Adrenaline+1","Catalyst+1","Noxious Fumes","Finesse","Cloak And Dagger","Corpse Explosion","Backstab","Well Laid Plans+1","Catalyst+1","Deadly Poison","Concentrate","Tools of the Trade","Quick Slash","Accuracy","Catalyst","Flying Knee","Concentrate","Wraith Form v2+1","Dodge and Roll","Acrobatics+1","Regret","Backflip","Backflip","Footwork","Leg Sweep"],"special_seed":0,"relics":["Ring of the Snake","NeowsBlessing","Mango","Old Coin","Letter Opener","Blue Candle","Cursed Key","Red Mask","Snake Skull","Meat on the Bone","Bird Faced Urn","Boot","Pantograph","Pandora\u0027s Box","Gambling Chip","Sundial","Bag of Marbles","Thread and Needle","Bag of Preparation","Pear"],"potions_floor_usage":[56,56],"damage_taken":[{"damage":0.0,"enemies":"Cultist","floor":1.0,"turns":1.0},{"damage":0.0,"enemies":"Jaw Worm","floor":4.0,"turns":1.0},{"damage":0.0,"enemies":"Small Slimes","floor":5.0,"turns":1.0},{"damage":21.0,"enemies":"Lagavulin","floor":7.0,"turns":9.0},{"damage":0.0,"enemies":"Looter","floor":8.0,"turns":4.0},{"damage":46.0,"enemies":"Gremlin Nob","floor":11.0,"turns":5.0},{"damage":4.0,"enemies":"Lots of Slimes","floor":14.0,"turns":3.0},{"damage":12.0,"enemies":"Hexaghost","floor":16.0,"turns":8.0},{"damage":1.0,"enemies":"Chosen","floor":18.0,"turns":5.0},{"damage":4.0,"enemies":"Masked Bandits","floor":19.0,"turns":2.0},{"damage":0.0,"enemies":"Spheric Guardian","floor":20.0,"turns":3.0},{"damage":15.0,"enemies":"Slavers","floor":24.0,"turns":4.0},{"damage":20.0,"enemies":"Gremlin Leader","floor":27.0,"turns":5.0},{"damage":25.0,"enemies":"Chosen and Byrds","floor":28.0,"turns":6.0},{"damage":21.0,"enemies":"Snecko","floor":29.0,"turns":4.0},{"damage":17.0,"enemies":"Slavers","floor":30.0,"turns":3.0},{"damage":19.0,"enemies":"Shelled Parasite and Fungi","floor":31.0,"turns":4.0},{"damage":35.0,"enemies":"Automaton","floor":33.0,"turns":6.0},{"damage":24.0,"enemies":"3 Darklings","floor":35.0,"turns":3.0},{"damage":0.0,"enemies":"3 Shapes","floor":36.0,"turns":3.0},{"damage":21.0,"enemies":"Jaw Worm Horde","floor":39.0,"turns":2.0},{"damage":7,"enemies":"Giant Head","floor":40,"turns":5},{"damage":0,"enemies":"Sphere and 2 Shapes","floor":41,"turns":2},{"damage":7,"enemies":"Writhing Mass","floor":42,"turns":3},{"damage":15,"enemies":"Nemesis","floor":45,"turns":3},{"damage":1,"enemies":"4 Shapes","floor":47,"turns":5},{"damage":3,"enemies":"2 Orb Walkers","floor":48,"turns":2},{"damage":61,"enemies":"Time Eater","floor":50,"turns":6},{"damage":8,"enemies":"Donu and Deca","floor":51,"turns":4},{"damage":21,"enemies":"Shield and Spear","floor":55,"turns":4},{"damage":63,"enemies":"The Heart","floor":56,"turns":6}],"seed_played":"606019563837942837","potions_obtained":[{"floor":7.0,"key":"SpeedPotion"},{"floor":11.0,"key":"SpeedPotion"},{"floor":14.0,"key":"Swift Potion"},{"floor":27.0,"key":"Block Potion"},{"floor":30.0,"key":"AttackPotion"},{"floor":39.0,"key":"FearPotion"},{"floor":40,"key":"Ancient Potion"},{"floor":41,"key":"SkillPotion"},{"floor":48,"key":"PowerPotion"}],"is_trial":false,"path_per_floor":["M","?","$","M","M","R","E","M","T","?","E","R","$","M","R","B",null,"M","?","M","$","?","R","E","R","T","E","M","M","E","M","R","B",null,"M","M","$","?","M","E","M","M","T","?","E","R","M","?","R","B","B",null,"R","$","E","B",null],"character_chosen":"THE_SILENT","items_purchased":["Noxious Fumes","Quick Slash","Catalyst","Noxious Fumes","Finesse","Snake Skull","Footwork","Bag of Preparation"],"campfire_rested":3,"item_purchase_floors":[3,3,13,13,13,21,54,54],"current_hp_per_floor":[59,73,73,73,73,73,52,52,52,52,6,30,30,26,26,14,64,63,59,59,59,47,47,32,56,56,52,43,38,37,32,56,49,72,56,62,62,62,45,48,52,49,49,49,42,42,49,48,48,30,59,72,72,72,67,41],"gold":116,"neow_bonus":"THREE_ENEMY_KILL","is_prod":false,"is_daily":false,"chose_seed":false,"campfire_upgraded":5,"win_rate":0,"timestamp":1560211167,"path_taken":["M","?","$","?","M","R","E","M","T","?","E","R","?","M","R","BOSS","M","?","M","$","?","R","E","R","T","E","?","M","E","M","R","BOSS","M","M","$","?","M","E","M","M","T","?","E","R","?","?","R","BOSS","BOSS","R","$","E","BOSS"],"build_version":"2019-01-23","purchased_purges":2,"victory":true,"max_hp_per_floor":[66,80,80,80,80,80,80,80,80,80,80,80,80,80,80,80,80,80,80,80,80,80,80,80,80,80,80,80,80,80,80,80,80,80,80,80,80,76,76,76,76,76,76,76,76,76,76,76,76,76,76,76,76,76,86,86],"card_choices":[{"not_picked":["Underhanded Strike","Eviscerate"],"picked":"Flechettes","floor":1.0},{"not_picked":["Acrobatics","Endless Agony"],"picked":"Backflip","floor":4.0},{"not_picked":["Deflect","Slice"],"picked":"PiercingWail","floor":5.0},{"not_picked":["Deadly Poison","Slice"],"picked":"Crippling Poison","floor":7.0},{"not_picked":["Backstab","Acrobatics"],"picked":"Adrenaline","floor":8.0},{"not_picked":["Outmaneuver","Heel Hook","Grand Finale"],"picked":"SKIP","floor":11.0},{"not_picked":["Expertise","Prepared"],"picked":"Cloak And Dagger","floor":14.0},{"not_picked":["Bullet Time","Grand Finale"],"picked":"Corpse Explosion","floor":16.0},{"not_picked":["Caltrops","Finisher","Distraction"],"picked":"SKIP","floor":18.0},{"not_picked":["Dagger Throw","Deflect"],"picked":"Backstab","floor":19.0},{"not_picked":["Poisoned Stab","Deflect","Underhanded Strike"],"picked":"SKIP","floor":20.0},{"not_picked":["Expertise","Cloak And Dagger","Deadly Poison"],"picked":"SKIP","floor":24.0},{"not_picked":["Reflex","Blade Dance","Doppelganger"],"picked":"SKIP","floor":27.0},{"not_picked":["Blade Dance","Poisoned Stab"],"picked":"Well Laid Plans","floor":28.0},{"not_picked":["Flying Knee","Prepared"],"picked":"Catalyst+1","floor":29.0},{"not_picked":["Setup","Bane+1","Predator+1"],"picked":"SKIP","floor":30.0},{"not_picked":["Setup+1","Flying Knee+1","Outmaneuver"],"picked":"SKIP","floor":31.0},{"not_picked":["Outmaneuver+1","Poisoned Stab+1","Quick Slash"],"picked":"SKIP","floor":35.0},{"not_picked":["Expertise+1","Dagger Spray","Riddle With Holes"],"picked":"SKIP","floor":36.0},{"not_picked":["Slice","Deflect"],"picked":"Dodge and Roll","floor":39.0},{"not_picked":["Catalyst","Tactician"],"picked":"Acrobatics+1","floor":40},{"not_picked":["Doppelganger","Deflect","Slice"],"picked":"SKIP","floor":41},{"not_picked":["Noxious Fumes","Flying Knee","Poisoned Stab"],"picked":"SKIP","floor":42},{"not_picked":["Underhanded Strike","Prepared"],"picked":"Backflip","floor":45},{"not_picked":["Outmaneuver","Skewer","Quick Slash"],"picked":"SKIP","floor":47},{"not_picked":["Deflect","Tactician"],"picked":"Backflip","floor":48},{"not_picked":["Quick Slash","Catalyst"],"picked":"Leg Sweep","floor":55}],"player_experience":1731920,"relics_obtained":[{"floor":2.0,"key":"Mango"},{"floor":7.0,"key":"Old Coin"},{"floor":9.0,"key":"Letter Opener"},{"floor":11.0,"key":"Blue Candle"},{"floor":19.0,"key":"Red Mask"},{"floor":24.0,"key":"Meat on the Bone"},{"floor":26.0,"key":"Bird Faced Urn"},{"floor":27.0,"key":"Boot"},{"floor":30.0,"key":"Pantograph"},{"floor":40,"key":"Gambling Chip"},{"floor":45,"key":"Bag of Marbles"},{"floor":48,"key":"Thread and Needle"},{"floor":55,"key":"Pear"}],"event_choices":[{"damage_healed":0.0,"max_hp_gain":0.0,"max_hp_loss":0.0,"gold_gain":0.0,"event_name":"Wheel of Change","player_choice":"Relic","floor":2.0,"gold_loss":0.0,"damage_taken":0.0},{"damage_healed":0.0,"max_hp_gain":0.0,"max_hp_loss":0.0,"gold_gain":0.0,"event_name":"Living Wall","player_choice":"Grow","floor":10.0,"gold_loss":0.0,"damage_taken":0.0,"cards_upgraded":["Crippling Poison"]},{"damage_healed":0.0,"max_hp_gain":0.0,"max_hp_loss":0.0,"gold_gain":0.0,"event_name":"Masked Bandits","player_choice":"Fought Bandits","floor":19.0,"gold_loss":0.0,"damage_taken":0.0},{"damage_healed":0.0,"max_hp_gain":0.0,"max_hp_loss":0.0,"gold_gain":0.0,"event_name":"Wheel of Change","player_choice":"Damaged","floor":22.0,"gold_loss":0.0,"damage_taken":12.0},{"damage_healed":0.0,"max_hp_gain":0.0,"max_hp_loss":4.0,"gold_gain":0.0,"event_name":"Winding Halls","player_choice":"Max HP","floor":38.0,"gold_loss":0.0,"damage_taken":0.0},{"damage_healed":0,"gold_gain":0,"player_choice":"Paid Gold","damage_taken":0,"relics_obtained":["Sundial"],"max_hp_gain":0,"max_hp_loss":0,"event_name":"WeMeetAgain","floor":44,"gold_loss":81},{"damage_healed":0,"gold_gain":0,"player_choice":"Fight","damage_taken":0,"max_hp_gain":0,"max_hp_loss":0,"event_name":"Mysterious Sphere","floor":48,"gold_loss":0}],"is_beta":false,"boss_relics":[{"not_picked":["Black Star","Ring of the Serpent"],"picked":"Cursed Key"},{"not_picked":["Runic Dome","Tiny House"],"picked":"Pandora\u0027s Box"}],"items_purged_floors":[13,37],"is_endless":false,"potions_floor_spawned":[7,11,14,16,27,29,30,33,39,40,41,45,48],"ascension_level":20}