{"gold_per_floor":[113,124,138,138,138,138,172,172,172,200,200,200,230,288,288,367,367,383,383,393,393],"floor_reached":21,"playtime":703,"items_purged":[],"score":364,"play_id":"7c0963f9-a276-44b3-9e46-b2d726bf97a9","local_time":"20181127151237","is_ascension_mode":true,"campfire_choices":[{"data":"Clothesline","floor":6,"key":"SMITH"},{"data":"Bash","floor":11,"key":"SMITH"},{"data":"Rampage","floor":15,"key":"SMITH"}],"neow_cost":"NONE","seed_source_timestamp":19201413573022,"circlet_count":0,"master_deck":["AscendersBane","Strike_R","Strike_R","Strike_R","Strike_R","Strike_R","Defend_R","Defend_R","Defend_R","Defend_R","Bash+1","Twin Strike","Clothesline+1","Inflame+1","Rampage+1","Flex","Anger","Offering+1","Body Slam","Iron Wave+1"],"relics":["Burning Blood","Pen Nib","Calipers","Champion Belt","Centennial Puzzle","Ice Cream","Black Star"],"potions_floor_usage":[7,12,21],"damage_taken":[{"damage":6,"enemies":"Cultist","floor":1,"turns":3},{"damage":3,"enemies":"Small Slimes","floor":2,"turns":4},{"damage":2,"enemies":"Jaw Worm","floor":3,"turns":3},{"damage":15,"enemies":"Lagavulin","floor":7,"turns":5},{"damage":35,"enemies":"3 Sentries","floor":10,"turns":10},{"damage":7,"enemies":"Lots of Slimes","floor":12,"turns":2},{"damage":12,"enemies":"Gremlin Nob","floor":13,"turns":3},{"damage":31,"enemies":"The Guardian","floor":16,"turns":9},{"damage":31,"enemies":"Shell Parasite","floor":18,"turns":4},{"damage":23,"enemies":"2 Thieves","floor":20,"turns":4},{"damage":22,"enemies":"Colosseum Slavers","floor":21,"turns":2}],"seed_played":"4517722513421665713","potions_obtained":[{"floor":2,"key":"PowerPotion"},{"floor":7,"key":"SmokeBomb"},{"floor":10,"key":"SpeedPotion"}],"is_trial":false,"path_per_floor":["M","M","M","?","?","R","E","?","T","E","R","M","E","?","R","B",null,"M","?","M","?"],"character_chosen":"IRONCLAD","items_purchased":[],"campfire_rested":0,"item_purchase_floors":[],"current_hp_per_floor":[68,71,75,75,75,75,66,71,71,42,42,41,35,35,35,10,63,38,38,21,0],"gold":393,"neow_bonus":"RANDOM_COMMON_RELIC","is_prod":false,"is_daily":false,"chose_seed":false,"campfire_upgraded":3,"win_rate":0,"timestamp":1543327957,"path_taken":["M","M","M","?","?","R","E","?","T","E","R","M","E","?","R","BOSS","M","?","?","?"],"build_version":"2018-11-15","purchased_purges":0,"victory":false,"max_hp_per_floor":[75,75,75,75,75,75,75,80,80,80,80,80,80,80,80,80,80,80,80,80,80],"card_choices":[{"not_picked":["True Grit","Flame Barrier"],"picked":"Twin Strike","floor":1},{"not_picked":["Dropkick","Heavy Blade"],"picked":"Clothesline","floor":2},{"not_picked":["Blood for Blood","Shrug It Off"],"picked":"Inflame","floor":3},{"not_picked":["Sever Soul","Anger"],"picked":"Rampage","floor":7},{"not_picked":["True Grit","Headbutt"],"picked":"Flex","floor":10},{"not_picked":["Shockwave","Blood for Blood"],"picked":"Anger","floor":13},{"not_picked":["Immolate","Dark Embrace"],"picked":"Offering","floor":16},{"not_picked":["Clash","Perfected Strike"],"picked":"Body Slam","floor":18},{"not_picked":["Wild Strike","Heavy Blade"],"picked":"Iron Wave+1","floor":20}],"player_experience":897072,"relics_obtained":[{"floor":7,"key":"Calipers"},{"floor":9,"key":"Champion Belt"},{"floor":10,"key":"Centennial Puzzle"},{"floor":13,"key":"Ice Cream"}],"event_choices":[{"damage_healed":0,"gold_gain":0,"player_choice":"Grow","damage_taken":0,"max_hp_gain":0,"max_hp_loss":0,"event_name":"Living Wall","floor":4,"gold_loss":0,"cards_upgraded":["Inflame"]},{"damage_healed":0,"gold_gain":0,"player_choice":"Ignored","damage_taken":0,"max_hp_gain":0,"max_hp_loss":0,"event_name":"Liars Game","floor":5,"gold_loss":0},{"damage_healed":0,"gold_gain":0,"player_choice":"Donut","damage_taken":0,"max_hp_gain":5,"max_hp_loss":0,"event_name":"Big Fish","floor":8,"gold_loss":0},{"damage_healed":0,"gold_gain":58,"player_choice":"Gained Gold","damage_taken":0,"max_hp_gain":0,"max_hp_loss":0,"event_name":"Golden Wing","floor":14,"gold_loss":0},{"damage_healed":0,"gold_gain":0,"player_choice":"Forge","damage_taken":0,"max_hp_gain":0,"max_hp_loss":0,"event_name":"Accursed Blacksmith","floor":19,"gold_loss":0,"cards_upgraded":["Offering"]},{"damage_healed":0,"gold_gain":0,"player_choice":"Fight","damage_taken":0,"max_hp_gain":0,"max_hp_loss":0,"event_name":"Colosseum","floor":21,"gold_loss":0}],"is_beta":true,"boss_relics":[{"not_picked":["Orrery","Astrolabe"],"picked":"Black Star"}],"items_purged_floors":[],"is_endless":false,"potions_floor_spawned":[2,7,10],"killed_by":"Colosseum Slavers","ascension_level":17}