{"gold_per_floor":[118,118,118,136,136,136,177,177,177,177,57,57,57,71,71,190,190,206,227,227,227],"floor_reached":21,"playtime":493,"items_purged":[],"score":200,"play_id":"2ab7171f-1b16-48dc-aea9-7ef44e65892d","local_time":"20190524231939","is_ascension_mode":false,"campfire_choices":[{"data":"Zap","floor":6,"key":"SMITH"},{"floor":8,"key":"RECALL"},{"data":"Self Repair","floor":10,"key":"SMITH"},{"floor":13,"key":"REST"},{"data":"Ball Lightning","floor":15,"key":"SMITH"}],"neow_cost":"NONE","seed_source_timestamp":626386054142583,"circlet_count":0,"master_deck":["Strike_B","Strike_B","Strike_B","Defend_B","Defend_B","Defend_B","Defend_B","Zap+1","Dualcast","Steam","Self Repair+1","Heatsinks","Ball Lightning+1","Electrodynamics","Writhe","Injury","Decay","Ball Lightning","White Noise"],"relics":["Cracked Core","NeowsBlessing","Golden Idol","Lantern","Pantograph","Tiny Chest","Calling Bell","Anchor","Dodecahedron","Girya"],"potions_floor_usage":[21],"damage_taken":[{"damage":0,"enemies":"Small Slimes","floor":1,"turns":1},{"damage":0,"enemies":"Jaw Worm","floor":4,"turns":1},{"damage":0,"enemies":"3 Sentries","floor":7,"turns":1},{"damage":0,"enemies":"Cultist","floor":14,"turns":3},{"damage":69,"enemies":"The Guardian","floor":16,"turns":13},{"damage":22,"enemies":"Spheric Guardian","floor":18,"turns":4},{"damage":43,"enemies":"3 Byrds","floor":19,"turns":4},{"damage":33,"enemies":"Shelled Parasite and Fungi","floor":21,"turns":3}],"seed_played":"-7858882885077033585","potions_obtained":[{"floor":16,"key":"Dexterity Potion"},{"floor":18,"key":"Ancient Potion"}],"is_trial":false,"path_per_floor":["M","?","?","M","?","R","E","R","T","R","$","T","R","M","R","B",null,"M","M","?","M"],"character_chosen":"DEFECT","items_purchased":["Tiny Chest"],"campfire_rested":1,"item_purchase_floors":[11],"current_hp_per_floor":[75,68,50,50,50,50,50,50,50,50,50,50,72,75,75,16,75,63,30,30,0],"gold":227,"neow_bonus":"THREE_ENEMY_KILL","is_prod":false,"is_daily":false,"chose_seed":false,"campfire_upgraded":3,"win_rate":0,"timestamp":1558711179,"path_taken":["M","?","?","M","?","R","E","R","T","R","$","?","R","M","R","BOSS","M","M","?","M"],"build_version":"2019-01-23","purchased_purges":0,"victory":false,"max_hp_per_floor":[75,75,75,75,75,75,75,75,75,75,75,75,75,75,75,75,75,75,75,75,75],"card_choices":[{"not_picked":["Barrage","Cold Snap"],"picked":"Steam","floor":1},{"not_picked":["Sweeping Beam","Steam"],"picked":"Self Repair","floor":4},{"not_picked":["Coolheaded","Darkness"],"picked":"Heatsinks","floor":7},{"not_picked":["Rebound","Fusion"],"picked":"Ball Lightning","floor":14},{"not_picked":["Rainbow","Biased Cognition"],"picked":"Electrodynamics","floor":16},{"not_picked":["FTL","Go for the Eyes"],"picked":"Ball Lightning","floor":18},{"not_picked":["Gash+1","Reinforced Body"],"picked":"White Noise","floor":19}],"player_experience":193489,"relics_obtained":[{"floor":7,"key":"Lantern"},{"floor":9,"key":"Pantograph"},{"floor":17,"key":"Anchor"},{"floor":17,"key":"Dodecahedron"},{"floor":17,"key":"Girya"}],"event_choices":[{"cards_removed":["Strike_B"],"damage_healed":0,"gold_gain":0,"player_choice":"Card Removal","damage_taken":7,"max_hp_gain":0,"max_hp_loss":0,"event_name":"Golden Wing","floor":2,"gold_loss":0},{"damage_healed":0,"gold_gain":0,"player_choice":"Take Damage","damage_taken":18,"relics_obtained":["Golden Idol"],"max_hp_gain":0,"max_hp_loss":0,"event_name":"Golden Idol","floor":3,"gold_loss":0},{"damage_healed":0,"gold_gain":0,"player_choice":"Ignored","damage_taken":0,"max_hp_gain":0,"max_hp_loss":0,"event_name":"Liars Game","floor":5,"gold_loss":0},{"damage_healed":0,"gold_gain":0,"player_choice":"Bought 0 Potions","damage_taken":0,"max_hp_gain":0,"max_hp_loss":0,"event_name":"The Woman in Blue","floor":20,"gold_loss":0}],"is_beta":false,"boss_relics":[{"not_picked":["Ectoplasm","Coffee Dripper"],"picked":"Calling Bell"}],"items_purged_floors":[],"is_endless":false,"potions_floor_spawned":[16,18],"killed_by":"Shelled Parasite and Fungi","ascension_level":0}