{"gold_per_floor":[16,29,29,42,62,62,87,87,87,117,117,130,149,72,72,150,150,166,179,179,199,114,114,130,130,208,238,238,265,284,302,302,302],"floor_reached":33,"playtime":4099,"items_purged":[],"score":563,"play_id":"8a7bdd86-9868-430e-ada4-41af457b37ed","local_time":"20181109000204","is_ascension_mode":true,"campfire_choices":[{"data":"Iron Wave","floor":6.0,"key":"SMITH"},{"data":"Pommel Strike","floor":8.0,"key":"SMITH"},{"data":"Anger","floor":11.0,"key":"SMITH"},{"data":"Bash","floor":15.0,"key":"SMITH"},{"data":"Shrug It Off","floor":23,"key":"SMITH"},{"data":"Evolve","floor":25,"key":"SMITH"},{"data":"Feel No Pain","floor":28,"key":"SMITH"},{"data":"Burning Pact","floor":32,"key":"SMITH"}],"neow_cost":"NO_GOLD","seed_source_timestamp":0,"circlet_count":0,"master_deck":["AscendersBane","Defend_R+1","Defend_R","Defend_R+1","Defend_R","Bash+1","Anger+1","Pommel Strike+1","Iron Wave+1","Shrug It Off+1","Burning Pact+1","Flame Barrier+1","Havoc+1","Impervious+1","Disarm+1","Limit Break+1","Wild Strike","Dual Wield+1","Bite","Bite","Bite","Bite","Bite","Anger+1","Evolve+1","Feel No Pain+1","Reaper","Body Slam+1","Corruption+1"],"special_seed":0,"relics":["Burning Blood","Torii","War Paint","Sundial","Toxic Egg 2","Philosopher\u0027s Stone","Letter Opener","Darkstone Periapt","Blood Vial","Dodecahedron"],"potions_floor_usage":[27,31],"damage_taken":[{"damage":9.0,"enemies":"2 Louse","floor":1.0,"turns":3.0},{"damage":6.0,"enemies":"Cultist","floor":2.0,"turns":3.0},{"damage":0.0,"enemies":"Small Slimes","floor":4.0,"turns":2.0},{"damage":3.0,"enemies":"Looter","floor":5.0,"turns":4.0},{"damage":23.0,"enemies":"3 Sentries","floor":7.0,"turns":9.0},{"damage":31.0,"enemies":"Lagavulin","floor":10.0,"turns":8.0},{"damage":6.0,"enemies":"Blue Slaver","floor":12.0,"turns":3.0},{"damage":0.0,"enemies":"Exordium Wildlife","floor":13.0,"turns":4.0},{"damage":36.0,"enemies":"The Guardian","floor":16.0,"turns":14.0},{"damage":1.0,"enemies":"Chosen","floor":18.0,"turns":6.0},{"damage":3.0,"enemies":"3 Byrds","floor":19.0,"turns":4.0},{"damage":4,"enemies":"Cultist and Chosen","floor":21,"turns":8},{"damage":0,"enemies":"Centurion and Healer","floor":24,"turns":6},{"damage":17,"enemies":"Slavers","floor":27,"turns":6},{"damage":22,"enemies":"Book of Stabbing","floor":29,"turns":6},{"damage":7,"enemies":"Shelled Parasite and Fungi","floor":30,"turns":6},{"damage":12,"enemies":"Snecko","floor":31,"turns":6},{"damage":100,"enemies":"Collector","floor":33,"turns":11}],"seed_played":"-1614439964266551265","potions_obtained":[{"floor":2.0,"key":"Energy Potion"},{"floor":4.0,"key":"BloodPotion"},{"floor":13.0,"key":"FairyPotion"},{"floor":16.0,"key":"SkillPotion"},{"floor":30,"key":"SkillPotion"}],"is_trial":false,"path_per_floor":["M","M","?","M","M","R","E","R","T","E","R","M","M","$","R","B",null,"M","M","?","M","?","R","M","R","T","E","R","E","M","M","R","B"],"character_chosen":"IRONCLAD","items_purchased":["Disarm+1"],"campfire_rested":0,"item_purchase_floors":[14],"current_hp_per_floor":[65,65,65,71,74,74,57,57,57,32,32,32,38,38,38,15,60,65,68,52,52,52,52,52,52,52,51,51,40,47,52,52,0],"gold":302,"neow_bonus":"ONE_RARE_RELIC","is_prod":false,"is_daily":false,"chose_seed":false,"campfire_upgraded":8,"win_rate":0,"timestamp":1541718124,"path_taken":["M","M","?","M","M","R","E","R","T","E","R","?","M","?","R","BOSS","M","M","?","M","?","R","M","R","T","E","R","E","M","M","R","BOSS"],"build_version":"2018-11-07","purchased_purges":0,"victory":false,"max_hp_per_floor":[75,75,75,75,75,75,75,75,75,75,75,75,75,75,75,75,75,75,75,52,52,52,52,52,52,52,52,52,52,52,52,52,52],"card_choices":[{"not_picked":["Heavy Blade","Shockwave"],"picked":"Anger","floor":1.0},{"not_picked":["Body Slam","Sword Boomerang"],"picked":"Pommel Strike","floor":2.0},{"not_picked":["Blood for Blood","Berserk"],"picked":"Iron Wave","floor":4.0},{"not_picked":["Flex","Dual Wield"],"picked":"Shrug It Off","floor":5.0},{"not_picked":["Reckless Charge","Body Slam"],"picked":"Burning Pact","floor":7.0},{"not_picked":["True Grit","Havoc"],"picked":"Flame Barrier","floor":10.0},{"not_picked":["Pummel","Clash"],"picked":"Havoc+1","floor":12.0},{"not_picked":["Pummel","Fire Breathing"],"picked":"Impervious+1","floor":13.0},{"not_picked":["Reaper","Fiend Fire"],"picked":"Limit Break+1","floor":16.0},{"not_picked":["Reckless Charge","Iron Wave"],"picked":"Wild Strike","floor":18.0},{"not_picked":["Intimidate+1","Ghostly Armor+1"],"picked":"Dual Wield+1","floor":19.0},{"not_picked":["Fire Breathing","Iron Wave"],"picked":"Anger+1","floor":21},{"not_picked":["Searing Blow","Flame Barrier+1"],"picked":"Evolve","floor":24},{"not_picked":["Dual Wield+1","Anger"],"picked":"Feel No Pain","floor":27},{"not_picked":["Bloodletting+1","Feel No Pain"],"picked":"Reaper","floor":29},{"not_picked":["Rupture","Clothesline"],"picked":"Body Slam+1","floor":30},{"not_picked":["Anger+1","Pommel Strike"],"picked":"Corruption+1","floor":31}],"player_experience":778185,"relics_obtained":[{"floor":7.0,"key":"War Paint"},{"floor":9.0,"key":"Sundial"},{"floor":10.0,"key":"Toxic Egg 2"},{"floor":26,"key":"Darkstone Periapt"},{"floor":27,"key":"Blood Vial"},{"floor":29,"key":"Dodecahedron"}],"event_choices":[{"cards_removed":["Strike_R"],"damage_healed":0.0,"max_hp_gain":0.0,"max_hp_loss":0.0,"gold_gain":0.0,"event_name":"Purifier","player_choice":"Purged","floor":3.0,"gold_loss":0.0,"damage_taken":0.0},{"damage_healed":0.0,"max_hp_gain":0.0,"max_hp_loss":23.0,"gold_gain":0.0,"event_name":"Vampires","player_choice":"Became a vampire","floor":20.0,"gold_loss":0.0,"damage_taken":0.0,"cards_obtained":["Bite","Bite","Bite","Bite","Bite"]},{"damage_healed":0,"gold_gain":0,"player_choice":"Obtained Relic","damage_taken":0,"relics_obtained":["Letter Opener"],"max_hp_gain":0,"max_hp_loss":0,"event_name":"Addict","floor":22,"gold_loss":85}],"is_beta":true,"boss_relics":[{"not_picked":["Runic Cube","Fusion Hammer"],"picked":"Philosopher\u0027s Stone"}],"items_purged_floors":[],"is_endless":false,"potions_floor_spawned":[2,4,13,16,21,24,30],"killed_by":"Collector","ascension_level":16}