{"gold_per_floor":[14,14,33,45,45,45,75,75,75,51,51,68,82,111,111,214,214,225,56,72,86,106,106,137,236,236,254,254,268,268,279,279,375,375,391,93,66,66,26,26],"floor_reached":40,"playtime":2303,"items_purged":[],"score":666,"play_id":"3372af5a-9b2c-4bd8-b7df-da138dba6b55","local_time":"20181002000224","is_ascension_mode":true,"campfire_choices":[{"data":"Neutralize","floor":6,"key":"SMITH"},{"floor":8,"key":"REST"},{"floor":15,"key":"REST"},{"floor":23,"key":"REST"},{"data":"Footwork","floor":30,"key":"SMITH"},{"floor":32,"key":"REST"}],"neow_cost":"NO_GOLD","seed_source_timestamp":55327461047229,"circlet_count":0,"master_deck":["Defend_G","Defend_G","Defend_G","Defend_G","Strike_G","Strike_G+1","Strike_G+1","Strike_G","Survivor","Neutralize+1","AscendersBane","Masterful Stab","Heel Hook","Footwork","Caltrops","Masterful Stab","After Image","Cloak And Dagger","After Image","Footwork+1","Concentrate","Cloak And Dagger","Skewer+1","Leg Sweep+1","Escape Plan","Die Die Die+1","Flechettes+1","Masterful Stab+1","Backflip+1"],"relics":["Ring of the Snake","Peace Pipe","The Courier","Ice Cream","Runic Pyramid","Molten Egg 2","Bottled Flame","HoveringKite","ClockworkSouvenir","Bag of Marbles","Torii"],"potions_floor_usage":[14,14,22,27,35],"damage_taken":[{"damage":2,"enemies":"Jaw Worm","floor":1,"turns":5},{"damage":1,"enemies":"Small Slimes","floor":3,"turns":3},{"damage":0,"enemies":"Cultist","floor":4,"turns":3},{"damage":41,"enemies":"3 Sentries","floor":7,"turns":11},{"damage":1,"enemies":"2 Fungi Beasts","floor":12,"turns":3},{"damage":1,"enemies":"Looter","floor":13,"turns":3},{"damage":16,"enemies":"Gremlin Nob","floor":14,"turns":4},{"damage":12,"enemies":"The Guardian","floor":16,"turns":14},{"damage":2,"enemies":"Shell Parasite","floor":18,"turns":7},{"damage":7,"enemies":"Spheric Guardian","floor":20,"turns":5},{"damage":4,"enemies":"Cultist and Chosen","floor":21,"turns":11},{"damage":33,"enemies":"Shelled Parasite and Fungi","floor":22,"turns":8},{"damage":20,"enemies":"Book of Stabbing","floor":24,"turns":8},{"damage":1,"enemies":"Snecko","floor":27,"turns":6},{"damage":19,"enemies":"Snake Plant","floor":29,"turns":3},{"damage":17,"enemies":"Shelled Parasite and Fungi","floor":31,"turns":7},{"damage":11,"enemies":"Champ","floor":33,"turns":19},{"damage":27,"enemies":"3 Shapes","floor":35,"turns":6},{"damage":5,"enemies":"Mind Bloom Boss Battle","floor":38,"turns":9},{"damage":37,"enemies":"2 Orb Walkers","floor":40,"turns":2}],"seed_played":"-2099056470478277695","potions_obtained":[{"floor":3,"key":"SteroidPotion"},{"floor":4,"key":"EssenceOfSteel"},{"floor":21,"key":"Strength Potion"},{"floor":22,"key":"Dexterity Potion"},{"floor":24,"key":"Dexterity Potion"},{"floor":31,"key":"Poison Potion"},{"floor":39,"key":"SteroidPotion"}],"is_trial":false,"path_per_floor":["M","?","M","M","$","R","E","R","T","?","$","M","M","E","R","B",null,"M","$","M","M","M","R","E","?","T","M","?","M","R","M","R","B",null,"M","$","$","?","?"],"character_chosen":"THE_SILENT","items_purchased":["After Image","Footwork","ClockworkSouvenir","Flechettes+1","Bag of Marbles","Masterful Stab+1"],"campfire_rested":4,"item_purchase_floors":[19,19,36,36,36,37],"current_hp_per_floor":[61,47,46,46,46,46,5,26,26,26,26,25,24,8,29,17,57,55,55,48,44,11,32,12,12,12,11,70,51,51,34,55,44,64,37,37,37,32,32,0],"gold":26,"neow_bonus":"REMOVE_TWO","is_prod":false,"is_daily":false,"chose_seed":false,"campfire_upgraded":2,"win_rate":0,"timestamp":1538431344,"path_taken":["M","?","M","M","?","R","E","R","T","?","$","M","M","E","R","BOSS","M","$","M","?","M","R","E","?","T","M","?","M","R","M","R","BOSS","M","?","$","?","?","E"],"build_version":"2018-09-27","purchased_purges":0,"victory":false,"max_hp_per_floor":[70,70,70,70,70,70,70,70,70,70,70,70,70,70,70,70,70,70,70,70,70,70,70,70,70,70,70,70,70,70,70,70,70,70,70,70,70,70,70,70],"card_choices":[{"not_picked":["Dodge and Roll","Catalyst"],"picked":"Masterful Stab","floor":1},{"not_picked":["Flying Knee","Dagger Throw"],"picked":"Heel Hook","floor":3},{"not_picked":["Underhanded Strike","Backflip"],"picked":"Footwork","floor":4},{"not_picked":["Storm of Steel","Deadly Poison"],"picked":"Caltrops","floor":7},{"not_picked":["Choke","Sucker Punch","Prepared"],"picked":"SKIP","floor":12},{"not_picked":["Dodge and Roll","Choke"],"picked":"Masterful Stab","floor":13},{"not_picked":["Acrobatics","Catalyst"],"picked":"Infinite Blades","floor":14},{"not_picked":["Burst","Bullet Time"],"picked":"After Image","floor":16},{"not_picked":["Predator","Endless Agony"],"picked":"Cloak And Dagger","floor":18},{"not_picked":["Bane","Slice"],"picked":"Concentrate","floor":20},{"not_picked":["Flying Knee","Deadly Poison+1","Acrobatics"],"picked":"SKIP","floor":21},{"not_picked":["Crippling Poison","Infinite Blades"],"picked":"Cloak And Dagger","floor":22},{"not_picked":["Cloak And Dagger","Deadly Poison"],"picked":"Skewer","floor":24},{"not_picked":["Outmaneuver","Backflip","Poisoned Stab+1"],"picked":"SKIP","floor":27},{"not_picked":["Corpse Explosion","Dagger Spray+1"],"picked":"Leg Sweep+1","floor":29},{"not_picked":["Dagger Spray+1","Bane+1"],"picked":"Escape Plan","floor":31},{"not_picked":["Wraith Form v2","Storm of Steel"],"picked":"Die Die Die+1","floor":33},{"not_picked":["Deadly Poison","Cloak And Dagger","Dagger Spray+1"],"picked":"SKIP","floor":35},{"not_picked":["Bane+1","Cloak And Dagger"],"picked":"Backflip+1","floor":38}],"player_experience":569402,"relics_obtained":[{"floor":7,"key":"Peace Pipe"},{"floor":9,"key":"The Courier"},{"floor":14,"key":"Ice Cream"},{"floor":24,"key":"Molten Egg 2"},{"floor":26,"key":"Bottled Flame"},{"floor":38,"key":"Torii"}],"event_choices":[{"event_name":"Shining Light","player_choice":"Entered Light","floor":2,"damage_taken":0},{"event_name":"World of Goop","player_choice":"Left","floor":10,"damage_taken":0},{"event_name":"Nest","player_choice":"Stole From Cult","floor":25,"damage_taken":0},{"event_name":"Bonfire Elementals","player_choice":"UNCOMMON","floor":28,"damage_taken":0},{"event_name":"MindBloom","player_choice":"Fight","floor":38,"damage_taken":0},{"event_name":"The Woman in Blue","player_choice":"Bought 3 Potions","floor":39,"damage_taken":0}],"is_beta":true,"boss_relics":[{"not_picked":["Eternal Feather","Busted Crown"],"picked":"Runic Pyramid"},{"not_picked":["Coffee Dripper","Black Star"],"picked":"HoveringKite"}],"items_purged_floors":[],"is_endless":false,"potions_floor_spawned":[3,4,7,13,21,22,24,31],"killed_by":"2 Orb Walkers","ascension_level":12}