{"path_per_floor":["M","T","?","M","$","E","R","E","T","M","R","M","?","M","R","B",null,"M","$","M","?","?","M","R","E","T","R","M","?","M","M","R"],"character_chosen":"IRONCLAD","items_purchased":["Swift Strike","Dual Wield","Torii"],"gold_per_floor":[110,164,164,181,86,118,118,146,171,190,190,210,285,303,303,399,399,409,46,61,61,61,71,71,103,103,103,113,38,57,67,67,67],"floor_reached":33,"campfire_rested":0,"playtime":2054,"current_hp_per_floor":[72,72,60,65,65,62,62,62,62,68,68,68,57,63,63,36,72,62,62,59,59,50,49,49,48,48,48,50,50,43,38,38,0],"items_purged":[],"gold":67,"score":327,"play_id":"99920edf-5da3-440a-acbd-583371be0519","local_time":"20180513012441","is_prod":false,"is_daily":false,"chose_seed":false,"is_ascension_mode":false,"campfire_upgraded":6,"timestamp":1526167481,"path_taken":["M","?","?","M","$","E","R","E","T","?","R","M","?","M","R","BOSS","M","$","M","?","?","M","R","E","T","R","M","?","?","M","R","BOSS"],"build_version":"2018-05-10","seed_source_timestamp":60558615254579,"purchased_purges":0,"victory":false,"master_deck":["Defend_R","Defend_R","Defend_R","Rampage+1","Headbutt+1","Uppercut+1","Armaments+1","Swift Strike+1","Carnage+1","Demon Form+1","Heavy Blade+1","Iron Wave+1","Cleave+1","Limit Break+1","Infernal Blade+1","Dual Wield+1","Heavy Blade+1","Pommel Strike+1","Bite+1","Bite+1","Bite+1","Bite+1","Bite+1","Dual Wield+1","Anger+1","Seeing Red+1","Whirlwind+1","Ghostly Armor+1"],"max_hp_per_floor":[72,72,72,72,72,72,72,72,72,72,72,72,72,72,72,72,72,72,72,72,72,50,50,50,50,50,50,50,50,50,50,50,50],"relics":["Black Blood","Bag of Preparation","Toxic Egg 2","Molten Egg 2","Ancient Tea Set","Happy Flower","Torii","Pen Nib","Frozen Egg 2"],"card_choices":[{"not_picked":["Pummel","Perfected Strike"],"picked":"Uppercut","floor":1},{"not_picked":["Clash","Twin Strike"],"picked":"Armaments","floor":4},{"not_picked":["Heavy Blade","Bloodletting"],"picked":"Carnage","floor":6},{"not_picked":["Body Slam","Pommel Strike"],"picked":"Demon Form","floor":8},{"not_picked":["Disarm","Cleave"],"picked":"Heavy Blade","floor":10},{"not_picked":["Flex","Juggernaut"],"picked":"Iron Wave","floor":12},{"not_picked":["True Grit","Sword Boomerang"],"picked":"Cleave","floor":14},{"not_picked":["Offering","Barricade"],"picked":"Limit Break","floor":16},{"not_picked":["Flex","Headbutt"],"picked":"Infernal Blade","floor":18},{"not_picked":["Body Slam","Anger"],"picked":"Heavy Blade","floor":20},{"not_picked":["Armaments","Perfected Strike"],"picked":"Dual Wield","floor":23},{"not_picked":["True Grit","Brutality"],"picked":"Anger","floor":25},{"not_picked":["Dual Wield","Flex"],"picked":"Seeing Red","floor":28},{"not_picked":["Dual Wield","Clash"],"picked":"Whirlwind","floor":30},{"not_picked":["Perfected Strike","Dual Wield"],"picked":"Ghostly Armor","floor":31}],"player_experience":18482,"potions_floor_usage":[6,8,8,16,16,33,33,33],"damage_taken":[{"damage":1,"enemies":"Cultist","floor":1,"turns":3},{"damage":1,"enemies":"Small Slimes","floor":4,"turns":3},{"damage":9,"enemies":"3 Sentries","floor":6,"turns":5},{"damage":6,"enemies":"Lagavulin","floor":8,"turns":5},{"damage":0,"enemies":"2 Louse","floor":10,"turns":2},{"damage":6,"enemies":"Lots of Slimes","floor":12,"turns":3},{"damage":0,"enemies":"Blue Slaver","floor":14,"turns":3},{"damage":33,"enemies":"Hexaghost","floor":16,"turns":5},{"damage":20,"enemies":"Spheric Guardian","floor":18,"turns":4},{"damage":13,"enemies":"Shell Parasite","floor":20,"turns":3},{"damage":14,"enemies":"Centurion and Healer","floor":23,"turns":4},{"damage":20,"enemies":"Book of Stabbing","floor":25,"turns":4},{"damage":0,"enemies":"Snecko","floor":28,"turns":2},{"damage":20,"enemies":"Slaver and Parasite","floor":30,"turns":4},{"damage":15,"enemies":"Snake Plant","floor":31,"turns":3},{"damage":66,"enemies":"Champ","floor":33,"turns":7}],"event_choices":[{"event_name":"Scrap Ooze","player_choice":"success","floor":3,"damage_taken":12},{"event_name":"World of Goop","player_choice":"Gather Gold","floor":13,"damage_taken":0},{"event_name":"The Library","player_choice":"Read","floor":21,"damage_taken":0},{"event_name":"Vampires","player_choice":"Became a vampire","floor":22,"damage_taken":0},{"event_name":"Beggar","player_choice":"Gave Gold","floor":29,"damage_taken":0}],"boss_relics":[{"not_picked":["Velvet Choker","Philosopher\u0027s Stone"],"picked":"Black Blood"}],"potions_floor_spawned":[1,4,6,12,14,23,25,28],"seed_played":"-2403965910069306560","killed_by":"Champ","ascension_level":0,"is_trial":false}