{"gold_per_floor":[114,39,39,39,57,88,15,30,30,30,47,47,64,76,76,76],"floor_reached":16,"playtime":627,"items_purged":["Defend_G"],"score":171,"play_id":"a4c32a92-d0ac-44f4-aaf5-3b4b49ad43b2","local_time":"20190812124700","is_ascension_mode":true,"campfire_choices":[{"data":"Cloak And Dagger","floor":12.0,"key":"SMITH"},{"data":"Neutralize","floor":15.0,"key":"SMITH"}],"neow_cost":"NONE","seed_source_timestamp":0,"circlet_count":0,"master_deck":["Strike_G","Strike_G","Strike_G","Strike_G","Defend_G","Defend_G","Defend_G","Defend_G","Survivor","Neutralize+1","PiercingWail","Cloak And Dagger+1","Footwork"],"special_seed":0,"relics":["Ring of the Snake","NeowsBlessing","Shuriken","Happy Flower"],"potions_floor_usage":[16],"damage_taken":[{"damage":0.0,"enemies":"Jaw Worm","floor":1.0,"turns":1.0},{"damage":0.0,"enemies":"Small Slimes","floor":5.0,"turns":1.0},{"damage":0.0,"enemies":"3 Sentries","floor":6.0,"turns":1.0},{"damage":0.0,"enemies":"2 Louse","floor":8.0,"turns":4.0},{"damage":8.0,"enemies":"Exordium Wildlife","floor":11.0,"turns":6.0},{"damage":0.0,"enemies":"3 Louse","floor":13.0,"turns":5.0},{"damage":0.0,"enemies":"2 Fungi Beasts","floor":14.0,"turns":3.0},{"damage":58,"enemies":"Hexaghost","floor":16,"turns":16}],"seed_played":"8920705981179415083","potions_obtained":[{"floor":6.0,"key":"EssenceOfSteel"},{"floor":13.0,"key":"FairyPotion"}],"is_trial":false,"path_per_floor":["M","$","?","?","M","E","$","M","T","$","M","R","M","M","R","B"],"character_chosen":"THE_SILENT","items_purchased":["Footwork"],"campfire_rested":0,"item_purchase_floors":[7],"current_hp_per_floor":[63,63,56,56,56,56,56,56,56,56,48,48,48,48,48,0],"gold":76,"neow_bonus":"THREE_ENEMY_KILL","is_prod":false,"is_daily":false,"chose_seed":false,"campfire_upgraded":2,"win_rate":0,"timestamp":1565585220,"path_taken":["M","$","?","?","M","E","$","M","T","$","M","R","M","M","R","BOSS"],"build_version":"2019-07-17","purchased_purges":1,"victory":false,"max_hp_per_floor":[70,70,70,70,70,70,70,70,70,70,70,70,70,70,70,70],"card_choices":[{"not_picked":["Backflip","Blur"],"picked":"PiercingWail","floor":1.0},{"not_picked":["Outmaneuver","Riddle With Holes"],"picked":"Cloak And Dagger","floor":5.0},{"not_picked":["Underhanded Strike","Well Laid Plans","Prepared"],"picked":"SKIP","floor":6.0},{"not_picked":["Prepared","Bane","Quick Slash"],"picked":"SKIP","floor":8.0},{"not_picked":["Terror","Flying Knee","Poisoned Stab"],"picked":"SKIP","floor":11.0},{"not_picked":["Die Die Die","Setup","Masterful Stab"],"picked":"SKIP","floor":13.0},{"not_picked":["Slice","Choke","Bane"],"picked":"SKIP","floor":14.0}],"player_experience":289101,"relics_obtained":[{"floor":6.0,"key":"Shuriken"},{"floor":9.0,"key":"Happy Flower"}],"event_choices":[{"cards_removed":["Strike_G"],"damage_healed":0.0,"max_hp_gain":0.0,"max_hp_loss":0.0,"gold_gain":0.0,"event_name":"Golden Wing","player_choice":"Card Removal","floor":3.0,"gold_loss":0.0,"damage_taken":7.0},{"damage_healed":0.0,"max_hp_gain":0.0,"max_hp_loss":0.0,"gold_gain":0.0,"event_name":"Liars Game","player_choice":"Ignored","floor":4.0,"gold_loss":0.0,"damage_taken":0.0}],"is_beta":false,"boss_relics":[],"items_purged_floors":[2],"is_endless":false,"potions_floor_spawned":[6,13],"killed_by":"Hexaghost","ascension_level":7}