{"gold_per_floor":[118,118,130,144,159,159,172,199,225,225,252,282,296,311,311,388,388,406,99,99,69,86,86,86],"floor_reached":24,"playtime":995,"items_purged":["Phantasmal Killer"],"score":520,"play_id":"7f2c3fa8-b4be-4e51-9ce4-26c4e2fbee46","local_time":"20190902160103","is_ascension_mode":true,"campfire_choices":[{"data":"Dagger Spray","floor":6,"key":"SMITH"},{"floor":10,"key":"REST"},{"data":"Noxious Fumes","floor":15,"key":"SMITH"},{"data":"Wraith Form v2","floor":23,"key":"SMITH"}],"neow_cost":"NONE","seed_source_timestamp":112877057484941,"circlet_count":0,"master_deck":["AscendersBane","Survivor","Neutralize","Deadly Poison+1","Dagger Spray+1","Footwork","Dodge and Roll","Envenom","Leg Sweep","Bouncing Flask","Well Laid Plans","Dodge and Roll","Noxious Fumes+1","Wraith Form v2+1","Dagger Spray","All Out Attack","Quick Slash","Terror","Backstab","Grand Finale","Endless Agony","Escape Plan","Crippling Poison","PiercingWail","Footwork","PiercingWail","Escape Plan"],"relics":["Ring of the Snake","Unceasing Top","Bag of Preparation","Odd Mushroom","Dream Catcher","Pandora\u0027s Box","Membership Card"],"potions_floor_usage":[12,16,16,24],"damage_taken":[{"damage":7,"enemies":"2 Louse","floor":1,"turns":4},{"damage":1,"enemies":"Small Slimes","floor":3,"turns":3},{"damage":7,"enemies":"Jaw Worm","floor":4,"turns":4},{"damage":9,"enemies":"Large Slime","floor":5,"turns":9},{"damage":1,"enemies":"Looter","floor":7,"turns":4},{"damage":21,"enemies":"Lagavulin","floor":8,"turns":9},{"damage":11,"enemies":"The Mushroom Lair","floor":11,"turns":6},{"damage":20,"enemies":"3 Sentries","floor":12,"turns":9},{"damage":0,"enemies":"3 Louse","floor":13,"turns":3},{"damage":0,"enemies":"Blue Slaver","floor":14,"turns":5},{"damage":0,"enemies":"The Guardian","floor":16,"turns":9},{"damage":0,"enemies":"Chosen","floor":18,"turns":4},{"damage":15,"enemies":"2 Thieves","floor":21,"turns":4},{"damage":12,"enemies":"Snake Plant","floor":22,"turns":5},{"damage":32,"enemies":"Slavers","floor":24,"turns":2}],"seed_played":"1379477562199757269","potions_obtained":[{"floor":3,"key":"Weak Potion"},{"floor":7,"key":"Swift Potion"},{"floor":13,"key":"Block Potion"},{"floor":16,"key":"Swift Potion"},{"floor":22,"key":"Weak Potion"}],"is_trial":false,"path_per_floor":["M","?","M","M","M","R","M","E","T","R","?","E","M","M","R","B",null,"M","$","?","M","M","R","E"],"character_chosen":"THE_SILENT","items_purchased":["Membership Card","Crippling Poison"],"campfire_rested":1,"item_purchase_floors":[19,19],"current_hp_per_floor":[58,58,57,50,41,41,40,19,19,40,29,9,9,9,9,9,56,56,56,56,41,29,29,0],"gold":86,"neow_bonus":"TEN_PERCENT_HP_BONUS","is_prod":false,"is_daily":false,"chose_seed":false,"campfire_upgraded":3,"win_rate":0,"timestamp":1567432863,"path_taken":["M","?","M","M","M","R","M","E","T","R","?","E","?","M","R","BOSS","M","$","?","M","M","R","E"],"build_version":"2019-07-17","purchased_purges":1,"victory":false,"max_hp_per_floor":[72,72,72,72,72,72,72,72,72,72,72,72,72,72,72,72,72,72,72,72,72,72,72,72],"card_choices":[{"not_picked":["Dagger Spray","Underhanded Strike"],"picked":"Deadly Poison","floor":1},{"not_picked":["Quick Slash","Dagger Throw"],"picked":"Dagger Spray","floor":3},{"not_picked":["Backflip","Caltrops"],"picked":"Footwork","floor":4},{"not_picked":["Distraction","Flying Knee"],"picked":"Dodge and Roll","floor":5},{"not_picked":["Underhanded Strike","Dodge and Roll"],"picked":"Envenom","floor":7},{"not_picked":["Slice","Dagger Spray"],"picked":"Leg Sweep","floor":8},{"not_picked":["Riddle With Holes","Calculated Gamble"],"picked":"Bouncing Flask","floor":11},{"not_picked":["Leg Sweep","Quick Slash"],"picked":"Well Laid Plans","floor":12},{"not_picked":["Dagger Throw","All Out Attack"],"picked":"Dodge and Roll","floor":13},{"not_picked":["Burst","All Out Attack"],"picked":"Noxious Fumes","floor":14},{"not_picked":["Venomology","A Thousand Cuts"],"picked":"Wraith Form v2","floor":16},{"not_picked":["Slice","Quick Slash"],"picked":"Escape Plan","floor":18},{"not_picked":["Backflip","Dagger Spray"],"picked":"PiercingWail","floor":21},{"not_picked":["Dodge and Roll","Accuracy"],"picked":"Escape Plan","floor":22}],"player_experience":1996458,"relics_obtained":[{"floor":8,"key":"Unceasing Top"},{"floor":9,"key":"Bag of Preparation"},{"floor":11,"key":"Odd Mushroom"},{"floor":12,"key":"Dream Catcher"}],"event_choices":[{"damage_healed":0,"gold_gain":0,"player_choice":"Grow","damage_taken":0,"max_hp_gain":0,"max_hp_loss":0,"event_name":"Living Wall","floor":2,"gold_loss":0,"cards_upgraded":["Deadly Poison"]},{"damage_healed":0,"gold_gain":0,"player_choice":"Fought Mushrooms","damage_taken":0,"max_hp_gain":0,"max_hp_loss":0,"event_name":"Mushrooms","floor":11,"gold_loss":0},{"damage_healed":0,"gold_gain":0,"cards_transformed":["Storm of Steel","Accuracy"],"player_choice":"Became Test Subject","damage_taken":0,"max_hp_gain":0,"max_hp_loss":0,"event_name":"Drug Dealer","floor":20,"gold_loss":0,"cards_obtained":["PiercingWail","Footwork"]}],"is_beta":false,"boss_relics":[{"not_picked":["Orrery","Lizard Tail"],"picked":"Pandora\u0027s Box"}],"items_purged_floors":[19],"is_endless":false,"potions_floor_spawned":[3,7,13,16,22],"killed_by":"Slavers","ascension_level":20}