{"gold_per_floor":[111,111,135,17,32,32,73,89,89,89,103,103,103,134,134,134],"floor_reached":16,"playtime":939,"items_purged":["Strike_R"],"score":220,"play_id":"ade466cc-8773-4d16-bf96-3556e2108662","local_time":"20190202015217","is_ascension_mode":true,"campfire_choices":[{"data":"Armaments","floor":6,"key":"SMITH"},{"data":"infinitespire:OneForAll","floor":10,"key":"SMITH"},{"floor":12,"key":"REST"},{"data":"Inflame","floor":15,"key":"SMITH"}],"neow_cost":"NONE","seed_source_timestamp":18357438249838,"circlet_count":0,"master_deck":["AscendersBane","Strike_R","Strike_R","Strike_R","Strike_R","Defend_R","Defend_R","Defend_R","Defend_R","Bash","Armaments+1","Cleave","Combust","Inflame+1","Battle Trance","infinitespire:OneForAll+1","Reaper"],"relics":["Burning Blood","Juzu Bracelet","Golden Idol","Bag of Preparation","infinitespire:Bottled Soul","Dream Catcher","Nunchaku"],"potions_floor_usage":[7,11],"damage_taken":[{"damage":4,"enemies":"Jaw Worm","floor":1,"turns":5},{"damage":7,"enemies":"Small Slimes","floor":3,"turns":3},{"damage":12,"enemies":"2 Louse","floor":5,"turns":2},{"damage":35,"enemies":"Lagavulin","floor":7,"turns":8},{"damage":7,"enemies":"Exordium Wildlife","floor":8,"turns":4},{"damage":13,"enemies":"Blue Slaver","floor":11,"turns":3},{"damage":24,"enemies":"3 Sentries","floor":14,"turns":6},{"damage":27,"enemies":"Hexaghost","floor":16,"turns":8}],"seed_played":"3358046233804619026","potions_obtained":[{"floor":3,"key":"GamblersBrew"},{"floor":5,"key":"FearPotion"},{"floor":11,"key":"Explosive Potion"}],"is_trial":false,"path_per_floor":["M","?","M","$","M","R","E","M","T","R","M","R","?","E","R","B"],"character_chosen":"IRONCLAD","items_purchased":["Combust"],"campfire_rested":1,"item_purchase_floors":[4],"current_hp_per_floor":[70,68,67,67,61,61,32,31,31,31,24,44,33,15,15,0],"gold":134,"neow_bonus":"RANDOM_COMMON_RELIC","is_prod":false,"is_daily":false,"chose_seed":false,"campfire_upgraded":3,"win_rate":0,"timestamp":1549068737,"path_taken":["M","?","M","$","M","R","E","M","T","R","M","R","?","E","R","BOSS"],"build_version":"2019-01-23","purchased_purges":1,"victory":false,"max_hp_per_floor":[75,68,68,68,68,68,68,68,68,68,68,68,68,68,68,68],"card_choices":[{"not_picked":["Clash","Reckless Charge"],"picked":"Armaments","floor":1},{"not_picked":["Sentinel","hubris:ReadiedAction"],"picked":"Cleave","floor":3},{"not_picked":["Anger","Clash"],"picked":"Inflame","floor":5},{"not_picked":["Dark Embrace","Heavy Blade"],"picked":"Battle Trance","floor":7},{"not_picked":["Armaments","True Grit"],"picked":"infinitespire:OneForAll","floor":8},{"not_picked":["Reckless Charge","Clothesline","Sword Boomerang"],"picked":"SKIP","floor":11},{"not_picked":["Sword Boomerang","Inflame"],"picked":"Reaper","floor":14}],"player_experience":1218791,"relics_obtained":[{"floor":7,"key":"Bag of Preparation"},{"floor":9,"key":"infinitespire:Bottled Soul"},{"floor":14,"key":"Nunchaku"}],"event_choices":[{"damage_healed":0,"gold_gain":0,"player_choice":"Lose Max HP","damage_taken":0,"relics_obtained":["Golden Idol"],"max_hp_gain":0,"max_hp_loss":7,"event_name":"Golden Idol","floor":2,"gold_loss":0},{"damage_healed":0,"gold_gain":0,"player_choice":"Success","damage_taken":11,"relics_obtained":["Dream Catcher"],"max_hp_gain":0,"max_hp_loss":0,"event_name":"Scrap Ooze","floor":13,"gold_loss":0}],"is_beta":false,"boss_relics":[],"items_purged_floors":[4],"is_endless":false,"potions_floor_spawned":[3,5,11],"killed_by":"Hexaghost","ascension_level":20}