{"gold_per_floor":[115,115,115,135,158,197,197,197,221,252,272,272,272,311,311,435,435,453,453,453,473,316,360,102,102,102,141,141,141,155,195,195,325,325,349,682,702,702,702,728,738,773,799,799,827,827,858,875,875,875],"floor_reached":51,"playtime":1931,"items_purged":[],"score":1461,"play_id":"3bd8ba10-4e4b-44fb-8e42-cc7a32b4bc23","local_time":"20180921111840","is_ascension_mode":true,"campfire_choices":[{"data":"Demon Form","floor":7,"key":"SMITH"},{"data":"Limit Break","floor":13,"key":"SMITH"},{"data":"Heavy Blade","floor":15,"key":"SMITH"},{"data":"Immolate","floor":25,"key":"SMITH"},{"data":"Inflame","floor":28,"key":"SMITH"},{"data":"Pummel","floor":32,"key":"SMITH"},{"floor":44,"key":"REST"},{"floor":49,"key":"REST"}],"neow_cost":"TEN_PERCENT_HP_LOSS","seed_source_timestamp":9926834749231,"circlet_count":0,"master_deck":["Strike_R+1","Strike_R","Strike_R","Strike_R","Defend_R+1","Defend_R","Defend_R+1","Bash+1","AscendersBane","Demon Form+1","Heavy Blade+1","Iron Wave+1","Pummel+1","Cleave","Limit Break+1","Inflame+1","Immolate+1","Twin Strike","Metallicize+1","Cleave","Reaper","Pommel Strike+1","Flex+1","Pummel","Whirlwind+1"],"relics":["Burning Blood","Red Skull","FossilizedHelix","Bag of Marbles","Bottled Flame","Whetstone","Sozu","MutagenicStrength","Ancient Tea Set","StoneCalendar","Matryoshka","Vajra","War Paint","Pear","Kunai","Black Star","Smiling Mask","Happy Flower","Singing Bowl","Ornamental Fan","Pen Nib","Boot","Dodecahedron","Self Forming Clay","Prayer Wheel","Ginger","Unceasing Top"],"potions_floor_usage":[10,41],"damage_taken":[{"damage":13,"enemies":"Jaw Worm","floor":1,"turns":4},{"damage":5,"enemies":"Small Slimes","floor":4,"turns":5},{"damage":0,"enemies":"2 Louse","floor":5,"turns":4},{"damage":27,"enemies":"Gremlin Nob","floor":6,"turns":4},{"damage":0,"enemies":"Lagavulin","floor":10,"turns":3},{"damage":0,"enemies":"2 Fungi Beasts","floor":11,"turns":2},{"damage":0,"enemies":"Gremlin Nob","floor":14,"turns":3},{"damage":27,"enemies":"Hexaghost","floor":16,"turns":6},{"damage":0,"enemies":"2 Thieves","floor":18,"turns":2},{"damage":19,"enemies":"Shell Parasite","floor":21,"turns":3},{"damage":7,"enemies":"Slavers","floor":23,"turns":2},{"damage":2,"enemies":"Gremlin Leader","floor":27,"turns":4},{"damage":11,"enemies":"Sentry and Sphere","floor":30,"turns":4},{"damage":24,"enemies":"Book of Stabbing","floor":31,"turns":3},{"damage":37,"enemies":"Champ","floor":33,"turns":5},{"damage":0,"enemies":"3 Shapes","floor":35,"turns":1},{"damage":9,"enemies":"3 Darklings","floor":37,"turns":3},{"damage":55,"enemies":"Giant Head","floor":40,"turns":6},{"damage":0,"enemies":"Spire Growth","floor":41,"turns":2},{"damage":14,"enemies":"Nemesis","floor":42,"turns":3},{"damage":18,"enemies":"2 Orb Walkers","floor":45,"turns":3},{"damage":12,"enemies":"Mind Bloom Boss Battle","floor":46,"turns":4},{"damage":46,"enemies":"Giant Head","floor":47,"turns":7},{"damage":0,"enemies":"Maw","floor":48,"turns":3},{"damage":79,"enemies":"Awakened One","floor":50,"turns":9}],"seed_played":"-65209402602244309","potions_obtained":[{"floor":6,"key":"Strength Potion"},{"floor":11,"key":"FearPotion"},{"floor":14,"key":"SkillPotion"}],"is_trial":false,"path_per_floor":["M","?","?","M","M","E","R","?","T","E","M","?","R","E","R","B",null,"M","?","?","M","$","E","$","R","T","E","R","?","M","E","R","B",null,"M","?","M","?","?","E","M","E","T","R","E","?","E","M","R","B"],"character_chosen":"IRONCLAD","items_purchased":["Ancient Tea Set","Matryoshka"],"campfire_rested":2,"item_purchase_floors":[22,24],"current_hp_per_floor":[65,40,40,41,47,26,26,13,13,19,25,30,30,36,36,15,58,64,64,64,51,51,50,50,50,50,64,64,64,59,41,41,10,64,70,70,67,67,67,32,38,32,32,57,47,79,50,69,92,47],"gold":875,"neow_bonus":"THREE_RARE_CARDS","is_prod":false,"is_daily":false,"chose_seed":false,"campfire_upgraded":6,"win_rate":0,"timestamp":1537521520,"path_taken":["M","?","?","?","M","E","R","?","T","E","M","?","R","E","R","BOSS","M","?","?","M","$","E","$","R","T","E","R","?","M","E","R","BOSS","M","?","M","?","?","E","?","E","T","R","E","?","E","M","R","BOSS"],"build_version":"2018-09-20","purchased_purges":0,"victory":true,"max_hp_per_floor":[72,72,67,67,67,67,67,67,67,67,67,72,72,72,72,72,72,72,72,72,72,72,72,72,72,72,82,82,82,82,82,82,82,82,82,82,82,82,82,82,82,84,84,84,86,86,88,92,92,92],"card_choices":[{"not_picked":["Reaper","Immolate"],"picked":"Demon Form","floor":0},{"not_picked":["Body Slam","Seeing Red"],"picked":"Heavy Blade","floor":1},{"not_picked":["Anger","Uppercut"],"picked":"Iron Wave","floor":4},{"not_picked":["Reckless Charge","Wild Strike"],"picked":"Pummel","floor":5},{"not_picked":["Warcry","Bludgeon"],"picked":"Cleave","floor":6},{"not_picked":["Disarm","Feed"],"picked":"Limit Break","floor":10},{"not_picked":["Clash","Burning Pact","Corruption"],"picked":"SKIP","floor":11},{"not_picked":["Perfected Strike","Dark Embrace"],"picked":"Inflame","floor":14},{"not_picked":["Exhume","Fiend Fire"],"picked":"Immolate","floor":16},{"not_picked":["Rupture+1","Infernal Blade","Armaments"],"picked":"SKIP","floor":18},{"not_picked":["Metallicize","Carnage"],"picked":"Twin Strike","floor":21},{"not_picked":["Exhume","Wild Strike","Entrench"],"picked":"SKIP","floor":23},{"not_picked":["Twin Strike","Reckless Charge"],"picked":"Metallicize+1","floor":27},{"not_picked":["Shockwave+1","Armaments","Clash+1"],"picked":"SKIP","floor":30},{"not_picked":["Shrug It Off","Clash"],"picked":"Cleave","floor":31},{"not_picked":["Berserk","Impervious"],"picked":"Reaper","floor":33},{"not_picked":["Anger+1","Iron Wave"],"picked":"Pommel Strike+1","floor":35},{"not_picked":["Power Through+1","Whirlwind"],"picked":"Flex+1","floor":37},{"not_picked":["Armaments","Disarm","Anger"],"picked":"SKIP","floor":40},{"not_picked":["Metallicize","Armaments+1"],"picked":"Pummel","floor":41},{"not_picked":["Bloodletting","Evolve","Cleave+1"],"picked":"Singing Bowl","floor":42},{"not_picked":["Sword Boomerang","Berserk","Spot Weakness"],"picked":"Singing Bowl","floor":45},{"not_picked":["Seeing Red+1","Pommel Strike"],"picked":"Whirlwind+1","floor":46},{"not_picked":["Flame Barrier+1","Power Through+1","Wild Strike+1"],"picked":"Singing Bowl","floor":47},{"not_picked":["Warcry","Armaments","Carnage"],"picked":"Singing Bowl","floor":48},{"not_picked":["Havoc","Warcry","Armaments"],"picked":"Singing Bowl","floor":48}],"player_experience":472624,"relics_obtained":[{"floor":6,"key":"FossilizedHelix"},{"floor":9,"key":"Bag of Marbles"},{"floor":10,"key":"Bottled Flame"},{"floor":14,"key":"Whetstone"},{"floor":23,"key":"StoneCalendar"},{"floor":26,"key":"Vajra"},{"floor":26,"key":"War Paint"},{"floor":27,"key":"Pear"},{"floor":31,"key":"Kunai"},{"floor":40,"key":"Smiling Mask"},{"floor":40,"key":"Happy Flower"},{"floor":42,"key":"Singing Bowl"},{"floor":42,"key":"Ornamental Fan"},{"floor":43,"key":"Pen Nib"},{"floor":43,"key":"Boot"},{"floor":45,"key":"Dodecahedron"},{"floor":45,"key":"Self Forming Clay"},{"floor":46,"key":"Prayer Wheel"},{"floor":47,"key":"Ginger"},{"floor":47,"key":"Unceasing Top"}],"event_choices":[{"event_name":"Scrap Ooze","player_choice":"success","floor":2,"damage_taken":25},{"event_name":"Golden Idol","player_choice":"Lose Max HP","floor":3,"damage_taken":0},{"event_name":"Shining Light","player_choice":"Entered Light","floor":8,"damage_taken":0},{"event_name":"Big Fish","player_choice":"Donut","floor":12,"damage_taken":0},{"event_name":"Drug Dealer","player_choice":"Inject Mutagens","floor":19,"damage_taken":0},{"event_name":"Vampires","player_choice":"Ignored","floor":20,"damage_taken":0},{"event_name":"Bonfire Elementals","player_choice":"BASIC","floor":29,"damage_taken":0},{"event_name":"The Moai Head","player_choice":"Gave Idol","floor":36,"damage_taken":0},{"event_name":"Falling","player_choice":"Removed Skill","floor":38,"damage_taken":0},{"event_name":"The Lab","player_choice":"Got Potions","floor":39,"damage_taken":0},{"event_name":"MindBloom","player_choice":"Fight","floor":46,"damage_taken":0}],"is_beta":true,"boss_relics":[{"not_picked":["Tiny House","Orrery"],"picked":"Sozu"},{"not_picked":["Mark of Pain","Snecko Eye"],"picked":"Black Star"}],"items_purged_floors":[],"is_endless":false,"potions_floor_spawned":[6,11,14,18,23,31,33,37,42,46,48],"ascension_level":11}