{"gold_per_floor":[111,111,12,12,23,23,43,75,122,177,177,202,216,216,216,291,291,303,578,117,128,141,176,176,203,228,228,248,267,302,313,313,389,389,402,12,28,40,53,78,95,440,466,499,499,533,552,577,577,577,577,577,5,34,34],"floor_reached":56,"playtime":3349,"items_purged":["Regret","Strike_G","Strike_G"],"score":2670,"play_id":"4be03d5d-cef8-40a0-b083-4bba9230b1ad","local_time":"20181205225637","is_ascension_mode":true,"campfire_choices":[{"data":"Neutralize","floor":6,"key":"SMITH"},{"data":"Riddle With Holes","floor":11,"key":"SMITH"},{"floor":15,"key":"REST"},{"data":"Riddle With Holes","floor":24,"key":"SMITH"},{"data":"Footwork","floor":27,"key":"SMITH"},{"data":"Crippling Poison","floor":32,"key":"SMITH"},{"floor":49,"key":"RECALL"},{"data":"A Thousand Cuts","floor":52,"key":"SMITH"}],"neow_cost":"NONE","seed_source_timestamp":46754639896110,"circlet_count":0,"master_deck":["AscendersBane","Defend_G","Defend_G","Defend_G","Defend_G","Defend_G+1","Strike_G+1","Strike_G+1","Strike_G","Survivor","Neutralize+1","Well Laid Plans","Dash","Backflip","Flying Knee","Blur","Riddle With Holes+1","All Out Attack","Acrobatics","Endless Agony+1","Bullet Time","Leg Sweep+1","Riddle With Holes+1","Blur","Footwork+1","Crippling Poison+1","Footwork","Well Laid Plans","A Thousand Cuts+1","Backflip","Bullet Time","Terror","PiercingWail","Finisher","Dash","Doubt","Bouncing Flask+1","Writhe","Backflip+1","Distraction+1","Bullet Time","Riddle With Holes","Noxious Fumes","Footwork","Blur"],"relics":["Ring of the Snake","Vajra","Odd Mushroom","Du-Vu Doll","Bag of Marbles","Tiny Chest","Mummified Hand","The Courier","Snecko Eye","TwistedFunnel","Paper Crane","Orichalcum","Pen Nib","Potion Belt","Pear","Cursed Key","DollysMirror","Bronze Scales","Torii","Old Coin","Centennial Puzzle","Whetstone","Bird Faced Urn","Dead Branch","Membership Card","Oddly Smooth Stone","Snake Skull","Shuriken","Calipers"],"potions_floor_usage":[8,16,25,55,55,55],"damage_taken":[{"damage":0,"enemies":"Small Slimes","floor":1,"turns":3},{"damage":0,"enemies":"2 Louse","floor":5,"turns":2},{"damage":16,"enemies":"The Mushroom Lair","floor":7,"turns":7},{"damage":19,"enemies":"3 Sentries","floor":8,"turns":12},{"damage":0,"enemies":"Gremlin Nob","floor":10,"turns":3},{"damage":5,"enemies":"Lagavulin","floor":12,"turns":5},{"damage":0,"enemies":"Cultist","floor":13,"turns":2},{"damage":0,"enemies":"Slime Boss","floor":16,"turns":6},{"damage":0,"enemies":"2 Thieves","floor":18,"turns":2},{"damage":0,"enemies":"3 Byrds","floor":21,"turns":2},{"damage":0,"enemies":"3 Cultists","floor":22,"turns":2},{"damage":0,"enemies":"Gremlin Leader","floor":23,"turns":4},{"damage":0,"enemies":"Book of Stabbing","floor":25,"turns":4},{"damage":0,"enemies":"Shelled Parasite and Fungi","floor":28,"turns":4},{"damage":0,"enemies":"Snake Plant","floor":29,"turns":4},{"damage":0,"enemies":"Gremlin Leader","floor":30,"turns":2},{"damage":0,"enemies":"Snecko","floor":31,"turns":1},{"damage":13,"enemies":"Collector","floor":33,"turns":14},{"damage":0,"enemies":"3 Shapes","floor":35,"turns":4},{"damage":0,"enemies":"Orb Walker","floor":37,"turns":3},{"damage":0,"enemies":"3 Darklings","floor":38,"turns":4},{"damage":0,"enemies":"Maw","floor":39,"turns":5},{"damage":0,"enemies":"Giant Head","floor":40,"turns":7},{"damage":0,"enemies":"Sphere and 2 Shapes","floor":41,"turns":2},{"damage":0,"enemies":"2 Orb Walkers","floor":42,"turns":3},{"damage":0,"enemies":"Nemesis","floor":44,"turns":3},{"damage":6,"enemies":"Reptomancer","floor":46,"turns":3},{"damage":0,"enemies":"3 Darklings","floor":47,"turns":3},{"damage":0,"enemies":"Giant Head","floor":48,"turns":6},{"damage":10,"enemies":"Time Eater","floor":50,"turns":11},{"damage":32,"enemies":"Shield and Spear","floor":54,"turns":4},{"damage":33,"enemies":"The Heart","floor":55,"turns":6}],"seed_played":"-8846635434718519384","potions_obtained":[{"floor":5,"key":"Regen Potion"},{"floor":12,"key":"AttackPotion"},{"floor":13,"key":"Block Potion"},{"floor":25,"key":"Weak Potion"},{"floor":28,"key":"Dexterity Potion"},{"floor":29,"key":"Regen Potion"},{"floor":30,"key":"FearPotion"},{"floor":31,"key":"FairyPotion"},{"floor":47,"key":"AttackPotion"}],"is_trial":false,"path_per_floor":["M","?","$","?","M","R","?","E","T","E","R","E","M","T","R","B",null,"M","?","$","M","M","E","R","E","T","R","M","M","E","M","R","B",null,"M","$","M","M","M","E","M","?","T","E","T","E","M","E","R","B",null,"R","$","E","B",null],"character_chosen":"THE_SILENT","items_purchased":["Dash","Backflip","TwistedFunnel","Paper Crane","DollysMirror","Bronze Scales","Membership Card","Bullet Time","Riddle With Holes","Oddly Smooth Stone","Snake Skull","Shuriken","Noxious Fumes","Footwork"],"campfire_rested":1,"item_purchase_floors":[3,3,20,20,36,36,53,53,53,53,53,53,53,53],"current_hp_per_floor":[59,39,39,39,39,39,23,19,19,19,19,14,14,14,33,33,58,58,58,58,58,58,58,58,58,58,58,58,58,68,68,68,55,71,71,71,71,71,71,71,71,71,71,71,71,65,69,75,75,71,75,75,75,48,44],"gold":34,"neow_bonus":"RANDOM_COMMON_RELIC","is_prod":false,"is_daily":false,"chose_seed":false,"campfire_upgraded":6,"win_rate":0,"timestamp":1544046997,"path_taken":["M","?","$","?","M","R","?","E","T","E","R","E","M","?","R","BOSS","M","?","$","M","M","E","R","E","T","R","M","?","E","M","R","BOSS","M","$","M","M","M","E","M","?","T","E","?","E","M","E","R","BOSS","R","$","E","BOSS"],"build_version":"2018-12-05","purchased_purges":3,"victory":true,"max_hp_per_floor":[66,66,66,66,66,66,66,66,66,66,66,66,66,66,66,66,66,66,66,66,66,66,66,66,66,66,66,66,66,76,76,76,76,76,76,76,76,76,76,76,76,76,76,76,76,76,76,76,76,76,76,76,76,76,76],"card_choices":[{"not_picked":["Underhanded Strike","Finisher"],"picked":"Well Laid Plans","floor":1},{"not_picked":["Slice","Tactician"],"picked":"Flying Knee","floor":5},{"not_picked":["All Out Attack","Poisoned Stab"],"picked":"Blur","floor":7},{"not_picked":["Flying Knee","Deflect"],"picked":"Riddle With Holes","floor":8},{"not_picked":["Flechettes","Expertise"],"picked":"All Out Attack","floor":10},{"not_picked":["Outmaneuver","Storm of Steel"],"picked":"Acrobatics","floor":12},{"not_picked":["Setup","Flechettes"],"picked":"Endless Agony","floor":13},{"not_picked":["Venomology","Night Terror"],"picked":"Bullet Time","floor":16},{"not_picked":["Bane+1","Footwork"],"picked":"Leg Sweep+1","floor":18},{"not_picked":["Acrobatics","Bane","Quick Slash"],"picked":"SKIP","floor":21},{"not_picked":["PiercingWail","Dagger Throw"],"picked":"Riddle With Holes","floor":22},{"not_picked":["Underhanded Strike","Dagger Throw+1"],"picked":"Blur","floor":23},{"not_picked":["Cloak And Dagger","Venomology"],"picked":"Footwork","floor":25},{"not_picked":["Predator","Masterful Stab"],"picked":"Crippling Poison","floor":28},{"not_picked":["Dagger Spray","Flying Knee","Heel Hook"],"picked":"SKIP","floor":29},{"not_picked":["Quick Slash","Prepared"],"picked":"Footwork","floor":30},{"not_picked":["Terror","Prepared"],"picked":"Well Laid Plans","floor":31},{"not_picked":["Venomology","Die Die Die"],"picked":"A Thousand Cuts","floor":33},{"not_picked":["Dagger Throw","Deflect+1"],"picked":"Backflip","floor":35},{"not_picked":["Skewer","Dagger Throw"],"picked":"Terror","floor":37},{"not_picked":["Dagger Throw","Prepared"],"picked":"PiercingWail","floor":38},{"not_picked":["Distraction","Underhanded Strike"],"picked":"Finisher","floor":39},{"not_picked":["Sucker Punch","Flechettes","Bane"],"picked":"SKIP","floor":40},{"not_picked":["Skewer+1","Dagger Throw","Dagger Spray+1"],"picked":"SKIP","floor":41},{"not_picked":["Dodge and Roll","Expertise"],"picked":"Dash","floor":42},{"not_picked":["Quick Slash","Noxious Fumes"],"picked":"Bouncing Flask+1","floor":44},{"not_picked":["All Out Attack","Dagger Spray"],"picked":"Backflip+1","floor":46},{"not_picked":["Sucker Punch","Prepared+1","Outmaneuver"],"picked":"SKIP","floor":47},{"not_picked":["Glass Knife","Calculated Gamble"],"picked":"Distraction+1","floor":48},{"not_picked":["Escape Plan","Slice+1"],"picked":"Blur","floor":54}],"player_experience":957412,"relics_obtained":[{"floor":7,"key":"Odd Mushroom"},{"floor":8,"key":"Du-Vu Doll"},{"floor":9,"key":"Bag of Marbles"},{"floor":10,"key":"Tiny Chest"},{"floor":12,"key":"Mummified Hand"},{"floor":14,"key":"The Courier"},{"floor":23,"key":"Orichalcum"},{"floor":25,"key":"Pen Nib"},{"floor":26,"key":"Potion Belt"},{"floor":30,"key":"Pear"},{"floor":40,"key":"Torii"},{"floor":42,"key":"Old Coin"},{"floor":44,"key":"Centennial Puzzle"},{"floor":45,"key":"Whetstone"},{"floor":46,"key":"Bird Faced Urn"},{"floor":48,"key":"Dead Branch"},{"floor":54,"key":"Calipers"}],"event_choices":[{"damage_healed":0,"gold_gain":0,"player_choice":"Entered Light","damage_taken":20,"max_hp_gain":0,"max_hp_loss":0,"event_name":"Shining Light","floor":2,"gold_loss":0,"cards_upgraded":["Defend_G","Strike_G"]},{"damage_healed":0,"gold_gain":0,"player_choice":"Ignored","damage_taken":0,"max_hp_gain":0,"max_hp_loss":0,"event_name":"Liars Game","floor":4,"gold_loss":0},{"damage_healed":0,"gold_gain":0,"player_choice":"Fought Mushrooms","damage_taken":0,"max_hp_gain":0,"max_hp_loss":0,"event_name":"Mushrooms","floor":7,"gold_loss":0},{"damage_healed":0,"gold_gain":275,"player_choice":"Desecrate","damage_taken":0,"max_hp_gain":0,"max_hp_loss":0,"event_name":"Golden Shrine","floor":19,"gold_loss":0,"cards_obtained":["Regret"]},{"damage_healed":0,"gold_gain":0,"player_choice":"Fight","damage_taken":0,"max_hp_gain":0,"max_hp_loss":0,"event_name":"Mysterious Sphere","floor":42,"gold_loss":0}],"is_beta":true,"boss_relics":[{"not_picked":["Fusion Hammer","Ectoplasm"],"picked":"Snecko Eye"},{"not_picked":["Runic Pyramid","Philosopher\u0027s Stone"],"picked":"Cursed Key"}],"items_purged_floors":[20,36,53],"is_endless":false,"potions_floor_spawned":[5,12,13,25,28,29,30,31,33,37,38,39,40,47],"ascension_level":16}