{"gold_per_floor":[113,263,42,61,76,76,101,117,143,174,174,193,224,224,224,300,300,276,295,78,78,128,154,154,166,214,288,288],"floor_reached":28,"playtime":2640,"items_purged":["Doubt","Strike_G"],"score":512,"play_id":"d206db98-97db-4bd5-aa67-512ee23dba8b","local_time":"20190731200124","is_ascension_mode":true,"campfire_choices":[{"data":"Deadly Poison","floor":6.0,"key":"SMITH"},{"floor":11.0,"key":"REST"},{"data":"Poisoned Stab","floor":15,"key":"SMITH"},{"floor":24,"key":"REST"}],"neow_cost":"NONE","seed_source_timestamp":36744679552826,"circlet_count":0,"master_deck":["AscendersBane","Strike_G","Strike_G","Strike_G","Strike_G","Defend_G","Defend_G","Defend_G","Defend_G","Defend_G","Survivor","Neutralize","Deadly Poison+1","Dash","Dagger Spray","Leg Sweep","Poisoned Stab","Poisoned Stab+1","PiercingWail","Adrenaline","Backflip","Dodge and Roll","Die Die Die","Backflip","Footwork","PiercingWail","Backflip","Well Laid Plans","Blade Dance","Decay","Parasite"],"special_seed":0,"relics":["Ring of the Snake","Smiling Mask","Snake Skull","Pen Nib","Juzu Bracelet","Cursed Key","Ornamental Fan","Centennial Puzzle","Blue Candle"],"potions_floor_usage":[16,16,23,28],"damage_taken":[{"damage":0.0,"enemies":"Small Slimes","floor":1.0,"turns":2.0},{"damage":0.0,"enemies":"2 Louse","floor":4.0,"turns":3.0},{"damage":0.0,"enemies":"Jaw Worm","floor":5.0,"turns":5.0},{"damage":22.0,"enemies":"3 Sentries","floor":7.0,"turns":11.0},{"damage":3.0,"enemies":"Looter","floor":8.0,"turns":3.0},{"damage":16.0,"enemies":"Lagavulin","floor":10.0,"turns":7.0},{"damage":0.0,"enemies":"3 Louse","floor":12.0,"turns":3.0},{"damage":6,"enemies":"Gremlin Nob","floor":13,"turns":3},{"damage":35,"enemies":"Slime Boss","floor":16,"turns":11},{"damage":8,"enemies":"2 Thieves","floor":18,"turns":4},{"damage":0,"enemies":"Chosen","floor":19,"turns":4},{"damage":37,"enemies":"Slavers","floor":23,"turns":5},{"damage":16,"enemies":"3 Cultists","floor":25,"turns":6},{"damage":15,"enemies":"Gremlin Leader","floor":28,"turns":8}],"seed_played":"158131462991739032","potions_obtained":[{"floor":1.0,"key":"Fire Potion"},{"floor":5.0,"key":"Dexterity Potion"},{"floor":18,"key":"Fire Potion"},{"floor":19,"key":"SpeedPotion"}],"is_trial":false,"path_per_floor":["M","?","$","M","M","R","E","M","T","E","R","M","E","?","R","B",null,"M","M","$","?","?","E","R","M","T","T","E"],"character_chosen":"THE_SILENT","items_purchased":["Dagger Spray","Leg Sweep","Footwork","PiercingWail","Backflip"],"campfire_rested":2,"item_purchase_floors":[3,3,20,20,20],"current_hp_per_floor":[59,59,59,59,59,59,37,34,34,18,37,37,31,36,36,1,54,46,46,46,46,46,9,30,14,14,14,0],"gold":288,"neow_bonus":"THREE_CARDS","is_prod":false,"is_daily":false,"chose_seed":false,"campfire_upgraded":2,"win_rate":0,"timestamp":1564596084,"path_taken":["M","?","$","M","M","R","E","M","T","E","R","M","E","?","R","BOSS","M","M","$","?","?","E","R","M","T","?","E"],"build_version":"2019-07-17","purchased_purges":2,"victory":false,"max_hp_per_floor":[66,66,66,66,66,66,66,66,66,66,66,66,66,71,71,71,71,71,71,71,71,71,71,71,71,71,71,71],"card_choices":[{"not_picked":["Backflip","Outmaneuver"],"picked":"Deadly Poison","floor":0.0},{"not_picked":["Endless Agony","Distraction"],"picked":"Dash","floor":1.0},{"not_picked":["Outmaneuver","Underhanded Strike"],"picked":"Poisoned Stab","floor":4.0},{"not_picked":["Eviscerate","Quick Slash"],"picked":"Poisoned Stab","floor":5.0},{"not_picked":["Poisoned Stab","Eviscerate"],"picked":"PiercingWail","floor":7.0},{"not_picked":["Accuracy","Underhanded Strike","Reflex"],"picked":"SKIP","floor":8.0},{"not_picked":["Prepared","Infinite Blades"],"picked":"Adrenaline","floor":10.0},{"not_picked":["Blade Dance","Slice"],"picked":"Backflip","floor":12.0},{"not_picked":["Bullet Time","Blur"],"picked":"Dodge and Roll","floor":13},{"not_picked":["Bullet Time","Venomology"],"picked":"Die Die Die","floor":16},{"not_picked":["Choke","PiercingWail"],"picked":"Backflip","floor":18},{"not_picked":["Prepared","Outmaneuver","Blade Dance"],"picked":"SKIP","floor":19},{"not_picked":["Skewer","Heel Hook"],"picked":"Blade Dance","floor":23},{"not_picked":["Outmaneuver","Dagger Throw","Flying Knee"],"picked":"SKIP","floor":25}],"player_experience":1867364,"relics_obtained":[{"floor":7.0,"key":"Smiling Mask"},{"floor":9.0,"key":"Snake Skull"},{"floor":10.0,"key":"Pen Nib"},{"floor":13,"key":"Juzu Bracelet"},{"floor":23,"key":"Ornamental Fan"},{"floor":26,"key":"Centennial Puzzle"},{"floor":27,"key":"Blue Candle"}],"event_choices":[{"damage_healed":0.0,"max_hp_gain":0.0,"max_hp_loss":0.0,"gold_gain":150.0,"event_name":"Liars Game","player_choice":"AGREE","floor":2.0,"gold_loss":0.0,"damage_taken":0.0,"cards_obtained":["Doubt"]},{"damage_healed":0,"gold_gain":0,"player_choice":"Donut","damage_taken":0,"max_hp_gain":5,"max_hp_loss":0,"event_name":"Big Fish","floor":14,"gold_loss":0},{"damage_healed":0,"gold_gain":0,"player_choice":"Read","damage_taken":0,"max_hp_gain":0,"max_hp_loss":0,"event_name":"The Library","floor":21,"gold_loss":0,"cards_obtained":["Well Laid Plans"]},{"damage_healed":0,"gold_gain":50,"player_choice":"Stole From Cult","damage_taken":0,"max_hp_gain":0,"max_hp_loss":0,"event_name":"Nest","floor":22,"gold_loss":0}],"is_beta":false,"boss_relics":[{"not_picked":["HoveringKite","Tiny House"],"picked":"Cursed Key"}],"items_purged_floors":[3,20],"is_endless":false,"potions_floor_spawned":[1,5,8,13,18,19],"killed_by":"Gremlin Leader","ascension_level":20}