{"gold_per_floor":[113,113,129,0,13,13,27,60,60,76,76,94,94,129,129,223,223,208,168,193,14,41,41,41],"floor_reached":24,"playtime":1059,"items_purged":["Strike_R","Strike_R"],"score":412,"play_id":"713ef914-cd1e-456f-b158-a107de4eb5dc","local_time":"20190404203926","is_ascension_mode":true,"campfire_choices":[{"data":"Juggernaut","floor":6.0,"key":"SMITH"},{"data":"Metallicize","floor":11.0,"key":"SMITH"},{"data":"Pommel Strike","floor":15.0,"key":"SMITH"},{"data":"Feed","floor":23,"key":"SMITH"}],"neow_cost":"TEN_PERCENT_HP_LOSS","seed_source_timestamp":39553990144862,"circlet_count":0,"master_deck":["AscendersBane","Strike_R+1","Strike_R+1","Strike_R","Defend_R","Defend_R","Defend_R","Defend_R","Bash","Juggernaut+1","Warcry","Metallicize+1","Shrug It Off","Pommel Strike+1","Battle Trance","Exhume","Shrug It Off","Seeing Red","Feed+1","Feel No Pain","Shrug It Off","Spot Weakness"],"special_seed":0,"relics":["Burning Blood","Golden Idol","Regal Pillow","Strawberry","Pantograph","Whetstone","Coffee Dripper","Blood Vial"],"potions_floor_usage":[],"damage_taken":[{"damage":2.0,"enemies":"Cultist","floor":1.0,"turns":4.0},{"damage":15.0,"enemies":"Small Slimes","floor":3.0,"turns":7.0},{"damage":7.0,"enemies":"Jaw Worm","floor":5.0,"turns":4.0},{"damage":6.0,"enemies":"Exordium Thugs","floor":7.0,"turns":4.0},{"damage":23.0,"enemies":"3 Sentries","floor":8.0,"turns":8.0},{"damage":10.0,"enemies":"Blue Slaver","floor":10.0,"turns":4.0},{"damage":13.0,"enemies":"Red Slaver","floor":12.0,"turns":4.0},{"damage":9.0,"enemies":"Lagavulin","floor":14.0,"turns":7.0},{"damage":8,"enemies":"The Guardian","floor":16,"turns":11},{"damage":18,"enemies":"2 Thieves","floor":18,"turns":4},{"damage":7,"enemies":"Spheric Guardian","floor":20,"turns":4},{"damage":73,"enemies":"Gremlin Leader","floor":24,"turns":8}],"seed_played":"3215540318603675212","potions_obtained":[{"floor":5.0,"key":"LiquidBronze"},{"floor":7.0,"key":"Fruit Juice"},{"floor":10.0,"key":"Ancient Potion"}],"is_trial":false,"path_per_floor":["M","?","M","$","M","R","M","E","T","M","R","M","?","E","R","B",null,"M","?","M","$","T","R","E"],"character_chosen":"IRONCLAD","items_purchased":["Shrug It Off","Spot Weakness"],"campfire_rested":0,"item_purchase_floors":[4,21],"current_hp_per_floor":[68,62,53,53,52,52,52,35,42,43,43,36,25,22,22,45,67,58,58,60,60,60,60,0],"gold":41,"neow_bonus":"THREE_RARE_CARDS","is_prod":false,"is_daily":false,"chose_seed":false,"campfire_upgraded":4,"win_rate":0,"timestamp":1554403166,"path_taken":["M","?","M","$","M","R","M","E","T","M","R","M","?","E","R","BOSS","M","?","M","$","?","R","E"],"build_version":"2019-01-23","purchased_purges":2,"victory":false,"max_hp_per_floor":[68,62,62,62,62,62,62,62,69,74,74,74,74,74,74,74,74,77,77,80,80,80,80,80],"card_choices":[{"not_picked":["Limit Break","Dark Embrace"],"picked":"Juggernaut","floor":0.0},{"not_picked":["Perfected Strike","Intimidate"],"picked":"Warcry","floor":1.0},{"not_picked":["Heavy Blade","Anger"],"picked":"Metallicize","floor":3.0},{"not_picked":["True Grit","Flex"],"picked":"Pommel Strike","floor":5.0},{"not_picked":["Shockwave","Clash"],"picked":"Battle Trance","floor":7.0},{"not_picked":["Dropkick","Twin Strike"],"picked":"Exhume","floor":8.0},{"not_picked":["Entrench","Clash"],"picked":"Shrug It Off","floor":10.0},{"not_picked":["Anger","Power Through"],"picked":"Seeing Red","floor":12.0},{"not_picked":["Anger","Combust","Warcry"],"picked":"SKIP","floor":14.0},{"not_picked":["Immolate","Brutality"],"picked":"Feed","floor":16},{"not_picked":["Body Slam","Rage"],"picked":"Feel No Pain","floor":18},{"not_picked":["Bloodletting","Iron Wave"],"picked":"Shrug It Off","floor":20}],"player_experience":1551271,"relics_obtained":[{"floor":8.0,"key":"Regal Pillow"},{"floor":9.0,"key":"Strawberry"},{"floor":14.0,"key":"Whetstone"},{"floor":22,"key":"Blood Vial"}],"event_choices":[{"damage_healed":0.0,"max_hp_gain":0.0,"max_hp_loss":6.0,"gold_gain":0.0,"event_name":"Golden Idol","player_choice":"Lose Max HP","floor":2.0,"gold_loss":0.0,"damage_taken":0.0,"relics_obtained":["Golden Idol"]},{"damage_healed":0.0,"max_hp_gain":0.0,"max_hp_loss":0.0,"gold_gain":0.0,"event_name":"Scrap Ooze","player_choice":"Success","floor":13.0,"gold_loss":0.0,"damage_taken":11.0,"relics_obtained":["Pantograph"]},{"damage_healed":0,"gold_gain":0,"player_choice":"Bought 3 Potions","damage_taken":0,"max_hp_gain":0,"max_hp_loss":0,"event_name":"The Woman in Blue","floor":19,"gold_loss":0}],"is_beta":false,"boss_relics":[{"not_picked":["Calling Bell","Orrery"],"picked":"Coffee Dripper"}],"items_purged_floors":[4,21],"is_endless":false,"potions_floor_spawned":[5,7,10,20],"killed_by":"Gremlin Leader","ascension_level":20}