{"gold_per_floor":[110,126,126,141,141,141,162,162,188,227,206,206,225,261,261,387,387,387,387,38,38,0,0,0,0,0,0,0,0,0],"floor_reached":30,"playtime":1258,"items_purged":[],"score":505,"play_id":"c1be7d15-2c55-43eb-b0db-53bd7a247aa0","local_time":"20180928144600","is_ascension_mode":true,"campfire_choices":[{"data":"Neutralize","floor":6,"key":"SMITH"},{"data":"Dash","floor":8,"key":"SMITH"},{"data":"Caltrops","floor":12,"key":"SMITH"},{"floor":15,"key":"REST"},{"data":"Envenom","floor":23,"key":"SMITH"},{"data":"Catalyst","floor":25,"key":"SMITH"}],"neow_cost":"NONE","seed_source_timestamp":21734952722215,"circlet_count":0,"master_deck":["Defend_G+1","Defend_G+1","Defend_G+1","Defend_G+1","Defend_G+1","Strike_G+1","Strike_G+1","Strike_G+1","Strike_G+1","Strike_G+1","Survivor","Neutralize+1","AscendersBane","Blur","Dash+1","Flying Knee","Caltrops+1","Blade Dance","Malaise","Backflip","Envenom+1","Deadly Poison","Corpse Explosion","Flechettes","Catalyst+1","Blade Dance+1","Noxious Fumes+1"],"relics":["Sozu","Golden Idol","Vajra","Oddly Smooth Stone","Regal Pillow","Ectoplasm","Lee\u0027s Waffle","Centennial Puzzle","Bottled Tornado","Dream Catcher"],"potions_floor_usage":[],"damage_taken":[{"damage":2,"enemies":"Cultist","floor":1,"turns":5},{"damage":0,"enemies":"2 Louse","floor":2,"turns":3},{"damage":2,"enemies":"Jaw Worm","floor":4,"turns":4},{"damage":0,"enemies":"Exordium Wildlife","floor":7,"turns":4},{"damage":15,"enemies":"Lagavulin","floor":10,"turns":7},{"damage":0,"enemies":"3 Louse","floor":13,"turns":2},{"damage":25,"enemies":"Gremlin Nob","floor":14,"turns":6},{"damage":0,"enemies":"Hexaghost","floor":16,"turns":10},{"damage":16,"enemies":"Spheric Guardian","floor":18,"turns":4},{"damage":0,"enemies":"3 Byrds","floor":21,"turns":2},{"damage":23,"enemies":"Slavers","floor":24,"turns":4},{"damage":34,"enemies":"Gremlin Leader","floor":27,"turns":7},{"damage":9,"enemies":"Snecko","floor":29,"turns":4},{"damage":11,"enemies":"Shelled Parasite and Fungi","floor":30,"turns":2}],"seed_played":"-3496243267810160605","potions_obtained":[],"is_trial":false,"path_per_floor":["M","M","?","M","?","R","M","R","T","E","?","R","M","E","R","B",null,"M","?","$","M","$","R","E","R","T","E","?","M"],"character_chosen":"THE_SILENT","items_purchased":["Corpse Explosion","Lee\u0027s Waffle","Catalyst"],"campfire_rested":1,"item_purchase_floors":[20,20,22],"current_hp_per_floor":[61,61,47,45,45,45,45,45,45,30,30,30,30,5,41,41,63,47,47,77,77,77,77,54,54,54,20,20,11,0],"gold":0,"neow_bonus":"BOSS_RELIC","is_prod":false,"is_daily":false,"chose_seed":false,"campfire_upgraded":5,"win_rate":0,"timestamp":1538138760,"path_taken":["M","M","?","M","?","R","M","R","T","E","?","R","M","E","R","BOSS","M","?","$","M","?","R","E","R","T","E","?","M","M"],"build_version":"2018-09-27","purchased_purges":0,"victory":false,"max_hp_per_floor":[70,70,70,70,70,70,70,70,70,70,70,70,70,70,70,70,70,70,70,77,77,77,77,77,77,77,77,77,77,77],"card_choices":[{"not_picked":["Deflect","Flechettes"],"picked":"Blur","floor":1},{"not_picked":["Caltrops","Blade Dance"],"picked":"Dash","floor":2},{"not_picked":["Concentrate","Dagger Throw"],"picked":"Flying Knee","floor":4},{"not_picked":["Flying Knee","Reflex"],"picked":"Caltrops","floor":7},{"not_picked":["Bane","Concentrate"],"picked":"Blade Dance","floor":10},{"not_picked":["Slice","Deadly Poison"],"picked":"Malaise","floor":13},{"not_picked":["Blade Dance","Dagger Spray"],"picked":"Backflip","floor":14},{"not_picked":["Bullet Time","After Image"],"picked":"Envenom","floor":16},{"not_picked":["Sucker Punch","Dodge and Roll"],"picked":"Deadly Poison","floor":18},{"not_picked":["Tactician","Setup"],"picked":"Flechettes","floor":21},{"not_picked":["Riddle With Holes","Dagger Spray"],"picked":"Blade Dance+1","floor":24},{"not_picked":["Cloak And Dagger","Finisher+1"],"picked":"Noxious Fumes+1","floor":27},{"not_picked":["Underhanded Strike+1","Dagger Spray","Dagger Throw"],"picked":"SKIP","floor":29}],"player_experience":540422,"relics_obtained":[{"floor":9,"key":"Vajra"},{"floor":10,"key":"Oddly Smooth Stone"},{"floor":14,"key":"Regal Pillow"},{"floor":24,"key":"Centennial Puzzle"},{"floor":26,"key":"Bottled Tornado"},{"floor":27,"key":"Dream Catcher"}],"event_choices":[{"event_name":"Shining Light","player_choice":"Entered Light","floor":3,"damage_taken":0},{"event_name":"Golden Idol","player_choice":"Take Wound","floor":5,"damage_taken":0},{"event_name":"World of Goop","player_choice":"Left","floor":11,"damage_taken":0},{"event_name":"Fountain of Cleansing","player_choice":"Removed Curse","floor":19,"damage_taken":0},{"event_name":"Back to Basics","player_choice":"Simplicity","floor":28,"damage_taken":0}],"is_beta":true,"boss_relics":[{"not_picked":["WristBlade","HoveringKite"],"picked":"Ectoplasm"}],"items_purged_floors":[],"is_endless":false,"potions_floor_spawned":[4,7,10,13,18,21],"killed_by":"Shelled Parasite and Fungi","ascension_level":11}