{"gold_per_floor":[111,125,240,240,260,260,289,214,214,214,232,266,266,266,266,343,438,457,43,43,58,58,58,58,58,58,75,107,107,107,107],"floor_reached":31,"playtime":1355,"items_purged":["Strike_G","Eviscerate"],"score":572,"play_id":"797c932f-e660-483e-9206-584cd7c9bbf0","local_time":"20190305150132","is_ascension_mode":true,"campfire_choices":[{"data":"infinitespire:Neurotoxin","floor":6.0,"key":"SMITH"},{"floor":13.0,"key":"REST"},{"data":"infinitespire:DeathsTouch","floor":15.0,"key":"SMITH"},{"floor":23.0,"key":"REST"},{"data":"Burst","floor":25.0,"key":"SMITH"},{"floor":29.0,"key":"REST"}],"neow_cost":"NONE","seed_source_timestamp":18769022774433,"circlet_count":0,"master_deck":["AscendersBane","Survivor","Neutralize+1","Dagger Spray","Cloak And Dagger","infinitespire:Neurotoxin+1","Poisoned Stab","Noxious Fumes","infinitespire:DeathsTouch+1","Burst+1","Flying Knee","Slice","Blur","Phantasmal Killer","Acrobatics","Flechettes","hubris:SlightOfHand","hubris:TrickCloak","Backstab","Adrenaline","Dodge and Roll","Concentrate+1"],"special_seed":0,"relics":["infinitespire:DarkRift","infinitespire:Satchel","infinitespire:Cubic Diamond","Juzu Bracelet","Vajra","Omamori","hubris:KleinBottle","Pandora\u0027s Box","Snake Skull","hubris:TinFlute","Nunchaku","Bronze Scales"],"potions_floor_usage":[31],"damage_taken":[{"damage":13.0,"enemies":"infinitespire:Voidling","floor":1.0,"turns":6.0},{"damage":1.0,"enemies":"2 Louse","floor":2.0,"turns":2.0},{"damage":0.0,"enemies":"Jaw Worm","floor":3.0,"turns":4.0},{"damage":12.0,"enemies":"Gremlin Gang","floor":5.0,"turns":6.0},{"damage":18.0,"enemies":"Lagavulin","floor":7.0,"turns":6.0},{"damage":7.0,"enemies":"Exordium Wildlife","floor":11.0,"turns":3.0},{"damage":8.0,"enemies":"Gremlin Nob","floor":12.0,"turns":3.0},{"damage":4.0,"enemies":"Hexaghost","floor":16.0,"turns":7.0},{"damage":24.0,"enemies":"Shell Parasite","floor":18.0,"turns":3.0},{"damage":17.0,"enemies":"3 Byrds","floor":21.0,"turns":6.0},{"damage":6.0,"enemies":"3 Cultists","floor":27.0,"turns":3.0},{"damage":35.0,"enemies":"Slavers","floor":28.0,"turns":7.0},{"damage":25,"enemies":"Gremlin Leader","floor":31,"turns":1}],"seed_played":"9180490666891308836","potions_obtained":[{"floor":5.0,"key":"Poison Potion"},{"floor":7.0,"key":"GhostInAJar"},{"floor":11.0,"key":"Explosive Potion"},{"floor":16.0,"key":"Ancient Potion"}],"is_trial":false,"path_per_floor":["M","M","M","?","M","R","E","$","T","?","M","E","R","$","R","B",null,"M","$","?","M","?","R","$","R","T","M","E","R","?","E"],"character_chosen":"THE_SILENT","items_purchased":["hubris:KleinBottle","Snake Skull","Adrenaline"],"campfire_rested":3,"item_purchase_floors":[14,19,19],"current_hp_per_floor":[58,57,57,57,45,45,27,27,27,27,20,12,31,12,12,8,52,28,28,28,11,24,43,43,43,43,37,2,21,21,0],"gold":107,"neow_bonus":"RANDOM_COMMON_RELIC","is_prod":false,"is_daily":false,"chose_seed":false,"campfire_upgraded":3,"win_rate":0,"timestamp":1551794492,"path_taken":["M","?","M","?","M","R","E","$","T","?","M","E","R","?","R","BOSS","M","$","?","M","?","R","$","R","T","M","E","R","?","E"],"build_version":"2019-01-23","purchased_purges":2,"victory":false,"max_hp_per_floor":[66,66,66,66,66,66,66,66,66,66,66,66,66,66,66,66,66,66,66,66,66,66,66,66,66,66,66,66,66,66,66],"card_choices":[{"not_picked":["Slice","Prepared"],"picked":"Dagger Spray","floor":1.0},{"not_picked":["Terror","Dodge and Roll"],"picked":"Cloak And Dagger","floor":2.0},{"not_picked":["Bane","Dagger Throw"],"picked":"infinitespire:Neurotoxin","floor":3.0},{"not_picked":["Quick Slash","Underhanded Strike"],"picked":"Poisoned Stab","floor":5.0},{"not_picked":["Predator","Bane","Deflect"],"picked":"SKIP","floor":7.0},{"not_picked":["Underhanded Strike","Cloak And Dagger","Heel Hook"],"picked":"SKIP","floor":11.0},{"not_picked":["Cloak And Dagger","Escape Plan"],"picked":"Noxious Fumes","floor":12.0},{"not_picked":["infinitespire:FinalStrike","infinitespire:UltimateForm"],"picked":"infinitespire:DeathsTouch","floor":14.0},{"not_picked":["After Image","Venomology"],"picked":"Burst","floor":16.0},{"not_picked":["Acrobatics","Skewer"],"picked":"Backstab","floor":18.0},{"not_picked":["Deflect","Noxious Fumes"],"picked":"Dodge and Roll","floor":21.0},{"not_picked":["hubris:SlightOfHand","Terror","Reflex"],"picked":"SKIP","floor":27.0},{"not_picked":["Dagger Throw+1","Tactician"],"picked":"Concentrate+1","floor":28.0}],"player_experience":1370229,"relics_obtained":[{"floor":7.0,"key":"Juzu Bracelet"},{"floor":9.0,"key":"Vajra"},{"floor":12.0,"key":"Omamori"},{"floor":26.0,"key":"hubris:TinFlute"},{"floor":28.0,"key":"Nunchaku"}],"event_choices":[{"damage_healed":0.0,"max_hp_gain":0.0,"max_hp_loss":0.0,"gold_gain":0.0,"event_name":"Cursed Tome","player_choice":"Ignored","floor":20.0,"gold_loss":0.0,"damage_taken":0.0},{"damage_healed":13.0,"max_hp_gain":0.0,"max_hp_loss":0.0,"gold_gain":0.0,"event_name":"The Library","player_choice":"Heal","floor":22.0,"gold_loss":0.0,"damage_taken":0.0},{"damage_healed":0,"gold_gain":0,"player_choice":"Opened","damage_taken":0,"relics_obtained":["Bronze Scales"],"max_hp_gain":0,"max_hp_loss":0,"event_name":"The Mausoleum","floor":30,"gold_loss":0,"cards_obtained":["Writhe"]}],"is_beta":false,"boss_relics":[{"not_picked":["Eternal Feather","hubris:ScarierMask"],"picked":"Pandora\u0027s Box"}],"items_purged_floors":[8,19],"is_endless":false,"potions_floor_spawned":[5,7,11,16,21,27],"killed_by":"Gremlin Leader","ascension_level":20}