{"gold_per_floor":[119,119,135,147,147,176,176,201,201,201,216,216,250,270,270,347,347,361,286,22,50,50,50,9,22,22,51,51,84,116,128,140,228,240,268,4,4,226,1225,1250,1266,1266],"floor_reached":42,"playtime":1930,"items_purged":["Anger","Strike_R","Strike_R"],"score":985,"play_id":"80abb6e7-9b29-4820-9861-da70dd477af1","local_time":"20190606161408","is_ascension_mode":true,"campfire_choices":[{"data":"Juggernaut","floor":7.0,"key":"SMITH"},{"data":"True Grit","floor":10.0,"key":"SMITH"},{"floor":12.0,"key":"REST"},{"data":"Juggernaut","floor":15.0,"key":"SMITH"},{"floor":23,"key":"REST"},{"floor":28,"key":"REST"},{"data":"Demon Form","floor":32,"key":"SMITH"}],"neow_cost":"PERCENT_DAMAGE","seed_source_timestamp":22055043355411,"circlet_count":0,"master_deck":["AscendersBane","Defend_R","Defend_R","Defend_R","Defend_R","Bash","Juggernaut+1","Hemokinesis","Carnage","Armaments+1","True Grit+1","Rampage","Shrug It Off","Juggernaut+1","Demon Form+1","Shockwave","Flame Barrier","Impervious","Spot Weakness+1","Normality","Normality","Heavy Blade","Burning Pact+1"],"special_seed":0,"relics":["Burning Blood","Question Card","Mercury Hourglass","Matryoshka","Happy Flower","Paper Frog","Snecko Eye","Bag of Preparation","Red Mask","Ancient Tea Set","Self Forming Clay","Pantograph","MawBank","Coffee Dripper","Membership Card","Bottled Lightning"],"potions_floor_usage":[40,40,41],"damage_taken":[{"damage":4.0,"enemies":"Cultist","floor":1.0,"turns":4.0},{"damage":0.0,"enemies":"2 Louse","floor":3.0,"turns":3.0},{"damage":7.0,"enemies":"Jaw Worm","floor":4.0,"turns":3.0},{"damage":29.0,"enemies":"Lagavulin","floor":6.0,"turns":6.0},{"damage":15.0,"enemies":"3 Sentries","floor":8.0,"turns":5.0},{"damage":6.0,"enemies":"Blue Slaver","floor":11.0,"turns":4.0},{"damage":11.0,"enemies":"Gremlin Nob","floor":13.0,"turns":3.0},{"damage":7.0,"enemies":"Large Slime","floor":14.0,"turns":5.0},{"damage":33.0,"enemies":"Hexaghost","floor":16.0,"turns":9.0},{"damage":17.0,"enemies":"2 Thieves","floor":18.0,"turns":4.0},{"damage":39.0,"enemies":"Masked Bandits","floor":21.0,"turns":4.0},{"damage":4,"enemies":"3 Byrds","floor":25,"turns":4},{"damage":23,"enemies":"Book of Stabbing","floor":27,"turns":5},{"damage":12,"enemies":"Gremlin Leader","floor":29,"turns":6},{"damage":7,"enemies":"Sentry and Sphere","floor":30,"turns":4},{"damage":27,"enemies":"Champ","floor":33,"turns":8},{"damage":12,"enemies":"3 Darklings","floor":35,"turns":4},{"damage":52,"enemies":"Reptomancer","floor":40,"turns":5},{"damage":9,"enemies":"Orb Walker","floor":41,"turns":4},{"damage":25,"enemies":"2 Orb Walkers","floor":42,"turns":3}],"seed_played":"-2998856368999827279","potions_obtained":[{"floor":1.0,"key":"Strength Potion"},{"floor":11.0,"key":"Fire Potion"},{"floor":21.0,"key":"AttackPotion"},{"floor":40,"key":"BloodPotion"}],"is_trial":false,"path_per_floor":["M","T","M","M","?","E","R","E","T","R","M","R","E","M","R","B",null,"M","$","$","?","?","R","$","M","T","E","R","E","M","?","R","B",null,"M","$","?","?","?","E","M","?"],"character_chosen":"IRONCLAD","items_purchased":["Bag of Preparation","Flame Barrier","Membership Card"],"campfire_rested":3,"item_purchase_floors":[20,24,36],"current_hp_per_floor":[52,52,58,57,57,34,34,25,25,25,25,47,42,41,41,14,60,49,49,49,16,16,38,38,40,40,23,45,39,38,38,38,42,67,61,61,61,61,61,15,19,0],"gold":1266,"neow_bonus":"TRANSFORM_TWO_CARDS","is_prod":false,"is_daily":false,"chose_seed":false,"campfire_upgraded":4,"win_rate":0,"timestamp":1559830448,"path_taken":["M","?","?","M","?","E","R","E","T","R","M","R","E","?","R","BOSS","M","?","$","?","?","R","$","M","T","E","R","E","?","?","R","BOSS","M","$","?","?","?","E","M","?"],"build_version":"2019-01-23","purchased_purges":3,"victory":false,"max_hp_per_floor":[75,75,75,75,75,75,75,75,75,75,75,75,75,75,75,75,75,75,75,75,75,75,75,75,75,75,75,75,75,75,75,75,75,75,75,75,71,71,71,71,71,71],"card_choices":[{"not_picked":["Clothesline","Pommel Strike"],"picked":"Carnage","floor":1.0},{"not_picked":["Burning Pact","Rage","Pommel Strike"],"picked":"Armaments","floor":3.0},{"not_picked":["Sword Boomerang","Rage","Corruption"],"picked":"True Grit","floor":4.0},{"not_picked":["Rage","Headbutt","Perfected Strike"],"picked":"Rampage","floor":6.0},{"not_picked":["Dropkick","Combust","Flame Barrier"],"picked":"Shrug It Off","floor":8.0},{"not_picked":["Anger","Clothesline","Warcry"],"picked":"Juggernaut","floor":11.0},{"not_picked":["Clothesline","Sword Boomerang","Warcry","Wild Strike"],"picked":"SKIP","floor":13.0},{"not_picked":["Flex","Clothesline","Sever Soul"],"picked":"Anger","floor":14.0},{"not_picked":["Barricade","Double Tap","Bludgeon"],"picked":"Demon Form","floor":16.0},{"not_picked":["Whirlwind","Power Through","Cleave","Ghostly Armor"],"picked":"SKIP","floor":18.0},{"not_picked":["Havoc","True Grit","Perfected Strike"],"picked":"Shockwave","floor":21.0},{"not_picked":["Dual Wield","Sentinel","Uppercut","Thunderclap"],"picked":"SKIP","floor":25},{"not_picked":["True Grit","Fiend Fire","Clothesline","Combust"],"picked":"SKIP","floor":27},{"not_picked":["Metallicize","Clash+1","Seeing Red","Intimidate"],"picked":"SKIP","floor":29},{"not_picked":["Cleave","Body Slam","Warcry","Flex"],"picked":"SKIP","floor":30},{"not_picked":["Demon Form","Barricade","Double Tap"],"picked":"Impervious","floor":33},{"not_picked":["Heavy Blade","Armaments","Sever Soul+1"],"picked":"Spot Weakness+1","floor":35},{"not_picked":["Flex+1","Thunderclap","Blood for Blood"],"picked":"Heavy Blade","floor":40},{"not_picked":["Warcry","Clothesline","Headbutt"],"picked":"Burning Pact+1","floor":41}],"player_experience":1723433,"relics_obtained":[{"floor":2.0,"key":"Question Card"},{"floor":6.0,"key":"Mercury Hourglass"},{"floor":8.0,"key":"Matryoshka"},{"floor":9.0,"key":"Happy Flower"},{"floor":9.0,"key":"Paper Frog"},{"floor":21.0,"key":"Red Mask"},{"floor":26,"key":"Ancient Tea Set"},{"floor":26,"key":"Self Forming Clay"},{"floor":27,"key":"Pantograph"},{"floor":29,"key":"MawBank"},{"floor":40,"key":"Bottled Lightning"}],"event_choices":[{"damage_healed":0.0,"max_hp_gain":0.0,"max_hp_loss":0.0,"gold_gain":0.0,"event_name":"Accursed Blacksmith","player_choice":"Forge","floor":5.0,"gold_loss":0.0,"damage_taken":0.0,"cards_upgraded":["Armaments"]},{"damage_healed":0.0,"max_hp_gain":0.0,"max_hp_loss":0.0,"gold_gain":0.0,"event_name":"Masked Bandits","player_choice":"Fought Bandits","floor":21.0,"gold_loss":0.0,"damage_taken":0.0},{"damage_healed":0,"gold_gain":0,"player_choice":"Ignored","damage_taken":0,"max_hp_gain":0,"max_hp_loss":0,"event_name":"Cursed Tome","floor":22,"gold_loss":0},{"cards_removed":["Strike_R"],"damage_healed":0,"gold_gain":0,"player_choice":"Card Removal","damage_taken":0,"max_hp_gain":0,"max_hp_loss":0,"event_name":"Wheel of Change","floor":31,"gold_loss":0},{"damage_healed":0,"gold_gain":0,"player_choice":"Max HP","damage_taken":0,"max_hp_gain":0,"max_hp_loss":4,"event_name":"Winding Halls","floor":37,"gold_loss":0},{"damage_healed":0,"gold_gain":222,"player_choice":"Wore Mask","damage_taken":0,"max_hp_gain":0,"max_hp_loss":0,"event_name":"Tomb of Lord Red Mask","floor":38,"gold_loss":0},{"damage_healed":0,"gold_gain":999,"player_choice":"Gold","damage_taken":0,"max_hp_gain":0,"max_hp_loss":0,"event_name":"MindBloom","floor":39,"gold_loss":0,"cards_obtained":["Normality","Normality"]},{"damage_healed":0,"gold_gain":0,"player_choice":"Fight","damage_taken":0,"max_hp_gain":0,"max_hp_loss":0,"event_name":"Mysterious Sphere","floor":42,"gold_loss":0}],"is_beta":false,"boss_relics":[{"not_picked":["Tiny House","Black Star"],"picked":"Snecko Eye"},{"not_picked":["Empty Cage","Orrery"],"picked":"Coffee Dripper"}],"items_purged_floors":[19,20,36],"is_endless":false,"potions_floor_spawned":[1,11,14,16,21,29,33,35,40],"killed_by":"2 Orb Walkers","ascension_level":20}