{"gold_per_floor":[119,138,88,100,115,115,134,134,184,201,230,245,258,282,282,360,360,360,300,22,22,22],"floor_reached":22,"playtime":2562,"items_purged":["Strike_G"],"score":326,"play_id":"dfc5c22a-6179-421f-a36a-fe307e42223e","local_time":"20181029011522","is_ascension_mode":true,"campfire_choices":[{"data":"Terror","floor":6.0,"key":"SMITH"},{"data":"Noxious Fumes","floor":8.0,"key":"SMITH"},{"floor":15.0,"key":"REST"}],"neow_cost":"TEN_PERCENT_HP_LOSS","seed_source_timestamp":0,"circlet_count":0,"master_deck":["Defend_G","Defend_G","Defend_G","Defend_G","Strike_G","Strike_G","Strike_G","Strike_G","Survivor","Neutralize","AscendersBane","Terror+1","Deadly Poison","Bouncing Flask","Backflip","Noxious Fumes+1","Quick Slash","Deadly Poison","Sucker Punch","Bane","Bullet Time","Backflip","Bane+1","Well Laid Plans"],"special_seed":0,"relics":["Ring of the Snake","Ice Cream","Pen Nib","Darkstone Periapt","Bronze Scales","Ectoplasm","MealTicket"],"potions_floor_usage":[22],"damage_taken":[{"damage":4.0,"enemies":"Jaw Worm","floor":1.0,"turns":5.0},{"damage":0.0,"enemies":"Cultist","floor":2.0,"turns":4.0},{"damage":0.0,"enemies":"2 Louse","floor":4.0,"turns":2.0},{"damage":16.0,"enemies":"2 Fungi Beasts","floor":5.0,"turns":4.0},{"damage":1.0,"enemies":"Looter","floor":7.0,"turns":3.0},{"damage":1.0,"enemies":"Exordium Wildlife","floor":10.0,"turns":3.0},{"damage":34.0,"enemies":"Gremlin Nob","floor":11.0,"turns":4.0},{"damage":2.0,"enemies":"Lots of Slimes","floor":12.0,"turns":5.0},{"damage":0.0,"enemies":"2 Fungi Beasts","floor":13.0,"turns":3.0},{"damage":4.0,"enemies":"Hexaghost","floor":16.0,"turns":7.0},{"damage":18.0,"enemies":"Shell Parasite","floor":18.0,"turns":5.0},{"damage":21.0,"enemies":"2 Thieves","floor":19.0,"turns":4.0},{"damage":9.0,"enemies":"3 Cultists","floor":21.0,"turns":5.0},{"damage":1,"enemies":"Shelled Parasite and Fungi","floor":22,"turns":1}],"seed_played":"-9020852498364832155","potions_obtained":[{"floor":2.0,"key":"Swift Potion"},{"floor":10.0,"key":"GamblersBrew"},{"floor":11.0,"key":"Fire Potion"},{"floor":12.0,"key":"Ancient Potion"},{"floor":16.0,"key":"PowerPotion"},{"floor":19.0,"key":"GamblersBrew"}],"is_trial":false,"path_per_floor":["M","M","?","M","M","R","M","R","T","M","E","M","M","T","R","B",null,"M","M","$","M"],"character_chosen":"THE_SILENT","items_purchased":["MealTicket"],"campfire_rested":1,"item_purchase_floors":[20],"current_hp_per_floor":[55,55,55,55,39,39,38,38,38,37,3,1,1,1,19,15,49,31,10,10,1,0],"gold":22,"neow_bonus":"ONE_RARE_RELIC","is_prod":false,"is_daily":false,"chose_seed":false,"campfire_upgraded":2,"win_rate":0,"timestamp":1540772122,"path_taken":["M","M","?","M","M","R","M","R","T","M","E","M","M","?","R","BOSS","M","M","$","M","M"],"build_version":"2018-10-25v2","purchased_purges":1,"victory":false,"max_hp_per_floor":[60,60,60,60,60,60,60,60,60,60,60,60,60,60,60,60,60,60,60,60,60,60],"card_choices":[{"not_picked":["Deadly Poison","Dagger Throw"],"picked":"Terror","floor":1.0},{"not_picked":["Dagger Throw","Riddle With Holes"],"picked":"Deadly Poison","floor":2.0},{"not_picked":["Dagger Throw","Poisoned Stab"],"picked":"Bouncing Flask","floor":4.0},{"not_picked":["Dagger Spray","PiercingWail"],"picked":"Backflip","floor":5.0},{"not_picked":["A Thousand Cuts","Distraction"],"picked":"Noxious Fumes","floor":7.0},{"not_picked":["Sucker Punch","Prepared"],"picked":"Quick Slash","floor":10.0},{"not_picked":["Poisoned Stab","Terror"],"picked":"Deadly Poison","floor":11.0},{"not_picked":["Slice","Deflect"],"picked":"Sucker Punch","floor":12.0},{"not_picked":["All Out Attack","Expertise"],"picked":"Bane","floor":13.0},{"not_picked":["Grand Finale","Night Terror"],"picked":"Bullet Time","floor":16.0},{"not_picked":["Bane","Prepared"],"picked":"Backflip","floor":18.0},{"not_picked":["Outmaneuver","Prepared"],"picked":"Bane+1","floor":19.0},{"not_picked":["Blade Dance","Poisoned Stab"],"picked":"Well Laid Plans","floor":21.0}],"player_experience":699721,"relics_obtained":[{"floor":9.0,"key":"Pen Nib"},{"floor":11.0,"key":"Darkstone Periapt"},{"floor":14.0,"key":"Bronze Scales"}],"event_choices":[{"cards_removed":["Defend_G"],"damage_healed":0.0,"max_hp_gain":0.0,"max_hp_loss":0.0,"gold_gain":0.0,"event_name":"The Cleric","player_choice":"Card Removal","floor":3.0,"gold_loss":50.0,"damage_taken":0.0}],"is_beta":true,"boss_relics":[{"not_picked":["Calling Bell","Ring of the Serpent"],"picked":"Ectoplasm"}],"items_purged_floors":[20],"is_endless":false,"potions_floor_spawned":[2,10,11,12,16,19],"killed_by":"Shelled Parasite and Fungi","ascension_level":14}