{"gold_per_floor":[118,136,136,154,104,131,131,142,165,196,208,208,225,281,281,382,382,396,495,505,516,516],"floor_reached":22,"playtime":4162,"items_purged":[],"score":223,"play_id":"69847522-4fa8-419d-a93e-ad5dfe9ebd70","local_time":"20190204155848","is_ascension_mode":false,"campfire_choices":[{"floor":7,"key":"REST"},{"floor":12,"key":"REST"},{"floor":15,"key":"REST"}],"neow_cost":"NONE","seed_source_timestamp":30007565288347,"circlet_count":0,"master_deck":["Defend_G","Defend_G","Defend_G","Defend_G","Strike_G","Strike_G","Strike_G","Strike_G","Strike_G","Survivor","Neutralize","Quick Slash","Blade Dance","Flying Knee","Escape Plan","Dagger Throw","Unload","Deadly Poison","Noxious Fumes","Envenom","Sucker Punch+1","Blade Dance","Deflect"],"relics":["Ring of the Snake","FaceOfCleric","Bronze Scales","Strawberry","Snake Skull","WristBlade"],"potions_floor_usage":[18],"damage_taken":[{"damage":4,"enemies":"Small Slimes","floor":1,"turns":5},{"damage":0,"enemies":"Cultist","floor":2,"turns":4},{"damage":0,"enemies":"2 Louse","floor":4,"turns":3},{"damage":46,"enemies":"3 Sentries","floor":6,"turns":9},{"damage":9,"enemies":"Blue Slaver","floor":8,"turns":3},{"damage":31,"enemies":"Lagavulin","floor":10,"turns":7},{"damage":3,"enemies":"Red Slaver","floor":11,"turns":3},{"damage":2,"enemies":"3 Louse","floor":13,"turns":2},{"damage":23,"enemies":"Slime Boss","floor":16,"turns":9},{"damage":34,"enemies":"Spheric Guardian","floor":18,"turns":6},{"damage":13,"enemies":"3 Byrds","floor":20,"turns":3},{"damage":31,"enemies":"Cultist and Chosen","floor":21,"turns":5},{"damage":17,"enemies":"Snecko","floor":22,"turns":3}],"seed_played":"2222845717381805323","potions_obtained":[{"floor":2,"key":"SkillPotion"},{"floor":6,"key":"PowerPotion"},{"floor":10,"key":"SkillPotion"}],"is_trial":false,"path_per_floor":["M","M","?","M","?","E","R","M","T","E","M","R","M","?","R","B",null,"M","?","M","M","M"],"character_chosen":"THE_SILENT","items_purchased":[],"campfire_rested":3,"item_purchase_floors":[],"current_hp_per_floor":[73,73,73,74,74,29,52,44,51,21,19,45,44,44,71,49,91,58,58,46,16,0],"gold":516,"neow_bonus":"TEN_PERCENT_HP_BONUS","is_prod":false,"is_daily":false,"chose_seed":false,"campfire_upgraded":0,"win_rate":0.0,"timestamp":1549324728,"path_taken":["M","M","?","?","?","E","R","M","T","E","M","R","M","?","R","BOSS","M","?","M","M","M"],"build_version":"2019-01-23","purchased_purges":0,"victory":false,"max_hp_per_floor":[77,77,77,78,78,79,79,80,87,88,89,89,90,90,90,91,91,92,92,93,94,94],"card_choices":[{"not_picked":["PiercingWail","Footwork"],"picked":"Quick Slash","floor":1},{"not_picked":["Deadly Poison","Footwork"],"picked":"Blade Dance","floor":2},{"not_picked":["Dagger Spray","Tactician"],"picked":"Flying Knee","floor":4},{"not_picked":["Dagger Spray","Riddle With Holes"],"picked":"Escape Plan","floor":6},{"not_picked":["Acrobatics","Deflect"],"picked":"Dagger Throw","floor":8},{"not_picked":["Dagger Spray","Dodge and Roll"],"picked":"Unload","floor":10},{"not_picked":["Sucker Punch","Acrobatics"],"picked":"Deadly Poison","floor":11},{"not_picked":["Deflect","Distraction"],"picked":"Noxious Fumes","floor":13},{"not_picked":["Unload","Glass Knife"],"picked":"Envenom","floor":16},{"not_picked":["Caltrops+1","Choke+1"],"picked":"Sucker Punch+1","floor":18},{"not_picked":["Skewer","Flying Knee"],"picked":"Blade Dance","floor":20},{"not_picked":["Dodge and Roll","Quick Slash+1"],"picked":"Deflect","floor":21}],"player_experience":18330,"relics_obtained":[{"floor":6,"key":"Bronze Scales"},{"floor":9,"key":"Strawberry"},{"floor":10,"key":"Snake Skull"}],"event_choices":[{"damage_healed":0,"gold_gain":0,"player_choice":"Trade","damage_taken":0,"relics_obtained":["FaceOfCleric"],"max_hp_gain":0,"max_hp_loss":0,"event_name":"FaceTrader","floor":3,"gold_loss":0},{"cards_removed":["Defend_G"],"damage_healed":0,"gold_gain":0,"player_choice":"Card Removal","damage_taken":0,"max_hp_gain":0,"max_hp_loss":0,"event_name":"The Cleric","floor":5,"gold_loss":50},{"damage_healed":0,"gold_gain":56,"player_choice":"Gained Gold","damage_taken":0,"max_hp_gain":0,"max_hp_loss":0,"event_name":"Golden Wing","floor":14,"gold_loss":0},{"damage_healed":0,"gold_gain":99,"player_choice":"Stole From Cult","damage_taken":0,"max_hp_gain":0,"max_hp_loss":0,"event_name":"Nest","floor":19,"gold_loss":0}],"is_beta":false,"boss_relics":[{"not_picked":["Empty Cage","Busted Crown"],"picked":"WristBlade"}],"items_purged_floors":[],"is_endless":false,"potions_floor_spawned":[2,6,10,16],"killed_by":"Snecko","ascension_level":0}