{"gold_per_floor":[118,43,59,59,79,79,4,32,32,43,43,43,72,91,91,169,169,189,114,30,42,53,78,97,123,123,149,159,159,159,185,185,259,259,270,284,284,298,298,329,329,361,361,388,388,414,56,70,70,70,70,70,70,44,69,69],"floor_reached":56,"playtime":3175,"items_purged":[],"score":2256,"play_id":"701cb167-459f-4b3a-a24b-fa93c4d1ca0d","local_time":"20190130164728","is_ascension_mode":true,"campfire_choices":[{"data":"Inflame","floor":6.0,"key":"SMITH"},{"data":"Immolate","floor":11.0,"key":"SMITH"},{"data":"Armaments","floor":15.0,"key":"SMITH"},{"floor":30.0,"key":"REST"},{"floor":32.0,"key":"REST"},{"data":"Double Tap","floor":41.0,"key":"SMITH"},{"data":"Spot Weakness","floor":45.0,"key":"SMITH"},{"floor":49.0,"key":"RECALL"},{"floor":53.0,"key":"REST"}],"neow_cost":"NONE","seed_source_timestamp":0,"circlet_count":0,"master_deck":["AscendersBane","Strike_R","Defend_R","Defend_R","Defend_R","Defend_R","Bash","Sword Boomerang","Spot Weakness+1","Inflame+1","hubris:CleavingFinish","Battle Trance","Immolate+1","Headbutt","Armaments+1","Double Tap+1","Twin Strike+1","Evolve","Battle Trance","Warcry","Reaper","Power Through","hubris:ReadiedAction+1","Feed","Shrug It Off+1","Disarm","Dark Shackles","True Grit","hubris:StunningStrike"],"special_seed":0,"relics":["Burning Blood","Omamori","Du-Vu Doll","FossilizedHelix","Sozu","Pear","Self Forming Clay","Blood Vial","hubris:TenFootPole","Nilry\u0027s Codex","Juzu Bracelet","Runic Pyramid","WarpedTongs","Anchor","Bronze Scales","Mercury Hourglass","Mummified Hand","Vajra","Kunai"],"potions_floor_usage":[56],"damage_taken":[{"damage":4.0,"enemies":"Jaw Worm","floor":1.0,"turns":5.0},{"damage":4.0,"enemies":"Small Slimes","floor":3.0,"turns":5.0},{"damage":2.0,"enemies":"Cultist","floor":5.0,"turns":4.0},{"damage":11.0,"enemies":"Gremlin Nob","floor":8.0,"turns":3.0},{"damage":4.0,"enemies":"Red Slaver","floor":10.0,"turns":4.0},{"damage":14.0,"enemies":"3 Sentries","floor":13.0,"turns":3.0},{"damage":1.0,"enemies":"Looter","floor":14.0,"turns":3.0},{"damage":56.0,"enemies":"Hexaghost","floor":16.0,"turns":9.0},{"damage":0.0,"enemies":"3 Byrds","floor":18.0,"turns":2.0},{"damage":11.0,"enemies":"2 Thieves","floor":21.0,"turns":2.0},{"damage":9.0,"enemies":"Centurion and Healer","floor":22.0,"turns":2.0},{"damage":21.0,"enemies":"Slavers","floor":23.0,"turns":2.0},{"damage":6.0,"enemies":"3 Cultists","floor":24.0,"turns":3.0},{"damage":42.0,"enemies":"Book of Stabbing","floor":25.0,"turns":4.0},{"damage":0.0,"enemies":"Gremlin Leader","floor":27.0,"turns":3.0},{"damage":16.0,"enemies":"Snake Plant","floor":28.0,"turns":3.0},{"damage":46.0,"enemies":"Slavers","floor":31.0,"turns":4.0},{"damage":39.0,"enemies":"Collector","floor":33.0,"turns":7.0},{"damage":0.0,"enemies":"3 Darklings","floor":35.0,"turns":2.0},{"damage":0.0,"enemies":"3 Shapes","floor":36.0,"turns":3.0},{"damage":0.0,"enemies":"Jaw Worm Horde","floor":38.0,"turns":2.0},{"damage":65.0,"enemies":"Reptomancer","floor":40.0,"turns":6.0},{"damage":0.0,"enemies":"Nemesis","floor":42.0,"turns":5.0},{"damage":0.0,"enemies":"Reptomancer","floor":44.0,"turns":4.0},{"damage":87.0,"enemies":"Giant Head","floor":46.0,"turns":8.0},{"damage":10.0,"enemies":"Sphere and 2 Shapes","floor":48.0,"turns":5.0},{"damage":79.0,"enemies":"Donu and Deca","floor":50.0,"turns":9.0},{"damage":48.0,"enemies":"Awakened One","floor":51.0,"turns":10.0},{"damage":118.0,"enemies":"Shield and Spear","floor":55.0,"turns":6.0},{"damage":55,"enemies":"The Heart","floor":56,"turns":9}],"seed_played":"1651134169346083742","potions_obtained":[{"floor":3.0,"key":"Regen Potion"},{"floor":5.0,"key":"AttackPotion"},{"floor":13.0,"key":"Strength Potion"}],"is_trial":false,"path_per_floor":["M","?","M","?","M","R","$","E","T","M","R","?","E","M","R","B",null,"M","?","$","M","M","E","M","E","T","E","M","?","R","E","R","B",null,"M","M","?","M","?","E","R","E","T","E","R","E","$","M","R","B","B",null,"R","$","E","B"],"character_chosen":"IRONCLAD","items_purchased":["Battle Trance","Evolve","Disarm","Vajra","Dark Shackles","True Grit"],"campfire_rested":3,"item_purchase_floors":[7,20,47,47,47,54],"current_hp_per_floor":[77,77,79,79,82,82,82,77,77,79,79,72,64,69,69,19,66,72,72,72,67,64,59,59,23,23,31,32,23,50,12,39,8,71,79,90,90,95,95,95,95,99,99,103,103,83,83,88,88,21,17,92,117,117,53,0],"gold":69,"neow_bonus":"TEN_PERCENT_HP_BONUS","is_prod":false,"is_daily":false,"chose_seed":false,"campfire_upgraded":5,"win_rate":0,"timestamp":1548863248,"path_taken":["M","?","M","?","?","R","?","E","T","M","R","?","E","M","R","BOSS","M","?","$","M","M","E","M","E","T","E","M","?","R","E","R","BOSS","M","M","?","M","?","E","R","E","T","E","R","E","$","M","R","BOSS","BOSS","R","$","E","BOSS"],"build_version":"2019-01-23","purchased_purges":0,"victory":false,"max_hp_per_floor":[82,82,82,82,82,82,82,82,82,82,82,82,82,82,82,82,82,82,82,82,82,82,92,92,92,92,92,92,92,92,92,92,92,92,92,95,95,95,95,95,95,99,99,103,103,107,107,110,110,114,117,117,117,117,121,121],"card_choices":[{"not_picked":["hubris:ReadiedAction","Wild Strike"],"picked":"Sword Boomerang","floor":1.0},{"not_picked":["Corruption","Cleave"],"picked":"Spot Weakness","floor":3.0},{"not_picked":["Sever Soul","Clash"],"picked":"hubris:CleavingFinish","floor":5.0},{"not_picked":["Sever Soul","Flex","Iron Wave"],"picked":"SKIP","floor":8.0},{"not_picked":["hubris:SharpeningStone","Pommel Strike"],"picked":"Immolate","floor":10.0},{"not_picked":["Sever Soul","Rupture"],"picked":"Headbutt","floor":13.0},{"not_picked":["Intimidate","Iron Wave"],"picked":"Armaments","floor":14.0},{"not_picked":["Brutality","Fiend Fire"],"picked":"Double Tap","floor":16.0},{"not_picked":["Pommel Strike","Havoc"],"picked":"Twin Strike+1","floor":18.0},{"not_picked":["Wild Strike","Iron Wave"],"picked":"Battle Trance","floor":21.0},{"not_picked":["Body Slam","Anger","Evolve"],"picked":"SKIP","floor":22.0},{"not_picked":["hubris:ReadiedAction","Evolve+1","Twin Strike+1"],"picked":"SKIP","floor":23.0},{"not_picked":["Anger","Warcry","Thunderclap"],"picked":"SKIP","floor":24.0},{"not_picked":["Cleave","Perfected Strike"],"picked":"Warcry","floor":25.0},{"not_picked":["hubris:SharpeningStone","Double Tap"],"picked":"Reaper","floor":27.0},{"not_picked":["Pommel Strike","Carnage"],"picked":"Power Through","floor":28.0},{"not_picked":["Twin Strike+1","Demon Form"],"picked":"hubris:ReadiedAction+1","floor":31.0},{"not_picked":["Brutality","Barricade"],"picked":"Feed","floor":33.0},{"not_picked":["Thunderclap+1","Wild Strike","Flame Barrier"],"picked":"SKIP","floor":35.0},{"not_picked":["Headbutt","Rupture+1","Havoc+1"],"picked":"SKIP","floor":36.0},{"not_picked":["Clash","Sword Boomerang+1"],"picked":"Shrug It Off+1","floor":38.0},{"not_picked":["Shrug It Off","Warcry","Feed"],"picked":"SKIP","floor":40.0},{"not_picked":["Searing Blow","Intimidate","Sword Boomerang"],"picked":"SKIP","floor":42.0},{"not_picked":["Iron Wave","hubris:SharpeningStone","Clothesline"],"picked":"SKIP","floor":44.0},{"not_picked":["Pommel Strike+1","Carnage+1","Feed"],"picked":"SKIP","floor":46.0},{"not_picked":["True Grit","Body Slam+1","Pommel Strike"],"picked":"SKIP","floor":48.0},{"not_picked":["Metallicize+1","Battle Trance"],"picked":"hubris:StunningStrike","floor":55.0}],"player_experience":1177381,"relics_obtained":[{"floor":8.0,"key":"Omamori"},{"floor":9.0,"key":"Du-Vu Doll"},{"floor":13.0,"key":"FossilizedHelix"},{"floor":23.0,"key":"Pear"},{"floor":25.0,"key":"Self Forming Clay"},{"floor":26.0,"key":"Blood Vial"},{"floor":27.0,"key":"hubris:TenFootPole"},{"floor":29.0,"key":"Nilry\u0027s Codex"},{"floor":31.0,"key":"Juzu Bracelet"},{"floor":40.0,"key":"Anchor"},{"floor":42.0,"key":"Bronze Scales"},{"floor":44.0,"key":"Mercury Hourglass"},{"floor":46.0,"key":"Mummified Hand"},{"floor":55.0,"key":"Kunai"}],"event_choices":[{"cards_removed":["Strike_R"],"damage_healed":0.0,"max_hp_gain":0.0,"max_hp_loss":0.0,"gold_gain":0.0,"event_name":"The Cleric","player_choice":"Card Removal","floor":2.0,"gold_loss":75.0,"damage_taken":0.0},{"damage_healed":0.0,"max_hp_gain":0.0,"max_hp_loss":0.0,"gold_gain":0.0,"cards_transformed":["Strike_R"],"event_name":"Transmorgrifier","player_choice":"Transformed","floor":4.0,"gold_loss":0.0,"damage_taken":0.0,"cards_obtained":["Inflame"]},{"cards_removed":["Strike_R"],"damage_healed":0.0,"max_hp_gain":0.0,"max_hp_loss":0.0,"gold_gain":0.0,"event_name":"Golden Wing","player_choice":"Card Removal","floor":12.0,"gold_loss":0.0,"damage_taken":7.0},{"cards_removed":["Strike_R"],"damage_healed":0.0,"max_hp_gain":0.0,"max_hp_loss":0.0,"gold_gain":0.0,"event_name":"Beggar","player_choice":"Gave Gold","floor":19.0,"gold_loss":75.0,"damage_taken":0.0},{"damage_healed":0.0,"max_hp_gain":0.0,"max_hp_loss":0.0,"gold_gain":0.0,"event_name":"Cursed Tome","player_choice":"Obtained Book","floor":29.0,"gold_loss":0.0,"damage_taken":21.0},{"damage_healed":0.0,"max_hp_gain":0.0,"max_hp_loss":0.0,"gold_gain":0.0,"event_name":"Accursed Blacksmith","player_choice":"Rummage","floor":37.0,"gold_loss":0.0,"damage_taken":0.0,"relics_obtained":["WarpedTongs"],"cards_obtained":["Pain"]},{"damage_healed":0.0,"max_hp_gain":0.0,"max_hp_loss":0.0,"gold_gain":0.0,"event_name":"Tomb of Lord Red Mask","player_choice":"Ignored","floor":39.0,"gold_loss":0.0,"damage_taken":0.0}],"is_beta":false,"boss_relics":[{"not_picked":["Lizard Tail","hubris:Stopwatch"],"picked":"Sozu"},{"not_picked":["hubris:Backtick","Eternal Feather"],"picked":"Runic Pyramid"}],"items_purged_floors":[],"is_endless":false,"potions_floor_spawned":[3,5,13,16,21,24,27,28,33,36,42,46,48,55],"killed_by":"The Heart","ascension_level":20}