{"path_per_floor":["M","$","?","M","M","R","?","R","T","M","M","E","M","E","R","B",null,"M","?","M","?","M"],"character_chosen":"DEFECT","items_purchased":["Auto Shields","Chill"],"gold_per_floor":[112,4,254,270,282,282,282,282,352,368,384,411,392,423,423,526,526,537,537,549,549,562,562],"floor_reached":23,"campfire_rested":1,"playtime":807,"item_purchase_floors":[2,2],"current_hp_per_floor":[74,74,74,61,60,60,60,60,60,47,47,26,21,24,46,39,75,52,52,29,29,23,0],"items_purged":[],"gold":562,"score":283,"play_id":"09ad4acc-78f0-418d-a7db-1b4bacc800bd","local_time":"20180601151707","is_prod":false,"is_daily":false,"chose_seed":false,"is_ascension_mode":true,"campfire_upgraded":2,"win_rate":0,"timestamp":1527859027,"campfire_choices":[{"data":"Zap","floor":6,"key":"SMITH"},{"data":"Chill","floor":8,"key":"SMITH"},{"floor":15,"key":"REST"}],"path_taken":["M","?","?","M","M","R","?","R","T","?","M","E","M","E","R","BOSS","M","?","?","?","M","E"],"build_version":"2018-05-30v2","seed_source_timestamp":21217001174256,"purchased_purges":0,"victory":false,"master_deck":["Defend_B","Defend_B","Defend_B","Defend_B","Zap+1","Dualcast+1","Ball Lightning","Auto Shields","Chill+1","Regret","Turbo","Gash","FTL","Rip and Tear","Darkness","Gash","Rip and Tear","Electrodynamics","Bite","Bite","Bite","Bite","Bite","Gash","Gash","Defragment+1"],"max_hp_per_floor":[75,75,75,75,75,75,75,75,75,75,75,75,75,75,75,75,75,77,53,53,53,53,53],"relics":["Cracked Core","Meat on the Bone","Singing Bowl","Toolbox","Nuclear Battery"],"card_choices":[{"not_picked":["Go for the Eyes","Storm"],"picked":"Ball Lightning","floor":1},{"not_picked":["Cold Snap","Barrage"],"picked":"Turbo","floor":4},{"not_picked":["Rebound","Beam Cell"],"picked":"Gash","floor":5},{"not_picked":["Compile Driver","Steam"],"picked":"FTL","floor":10},{"not_picked":["Chill","Hologram"],"picked":"Rip and Tear","floor":11},{"not_picked":["Rebound","Steam"],"picked":"Darkness","floor":12},{"not_picked":["Glacier","Compile Driver"],"picked":"Gash","floor":13},{"not_picked":["Barrage","Streamline"],"picked":"Rip and Tear","floor":14},{"not_picked":["Buffer","Machine Learning"],"picked":"Electrodynamics","floor":16},{"not_picked":["Turbo+1","Barrage","Streamline"],"picked":"Singing Bowl","floor":18},{"not_picked":["Chill","Steam"],"picked":"Gash","floor":20},{"not_picked":["Gash","Hologram"],"picked":"Defragment+1","floor":22}],"player_experience":255401,"potions_floor_usage":[12,12,23,23,23],"damage_taken":[{"damage":1,"enemies":"Cultist","floor":1,"turns":3},{"damage":13,"enemies":"2 Louse","floor":4,"turns":2},{"damage":1,"enemies":"Jaw Worm","floor":5,"turns":3},{"damage":13,"enemies":"Red Slaver","floor":10,"turns":2},{"damage":0,"enemies":"Blue Slaver","floor":11,"turns":3},{"damage":33,"enemies":"Gremlin Nob","floor":12,"turns":4},{"damage":17,"enemies":"Exordium Thugs","floor":13,"turns":4},{"damage":9,"enemies":"3 Sentries","floor":14,"turns":6},{"damage":7,"enemies":"Slime Boss","floor":16,"turns":7},{"damage":25,"enemies":"Shell Parasite","floor":18,"turns":4},{"damage":40,"enemies":"2 Thieves","floor":20,"turns":4},{"damage":24,"enemies":"3 Cultists","floor":22,"turns":4},{"damage":29,"enemies":"Gremlin Leader","floor":23,"turns":3}],"relics_obtained":[{"floor":9,"key":"Meat on the Bone"},{"floor":12,"key":"Singing Bowl"},{"floor":14,"key":"Toolbox"}],"event_choices":[{"event_name":"Golden Shrine","player_choice":"Desecrate","floor":3,"damage_taken":0},{"event_name":"Upgrade Shrine","player_choice":"Upgraded","floor":7,"damage_taken":0},{"event_name":"Vampires","player_choice":"Became a vampire","floor":19,"damage_taken":0},{"event_name":"Duplicator","player_choice":"One dupe","floor":21,"damage_taken":0}],"boss_relics":[{"not_picked":["Runic Pyramid","Black Star"],"picked":"Nuclear Battery"}],"items_purged_floors":[],"potions_floor_spawned":[4,5,13,14,20],"seed_played":"-5166420782855142135","killed_by":"Gremlin Leader","ascension_level":3,"potions_obtained":[{"floor":4,"key":"LiquidBronze"},{"floor":5,"key":"PowerPotion"},{"floor":13,"key":"Ancient Potion"},{"floor":14,"key":"Dexterity Potion"},{"floor":20,"key":"SteroidPotion"}],"is_trial":false}