{"gold_per_floor":[115,135,135,135,154,154,179,189,215,215,229,229,244,263,263,339,339,353,278,5,19,19,19,19,19,44,44,57,57,57,85,85,85],"floor_reached":33,"playtime":1679,"items_purged":["Doubt"],"score":451,"play_id":"90aab326-8c31-4d3a-b90a-84ce8fd95904","local_time":"20181115003437","is_ascension_mode":true,"campfire_choices":[{"data":"Poisoned Stab","floor":6,"key":"SMITH"},{"data":"Dagger Spray","floor":10,"key":"SMITH"},{"floor":12,"key":"REST"},{"data":"Noxious Fumes","floor":15,"key":"SMITH"},{"floor":23,"key":"REST"},{"data":"Adrenaline","floor":24,"key":"SMITH"},{"data":"Corpse Explosion","floor":27,"key":"SMITH"},{"data":"Cloak And Dagger","floor":29,"key":"SMITH"},{"floor":32,"key":"REST"}],"neow_cost":"NONE","seed_source_timestamp":52278498201717,"circlet_count":0,"master_deck":["AscendersBane","Defend_G","Defend_G","Defend_G","Defend_G","Defend_G","Strike_G","Strike_G","Strike_G","Strike_G","Survivor","Neutralize+1","Slice","Dagger Spray+1","Poisoned Stab+1","Backflip","Cloak And Dagger+1","Corpse Explosion+1","Backflip","Noxious Fumes+1","Adrenaline+1","Distraction+1","Bane+1"],"relics":["Ring of the Snake","PreservedInsect","Bag of Marbles","Calling Bell","Juzu Bracelet","Singing Bowl","WingedGreaves","ClockworkSouvenir","Bag of Preparation","Potion Belt"],"potions_floor_usage":[8,16,33,33],"damage_taken":[{"damage":1,"enemies":"Small Slimes","floor":1,"turns":6},{"damage":0,"enemies":"2 Louse","floor":2,"turns":3},{"damage":1,"enemies":"Cultist","floor":5,"turns":3},{"damage":39,"enemies":"3 Sentries","floor":7,"turns":11},{"damage":8,"enemies":"Exordium Wildlife","floor":8,"turns":5},{"damage":0,"enemies":"2 Fungi Beasts","floor":11,"turns":3},{"damage":0,"enemies":"Large Slime","floor":13,"turns":3},{"damage":12,"enemies":"Exordium Thugs","floor":14,"turns":3},{"damage":11,"enemies":"Hexaghost","floor":16,"turns":11},{"damage":32,"enemies":"Spheric Guardian","floor":18,"turns":6},{"damage":14,"enemies":"Shell Parasite","floor":21,"turns":7},{"damage":11,"enemies":"Snake Plant","floor":28,"turns":4},{"damage":3,"enemies":"Gremlin Leader","floor":31,"turns":3},{"damage":64,"enemies":"Champ","floor":33,"turns":10}],"seed_played":"-4812570417139830915","potions_obtained":[{"floor":2,"key":"FairyPotion"},{"floor":7,"key":"Swift Potion"},{"floor":11,"key":"EssenceOfSteel"},{"floor":16,"key":"Ancient Potion"},{"floor":28,"key":"PowerPotion"},{"floor":31,"key":"Explosive Potion"}],"is_trial":false,"path_per_floor":["M","M","?","?","M","R","E","M","T","R","M","R","M","M","R","B",null,"M","?","$","M","?","R","R","?","T","R","M","R","?","E","R","B"],"character_chosen":"THE_SILENT","items_purchased":["ClockworkSouvenir"],"campfire_rested":3,"item_purchase_floors":[20],"current_hp_per_floor":[64,64,57,57,56,56,17,9,9,9,9,30,30,18,18,7,56,26,26,26,12,12,34,34,34,34,34,23,23,9,8,32,0],"gold":85,"neow_bonus":"TEN_PERCENT_HP_BONUS","is_prod":false,"is_daily":false,"chose_seed":false,"campfire_upgraded":6,"win_rate":0,"timestamp":1542238477,"path_taken":["M","M","?","?","M","R","E","M","T","R","?","R","M","M","R","BOSS","M","?","$","M","?","R","R","?","T","R","M","R","?","E","R","BOSS"],"build_version":"2018-11-13","purchased_purges":1,"victory":false,"max_hp_per_floor":[72,72,72,72,72,72,72,72,72,72,72,72,72,72,72,72,72,74,74,74,74,74,74,74,74,74,74,74,74,79,81,81,81],"card_choices":[{"not_picked":["Cloak And Dagger","Bane"],"picked":"Slice","floor":1},{"not_picked":["PiercingWail","Deadly Poison"],"picked":"Dagger Spray","floor":2},{"not_picked":["Venomology","Sucker Punch"],"picked":"Poisoned Stab","floor":5},{"not_picked":["Bane","Outmaneuver"],"picked":"Backflip","floor":7},{"not_picked":["Masterful Stab","Endless Agony"],"picked":"Cloak And Dagger","floor":8},{"not_picked":["Finisher","Underhanded Strike"],"picked":"Corpse Explosion","floor":11},{"not_picked":["Concentrate","Outmaneuver"],"picked":"Backflip","floor":13},{"not_picked":["Deadly Poison","Dagger Spray"],"picked":"Noxious Fumes","floor":14},{"not_picked":["Envenom","Glass Knife"],"picked":"Adrenaline","floor":16},{"not_picked":["Choke","Deflect","Accuracy"],"picked":"Singing Bowl","floor":18},{"not_picked":["Caltrops","All Out Attack"],"picked":"Distraction+1","floor":21},{"not_picked":["Deflect","Quick Slash"],"picked":"Bane+1","floor":28},{"not_picked":["Sucker Punch","Slice","Blade Dance"],"picked":"Singing Bowl","floor":31}],"player_experience":806763,"relics_obtained":[{"floor":7,"key":"PreservedInsect"},{"floor":9,"key":"Bag of Marbles"},{"floor":17,"key":"Juzu Bracelet"},{"floor":17,"key":"Singing Bowl"},{"floor":17,"key":"WingedGreaves"},{"floor":26,"key":"Bag of Preparation"},{"floor":31,"key":"Potion Belt"}],"event_choices":[{"cards_removed":["Strike_G"],"damage_healed":0,"gold_gain":0,"player_choice":"Card Removal","damage_taken":7,"max_hp_gain":0,"max_hp_loss":0,"event_name":"Golden Wing","floor":3,"gold_loss":0},{"damage_healed":0,"gold_gain":0,"player_choice":"Upgraded","damage_taken":0,"max_hp_gain":0,"max_hp_loss":0,"event_name":"Upgrade Shrine","floor":4,"gold_loss":0,"cards_upgraded":["Neutralize"]},{"cards_removed":["Regret"],"damage_healed":0,"gold_gain":0,"player_choice":"Gave Gold","damage_taken":0,"max_hp_gain":0,"max_hp_loss":0,"event_name":"Beggar","floor":19,"gold_loss":75},{"damage_healed":0,"gold_gain":0,"player_choice":"Ignored","damage_taken":0,"max_hp_gain":0,"max_hp_loss":0,"event_name":"Cursed Tome","floor":22,"gold_loss":0},{"cards_removed":["Writhe"],"damage_healed":0,"gold_gain":0,"player_choice":"Removed Curses","damage_taken":0,"max_hp_gain":0,"max_hp_loss":0,"event_name":"Fountain of Cleansing","floor":25,"gold_loss":0},{"damage_healed":0,"gold_gain":0,"player_choice":"Shed Blood","damage_taken":19,"max_hp_gain":5,"max_hp_loss":0,"event_name":"Forgotten Altar","floor":30,"gold_loss":0}],"is_beta":true,"boss_relics":[{"not_picked":["Orrery","Lizard Tail"],"picked":"Calling Bell"}],"items_purged_floors":[20],"is_endless":false,"potions_floor_spawned":[2,7,11,16,28,31],"killed_by":"Champ","ascension_level":14}