{"gold_per_floor":[116,135,19,32,45,70,70,100,100,129,129,129,145,145,145,239,239,260,21,21,38,52,52,81,81,106,106,138,165,198,216,216,216],"floor_reached":33,"playtime":1494,"items_purged":["Strike_R"],"score":661,"play_id":"a9ad007f-97c9-43ef-9480-d13f07e51c05","local_time":"20181208140259","is_ascension_mode":true,"campfire_choices":[{"data":"Shockwave","floor":7,"key":"SMITH"},{"data":"Inflame","floor":11,"key":"SMITH"},{"data":"Pommel Strike","floor":15,"key":"SMITH"},{"data":"Offering","floor":23,"key":"SMITH"},{"data":"Clothesline","floor":27,"key":"SMITH"},{"data":"Dual Wield","floor":32,"key":"SMITH"}],"neow_cost":"NONE","seed_source_timestamp":0,"circlet_count":0,"master_deck":["AscendersBane","Strike_R","Strike_R","Strike_R","Defend_R","Defend_R","Defend_R","Defend_R","Bash","Shockwave+1","Pommel Strike+1","Shrug It Off","Clothesline+1","Dropkick","Headbutt","Inflame+1","Twin Strike","Power Through","Uppercut+1","Blood for Blood+1","Offering+1","Blood for Blood+1","Immolate+1","Shrug It Off","Body Slam+1","Pommel Strike+1","Dual Wield+1","Sword Boomerang+1","Burning Pact+1"],"special_seed":0,"relics":["Burning Blood","Bottled Lightning","Self Forming Clay","Molten Egg 2","Bloody Idol","Black Star","Pocketwatch","Oddly Smooth Stone","Ancient Tea Set","Happy Flower","Smiling Mask","Juzu Bracelet","Toxic Egg 2","StoneCalendar"],"potions_floor_usage":[8,10,10,30,33,33],"damage_taken":[{"damage":0,"enemies":"2 Louse","floor":1,"turns":4},{"damage":12,"enemies":"Small Slimes","floor":2,"turns":4},{"damage":11,"enemies":"Jaw Worm","floor":4,"turns":4},{"damage":13,"enemies":"Blue Slaver","floor":5,"turns":3},{"damage":39,"enemies":"3 Sentries","floor":6,"turns":7},{"damage":6,"enemies":"Gremlin Nob","floor":8,"turns":3},{"damage":9,"enemies":"3 Sentries","floor":10,"turns":7},{"damage":2,"enemies":"Red Slaver","floor":13,"turns":4},{"damage":43,"enemies":"The Guardian","floor":16,"turns":9},{"damage":17,"enemies":"Shell Parasite","floor":18,"turns":3},{"damage":12,"enemies":"Spheric Guardian","floor":21,"turns":3},{"damage":12,"enemies":"Centurion and Healer","floor":22,"turns":6},{"damage":7,"enemies":"Slavers","floor":24,"turns":4},{"damage":6,"enemies":"Gremlin Leader","floor":28,"turns":5},{"damage":12,"enemies":"Book of Stabbing","floor":30,"turns":3},{"damage":21,"enemies":"Shelled Parasite and Fungi","floor":31,"turns":3},{"damage":61,"enemies":"Automaton","floor":33,"turns":6}],"seed_played":"-2453566442876353887","potions_obtained":[{"floor":2,"key":"SteroidPotion"},{"floor":5,"key":"FearPotion"},{"floor":8,"key":"Weak Potion"},{"floor":18,"key":"Energy Potion"},{"floor":28,"key":"PowerPotion"},{"floor":31,"key":"BloodPotion"}],"is_trial":false,"path_per_floor":["M","M","$","M","M","E","R","E","T","E","R","?","M","?","R","B",null,"M","$","?","M","M","R","E","?","T","R","E","T","E","M","R","B"],"character_chosen":"IRONCLAD","items_purchased":["Clothesline","Dropkick","Immolate+1"],"campfire_rested":0,"item_purchase_floors":[3,3,19],"current_hp_per_floor":[74,68,68,63,56,23,23,23,23,20,20,20,24,46,46,9,53,42,42,42,41,40,40,44,44,49,49,54,59,58,48,48,0],"gold":216,"neow_bonus":"TRANSFORM_CARD","is_prod":false,"is_daily":false,"chose_seed":false,"campfire_upgraded":6,"win_rate":0,"timestamp":1544274179,"path_taken":["M","M","$","M","M","E","R","E","T","E","R","?","M","?","R","BOSS","M","$","?","M","M","R","E","?","T","R","E","?","E","M","R","BOSS"],"build_version":"2018-12-06","purchased_purges":1,"victory":false,"max_hp_per_floor":[75,75,75,75,75,75,75,75,75,75,75,68,68,68,68,68,68,68,68,68,68,68,68,68,68,68,68,68,68,68,68,68,68],"card_choices":[{"not_picked":["Headbutt","Perfected Strike"],"picked":"Pommel Strike","floor":1},{"not_picked":["Berserk","Wild Strike"],"picked":"Shrug It Off","floor":2},{"not_picked":["Thunderclap","Blood for Blood"],"picked":"Headbutt","floor":4},{"not_picked":["Shrug It Off","Anger"],"picked":"Inflame","floor":5},{"not_picked":["Evolve","Headbutt"],"picked":"Twin Strike","floor":6},{"not_picked":["Hemokinesis","Clothesline"],"picked":"Power Through","floor":8},{"not_picked":["Cleave","Bloodletting"],"picked":"Uppercut","floor":10},{"not_picked":["Hemokinesis+1","Shrug It Off"],"picked":"Blood for Blood+1","floor":13},{"not_picked":["Brutality","Berserk"],"picked":"Offering","floor":16},{"not_picked":["Feel No Pain","Shrug It Off+1"],"picked":"Blood for Blood+1","floor":18},{"not_picked":["Sword Boomerang+1","Iron Wave+1"],"picked":"Shrug It Off","floor":21},{"not_picked":["Feel No Pain","Evolve"],"picked":"Body Slam+1","floor":22},{"not_picked":["Perfected Strike+1","Warcry"],"picked":"Pommel Strike+1","floor":24},{"not_picked":["Entrench","Sentinel"],"picked":"Dual Wield","floor":28},{"not_picked":["Feel No Pain","Shockwave"],"picked":"Sword Boomerang+1","floor":30},{"not_picked":["Uppercut+1","Perfected Strike+1"],"picked":"Burning Pact+1","floor":31}],"player_experience":975514,"relics_obtained":[{"floor":6,"key":"Bottled Lightning"},{"floor":8,"key":"Self Forming Clay"},{"floor":10,"key":"Molten Egg 2"},{"floor":24,"key":"Pocketwatch"},{"floor":24,"key":"Oddly Smooth Stone"},{"floor":26,"key":"Ancient Tea Set"},{"floor":28,"key":"Happy Flower"},{"floor":28,"key":"Smiling Mask"},{"floor":29,"key":"Juzu Bracelet"},{"floor":30,"key":"Toxic Egg 2"},{"floor":30,"key":"StoneCalendar"}],"event_choices":[{"damage_healed":0,"gold_gain":0,"player_choice":"Lose Max HP","damage_taken":0,"relics_obtained":["Golden Idol"],"max_hp_gain":0,"max_hp_loss":7,"event_name":"Golden Idol","floor":12,"gold_loss":0},{"damage_healed":22,"gold_gain":0,"player_choice":"Banana","damage_taken":0,"max_hp_gain":0,"max_hp_loss":0,"event_name":"Big Fish","floor":14,"gold_loss":0},{"damage_healed":0,"gold_gain":0,"player_choice":"Gave Idol","damage_taken":0,"relics_obtained":["Bloody Idol"],"max_hp_gain":0,"max_hp_loss":0,"event_name":"Forgotten Altar","floor":20,"relics_lost":["Golden Idol"],"gold_loss":0},{"damage_healed":0,"gold_gain":0,"player_choice":"Ignored","damage_taken":0,"max_hp_gain":0,"max_hp_loss":0,"event_name":"Ghosts","floor":25,"gold_loss":0}],"is_beta":true,"boss_relics":[{"not_picked":["Orrery","Eternal Feather"],"picked":"Black Star"}],"items_purged_floors":[19],"is_endless":false,"potions_floor_spawned":[2,5,8,18,28,31],"killed_by":"Automaton","ascension_level":18}