{"gold_per_floor":[113,113,126,78,97,97,17,37,37,49,84,84,84,101,101,196,196,169,181,181,181,198,198],"floor_reached":23,"playtime":1168,"items_purged":[],"score":251,"play_id":"598517d3-4a3e-47e6-ba2c-b79ee2e73d1c","local_time":"20181125094313","is_ascension_mode":true,"campfire_choices":[{"data":"Armaments","floor":6,"key":"SMITH"},{"data":"Spot Weakness","floor":12,"key":"SMITH"},{"data":"Shrug It Off","floor":15,"key":"SMITH"}],"neow_cost":"NONE","seed_source_timestamp":383991277853121,"circlet_count":0,"master_deck":["Strike_R","Strike_R","Strike_R","Strike_R","Strike_R","Defend_R","Defend_R","Defend_R","Defend_R","Bash","Armaments+1","Shrug It Off+1","Warcry","Searing Blow","Pummel","Spot Weakness+1","Ghostly Armor","Whirlwind+1","Sword Boomerang"],"relics":["Coffee Dripper","Red Skull","Pantograph","Pen Nib","Black Star"],"potions_floor_usage":[20,23],"damage_taken":[{"damage":0,"enemies":"Small Slimes","floor":1,"turns":3},{"damage":9,"enemies":"Jaw Worm","floor":3,"turns":3},{"damage":4,"enemies":"2 Louse","floor":5,"turns":3},{"damage":0,"enemies":"Blue Slaver","floor":8,"turns":4},{"damage":7,"enemies":"Gremlin Gang","floor":10,"turns":4},{"damage":12,"enemies":"Lagavulin","floor":11,"turns":7},{"damage":0,"enemies":"3 Louse","floor":14,"turns":2},{"damage":17,"enemies":"The Guardian","floor":16,"turns":8},{"damage":27,"enemies":"2 Thieves","floor":18,"turns":5},{"damage":9,"enemies":"Shell Parasite","floor":19,"turns":3},{"damage":2,"enemies":"Masked Bandits","floor":20,"turns":2},{"damage":7,"enemies":"3 Cultists","floor":22,"turns":3},{"damage":18,"enemies":"Slavers","floor":23,"turns":1}],"seed_played":"8263132443272172654","potions_obtained":[{"floor":5,"key":"Ancient Potion"},{"floor":10,"key":"SmokeBomb"},{"floor":16,"key":"PowerPotion"},{"floor":22,"key":"SteroidPotion"}],"is_trial":false,"path_per_floor":["M","?","M","$","M","R","$","M","T","M","E","R","T","M","R","B",null,"M","M","?","?","M","E"],"character_chosen":"IRONCLAD","items_purchased":["Shrug It Off","Searing Blow"],"campfire_rested":0,"item_purchase_floors":[4,7],"current_hp_per_floor":[72,72,63,63,59,59,59,59,59,52,40,40,40,40,40,48,72,45,36,34,19,12,0],"gold":198,"neow_bonus":"BOSS_RELIC","is_prod":false,"is_daily":false,"chose_seed":false,"campfire_upgraded":3,"win_rate":0,"timestamp":1543110193,"path_taken":["M","?","M","$","M","R","$","M","T","M","E","R","?","?","R","BOSS","M","M","?","?","M","E"],"build_version":"2018-11-15","purchased_purges":0,"victory":false,"max_hp_per_floor":[80,80,80,80,80,80,80,80,80,80,80,80,80,80,80,80,80,80,80,80,85,85,85],"card_choices":[{"not_picked":["Heavy Blade","Blood for Blood"],"picked":"Armaments","floor":1},{"not_picked":["Headbutt","Intimidate","Flex"],"picked":"SKIP","floor":3},{"not_picked":["Heavy Blade","Flex"],"picked":"Warcry","floor":5},{"not_picked":["Sever Soul","Corruption","Clothesline"],"picked":"SKIP","floor":8},{"not_picked":["Dual Wield","Perfected Strike"],"picked":"Pummel","floor":10},{"not_picked":["Headbutt","Pommel Strike"],"picked":"Spot Weakness","floor":11},{"not_picked":["Feel No Pain","Sword Boomerang","Wild Strike"],"picked":"SKIP","floor":14},{"not_picked":["Wild Strike","Dual Wield"],"picked":"Ghostly Armor","floor":18},{"not_picked":["Havoc","True Grit"],"picked":"Whirlwind+1","floor":19},{"not_picked":["Sever Soul","Shockwave+1"],"picked":"Sword Boomerang","floor":22}],"player_experience":270910,"relics_obtained":[{"floor":9,"key":"Red Skull"},{"floor":11,"key":"Pantograph"},{"floor":13,"key":"Pen Nib"}],"event_choices":[{"damage_healed":0,"gold_gain":0,"player_choice":"Ignored","damage_taken":0,"max_hp_gain":0,"max_hp_loss":0,"event_name":"Golden Wing","floor":2,"gold_loss":0},{"damage_healed":0,"gold_gain":0,"player_choice":"Fought Bandits","damage_taken":0,"max_hp_gain":0,"max_hp_loss":0,"event_name":"Masked Bandits","floor":20,"gold_loss":0},{"damage_healed":0,"gold_gain":0,"player_choice":"Shed Blood","damage_taken":20,"max_hp_gain":5,"max_hp_loss":0,"event_name":"Forgotten Altar","floor":21,"gold_loss":0}],"is_beta":false,"boss_relics":[{"not_picked":["Cursed Key","Runic Cube"],"picked":"Black Star"}],"items_purged_floors":[],"is_endless":false,"potions_floor_spawned":[5,10,16,22],"killed_by":"Slavers","ascension_level":6}