{"gold_per_floor":[113,73,84,95,109,137,137,169,219,253,253,253,293,293,293,293],"floor_reached":16,"playtime":542,"items_purged":[],"score":256,"play_id":"9e9da864-7fba-4682-ad76-4e81d01a9570","local_time":"20190129114912","is_ascension_mode":true,"campfire_choices":[{"floor":7,"key":"REST"},{"floor":12,"key":"REST"},{"data":"Biased Cognition","floor":15,"key":"SMITH"}],"neow_cost":"TEN_PERCENT_HP_LOSS","seed_source_timestamp":1502323085290,"circlet_count":0,"master_deck":["AscendersBane","Strike_B","Strike_B","Strike_B","Defend_B","Defend_B","Defend_B","Zap","Dualcast","Force Field","Conserve Battery","Sweeping Beam","Compile Driver","Steam+1","Electrodynamics","hubris:PowerSurge+1","Self Repair","Biased Cognition+1"],"relics":["Cracked Core","hubris:BallOfYels","Blood Vial","Regal Pillow","Meat on the Bone","Golden Idol","Potion Belt"],"potions_floor_usage":[10,10],"damage_taken":[{"damage":7,"enemies":"Small Slimes","floor":1,"turns":3},{"damage":1,"enemies":"Cultist","floor":3,"turns":3},{"damage":2,"enemies":"Jaw Worm","floor":4,"turns":4},{"damage":8,"enemies":"3 Louse","floor":5,"turns":3},{"damage":31,"enemies":"Lagavulin","floor":6,"turns":8},{"damage":9,"enemies":"3 Sentries","floor":8,"turns":3},{"damage":25,"enemies":"Lagavulin","floor":10,"turns":7},{"damage":8,"enemies":"Gremlin Nob","floor":13,"turns":3},{"damage":30,"enemies":"Hexaghost","floor":16,"turns":8}],"seed_played":"8863720826031159013","potions_obtained":[{"floor":2,"key":"Energy Potion"},{"floor":2,"key":"LiquidBronze"},{"floor":6,"key":"SkillPotion"}],"is_trial":false,"path_per_floor":["M","?","M","M","M","E","R","E","T","E","?","R","E","?","R","B"],"character_chosen":"DEFECT","items_purchased":[],"campfire_rested":2,"item_purchase_floors":[],"current_hp_per_floor":[57,57,56,54,46,15,34,25,25,2,2,34,40,23,23,0],"gold":293,"neow_bonus":"TRANSFORM_TWO_CARDS","is_prod":false,"is_daily":false,"chose_seed":false,"campfire_upgraded":1,"win_rate":0,"timestamp":1548758952,"path_taken":["M","?","?","M","M","E","R","E","T","E","?","R","E","?","R","BOSS"],"build_version":"2019-01-23","purchased_purges":0,"victory":false,"max_hp_per_floor":[64,64,64,64,64,64,64,64,64,64,58,58,58,58,58,58],"card_choices":[{"not_picked":["Undo","Skim"],"picked":"Sweeping Beam","floor":1},{"not_picked":["Steam","Hologram"],"picked":"Compile Driver","floor":3},{"not_picked":["Beam Cell","Streamline"],"picked":"Steam","floor":4},{"not_picked":["Leap","Barrage","Steam"],"picked":"SKIP","floor":5},{"not_picked":["Melter","hubris:PowerSurge"],"picked":"Electrodynamics","floor":6},{"not_picked":["Chaos","Cold Snap"],"picked":"hubris:PowerSurge","floor":8},{"not_picked":["Beam Cell","Turbo"],"picked":"Self Repair","floor":10},{"not_picked":["Turbo","Ball Lightning"],"picked":"Biased Cognition","floor":13}],"player_experience":1174401,"relics_obtained":[{"floor":6,"key":"hubris:BallOfYels"},{"floor":8,"key":"Blood Vial"},{"floor":9,"key":"Regal Pillow"},{"floor":10,"key":"Meat on the Bone"},{"floor":13,"key":"Potion Belt"}],"event_choices":[{"damage_healed":0,"gold_gain":0,"player_choice":"Bought 3 Potions","damage_taken":0,"max_hp_gain":0,"max_hp_loss":0,"event_name":"The Woman in Blue","floor":2,"gold_loss":0},{"damage_healed":0,"gold_gain":0,"player_choice":"Lose Max HP","damage_taken":0,"relics_obtained":["Golden Idol"],"max_hp_gain":0,"max_hp_loss":6,"event_name":"Golden Idol","floor":11,"gold_loss":0},{"damage_healed":0,"gold_gain":0,"player_choice":"Entered Light","damage_taken":17,"max_hp_gain":0,"max_hp_loss":0,"event_name":"Shining Light","floor":14,"gold_loss":0,"cards_upgraded":["Steam","hubris:PowerSurge"]}],"is_beta":false,"boss_relics":[],"items_purged_floors":[],"is_endless":false,"potions_floor_spawned":[3,6,8],"killed_by":"Hexaghost","ascension_level":20}