{"gold_per_floor":[113,132,14,26,26,57,57,91,91,104,104,104,137,148,148,220,220,240,240,252,72,72,102,102,102,150,181,181,181,198,230,230,230],"floor_reached":33,"playtime":1071,"items_purged":["Strike_R","Strike_R"],"score":792,"play_id":"2e78420d-6ff2-4d48-80f3-8a6a76690628","local_time":"20190906004324","is_ascension_mode":true,"campfire_choices":[{"floor":7,"key":"REST"},{"floor":12,"key":"REST"},{"data":"Combust","floor":15,"key":"SMITH"},{"data":"Exhume","floor":24,"key":"SMITH"},{"data":"Armaments","floor":25,"key":"SMITH"},{"data":"Offering","floor":28,"key":"SMITH"},{"data":"Inflame","floor":29,"key":"SMITH"},{"data":"True Grit","floor":32,"key":"SMITH"}],"neow_cost":"TEN_PERCENT_HP_LOSS","seed_source_timestamp":136243486964142,"circlet_count":0,"master_deck":["AscendersBane","Strike_R","Strike_R","Strike_R","Defend_R","Defend_R","Defend_R","Defend_R","Bash","Offering+1","Clothesline","Armaments+1","Combust+1","Iron Wave","Infernal Blade","Spot Weakness","Shrug It Off","Body Slam","Hemokinesis","Reaper","Shrug It Off+1","RitualDagger","True Grit+1","Inflame+1","Ghostly","Ghostly","Ghostly","Exhume+1","Cleave","Heavy Blade"],"relics":["Burning Blood","Lantern","WingedGreaves","Self Forming Clay","Ancient Tea Set","Philosopher\u0027s Stone","Champion Belt","Juzu Bracelet","Boot","Pen Nib"],"potions_floor_usage":[4,27,33,33],"damage_taken":[{"damage":7,"enemies":"Cultist","floor":1,"turns":3},{"damage":10,"enemies":"Small Slimes","floor":2,"turns":3},{"damage":13,"enemies":"Jaw Worm","floor":4,"turns":4},{"damage":50,"enemies":"Lagavulin","floor":6,"turns":7},{"damage":15,"enemies":"Gremlin Nob","floor":8,"turns":3},{"damage":13,"enemies":"Large Slime","floor":10,"turns":4},{"damage":24,"enemies":"3 Sentries","floor":13,"turns":6},{"damage":10,"enemies":"3 Louse","floor":14,"turns":3},{"damage":17,"enemies":"Slime Boss","floor":16,"turns":6},{"damage":27,"enemies":"Chosen","floor":18,"turns":4},{"damage":21,"enemies":"Spheric Guardian","floor":20,"turns":4},{"damage":13,"enemies":"Book of Stabbing","floor":23,"turns":5},{"damage":11,"enemies":"Gremlin Leader","floor":27,"turns":7},{"damage":6,"enemies":"Centurion and Healer","floor":30,"turns":5},{"damage":12,"enemies":"Slavers","floor":31,"turns":7},{"damage":46,"enemies":"Automaton","floor":33,"turns":7}],"seed_played":"-736687956230883492","potions_obtained":[{"floor":1,"key":"EssenceOfSteel"},{"floor":2,"key":"Fruit Juice"},{"floor":4,"key":"SpeedPotion"},{"floor":16,"key":"AttackPotion"},{"floor":23,"key":"Strength Potion"},{"floor":30,"key":"Regen Potion"},{"floor":31,"key":"FearPotion"}],"is_trial":false,"path_per_floor":["M","M","$","M","?","E","R","E","T","M","$","R","E","M","R","B",null,"M","?","M","$","?","E","R","R","T","E","R","R","M","E","R","B"],"character_chosen":"IRONCLAD","items_purchased":["Combust","Inflame"],"campfire_rested":2,"item_purchase_floors":[3,21],"current_hp_per_floor":[67,63,63,61,61,17,38,29,29,22,22,43,25,21,21,10,57,42,36,21,21,21,14,14,14,14,18,18,18,28,34,34,0],"gold":230,"neow_bonus":"THREE_RARE_CARDS","is_prod":false,"is_daily":false,"chose_seed":false,"campfire_upgraded":6,"win_rate":0,"timestamp":1567723404,"path_taken":["M","M","$","?","?","E","R","E","T","M","$","R","E","M","R","BOSS","M","?","M","$","?","E","R","R","T","E","R","R","M","E","R","BOSS"],"build_version":"2019-07-17","purchased_purges":2,"victory":false,"max_hp_per_floor":[68,68,68,73,73,73,73,73,73,73,73,73,73,73,73,73,73,73,73,73,73,36,36,36,36,36,36,36,36,36,36,36,36],"card_choices":[{"not_picked":["Dark Embrace","Fiend Fire"],"picked":"Offering","floor":0},{"not_picked":["Disarm","Body Slam"],"picked":"Clothesline","floor":1},{"not_picked":["Havoc","True Grit"],"picked":"Armaments","floor":2},{"not_picked":["Bloodletting","Warcry"],"picked":"Iron Wave","floor":4},{"not_picked":["Brutality","Heavy Blade"],"picked":"Infernal Blade","floor":6},{"not_picked":["Flex","Clash"],"picked":"Spot Weakness","floor":8},{"not_picked":["Corruption","Clothesline"],"picked":"Shrug It Off","floor":10},{"not_picked":["Headbutt","Bloodletting"],"picked":"Body Slam","floor":13},{"not_picked":["Armaments","Clothesline"],"picked":"Hemokinesis","floor":14},{"not_picked":["Double Tap","Impervious"],"picked":"Reaper","floor":16},{"not_picked":["Wild Strike","Havoc"],"picked":"Shrug It Off+1","floor":18},{"not_picked":["Searing Blow","Berserk"],"picked":"True Grit","floor":20},{"not_picked":["Inflame","Flame Barrier"],"picked":"Exhume","floor":23},{"not_picked":["Clothesline","Hemokinesis"],"picked":"Cleave","floor":27},{"not_picked":["Armaments","Body Slam"],"picked":"Heavy Blade","floor":30},{"not_picked":["Iron Wave","Fire Breathing","Intimidate"],"picked":"SKIP","floor":31}],"player_experience":2009047,"relics_obtained":[{"floor":6,"key":"Lantern"},{"floor":8,"key":"WingedGreaves"},{"floor":9,"key":"Self Forming Clay"},{"floor":13,"key":"Ancient Tea Set"},{"floor":23,"key":"Champion Belt"},{"floor":26,"key":"Juzu Bracelet"},{"floor":27,"key":"Boot"},{"floor":31,"key":"Pen Nib"}],"event_choices":[{"damage_healed":0,"gold_gain":0,"player_choice":"Ignored","damage_taken":0,"max_hp_gain":0,"max_hp_loss":0,"event_name":"Liars Game","floor":5,"gold_loss":0},{"damage_healed":0,"gold_gain":0,"player_choice":"Joined the Cult","damage_taken":6,"max_hp_gain":0,"max_hp_loss":0,"event_name":"Nest","floor":19,"gold_loss":0,"cards_obtained":["RitualDagger"]},{"damage_healed":0,"gold_gain":0,"player_choice":"Became a Ghost","damage_taken":0,"max_hp_gain":0,"max_hp_loss":37,"event_name":"Ghosts","floor":22,"gold_loss":0,"cards_obtained":["Ghostly","Ghostly","Ghostly"]}],"is_beta":false,"boss_relics":[{"not_picked":["Calling Bell","Ectoplasm"],"picked":"Philosopher\u0027s Stone"}],"items_purged_floors":[3,21],"is_endless":false,"potions_floor_spawned":[1,2,4,14,16,23,30,31],"killed_by":"Automaton","ascension_level":20}