{"gold_per_floor":[117,135,135,135,150,209,219,233,233,246,46,46,46,46,46,46],"floor_reached":16,"playtime":355,"items_purged":[],"score":204,"play_id":"63fef207-b30b-4752-967f-5a048ecded73","local_time":"20190721234035","is_ascension_mode":true,"campfire_choices":[{"floor":13,"key":"REST"},{"data":"Catalyst","floor":15,"key":"SMITH"}],"neow_cost":"NONE","seed_source_timestamp":21966861782849,"circlet_count":0,"master_deck":["AscendersBane","Strike_G","Strike_G","Strike_G","Strike_G","Defend_G","Defend_G","Defend_G","Defend_G","Defend_G","Survivor","Neutralize+1","Flying Knee","Infinite Blades","Deadly Poison","Noxious Fumes","Catalyst+1","Backflip","Catalyst"],"special_seed":0,"relics":["Ring of the Snake","NeowsBlessing","Tiny Chest","Darkstone Periapt","Bag of Preparation"],"potions_floor_usage":[8,16],"damage_taken":[{"damage":0.0,"enemies":"Jaw Worm","floor":1.0,"turns":1.0},{"damage":0.0,"enemies":"2 Louse","floor":2.0,"turns":1.0},{"damage":0.0,"enemies":"Small Slimes","floor":5.0,"turns":1.0},{"damage":40.0,"enemies":"Lagavulin","floor":6.0,"turns":8.0},{"damage":22.0,"enemies":"Gremlin Gang","floor":7.0,"turns":5.0},{"damage":1,"enemies":"Exordium Wildlife","floor":8,"turns":4},{"damage":0,"enemies":"Looter","floor":10,"turns":4},{"damage":24,"enemies":"Slime Boss","floor":16,"turns":7}],"seed_played":"4512351199137783544","potions_obtained":[{"floor":7.0,"key":"Energy Potion"},{"floor":8,"key":"AttackPotion"},{"floor":10,"key":"LiquidBronze"}],"is_trial":false,"path_per_floor":["M","M","?","?","M","E","M","M","T","M","$","?","R","?","R","B"],"character_chosen":"THE_SILENT","items_purchased":["Catalyst","Bag of Preparation"],"campfire_rested":1,"item_purchase_floors":[11,11],"current_hp_per_floor":[59,59,64,64,64,24,2,1,1,1,1,1,22,22,22,0],"gold":46,"neow_bonus":"THREE_ENEMY_KILL","is_prod":false,"is_daily":false,"chose_seed":false,"campfire_upgraded":1,"win_rate":0,"timestamp":1563745235,"path_taken":["M","M","?","?","?","E","M","M","T","M","$","?","R","?","R","BOSS"],"build_version":"2019-07-17","purchased_purges":0,"victory":false,"max_hp_per_floor":[66,66,71,71,71,71,71,71,71,71,71,71,71,71,71,71],"card_choices":[{"not_picked":["Cloak And Dagger","Dagger Throw"],"picked":"Flying Knee","floor":1.0},{"not_picked":["Prepared","Backflip"],"picked":"Infinite Blades","floor":2.0},{"not_picked":["Riddle With Holes","PiercingWail"],"picked":"Deadly Poison","floor":5.0},{"not_picked":["Quick Slash","Deflect"],"picked":"Noxious Fumes","floor":6.0},{"not_picked":["Skewer","Poisoned Stab"],"picked":"Catalyst","floor":7.0},{"not_picked":["Phantasmal Killer","Underhanded Strike"],"picked":"Backflip","floor":8},{"not_picked":["Acrobatics","Reflex","Underhanded Strike"],"picked":"SKIP","floor":10}],"player_experience":1826322,"relics_obtained":[{"floor":6.0,"key":"Tiny Chest"},{"floor":9,"key":"Darkstone Periapt"}],"event_choices":[{"damage_healed":0.0,"max_hp_gain":5.0,"max_hp_loss":0.0,"gold_gain":0.0,"event_name":"Big Fish","player_choice":"Donut","floor":3.0,"gold_loss":0.0,"damage_taken":0.0},{"damage_healed":0.0,"max_hp_gain":0.0,"max_hp_loss":0.0,"gold_gain":0.0,"event_name":"Living Wall","player_choice":"Grow","floor":4.0,"gold_loss":0.0,"damage_taken":0.0,"cards_upgraded":["Neutralize"]},{"damage_healed":0,"gold_gain":0,"player_choice":"Fled","damage_taken":0,"max_hp_gain":0,"max_hp_loss":0,"event_name":"Scrap Ooze","floor":12,"gold_loss":0},{"cards_removed":["Strike_G"],"damage_healed":0,"gold_gain":0,"player_choice":"Purged","damage_taken":0,"max_hp_gain":0,"max_hp_loss":0,"event_name":"Purifier","floor":14,"gold_loss":0}],"is_beta":false,"boss_relics":[],"items_purged_floors":[],"is_endless":false,"potions_floor_spawned":[7,8,10],"killed_by":"Slime Boss","ascension_level":20}