{"gold_per_floor":[109,123,143,161,173,198,198,198,198,198,223,28,63,63,63,164,164,175,100,22,38,53,79,79,113,140,174,193,193,108,121,121,121],"floor_reached":33,"playtime":4466,"items_purged":[],"score":431,"play_id":"8fe94ba7-f217-423e-bf59-b9e601e53471","local_time":"20190325083615","is_ascension_mode":true,"campfire_choices":[{"data":"Pommel Strike","floor":7,"key":"SMITH"},{"floor":10,"key":"REST"},{"floor":15,"key":"REST"},{"data":"Armaments","floor":24,"key":"SMITH"},{"data":"Exhume","floor":29,"key":"SMITH"},{"data":"Pommel Strike","floor":32,"key":"SMITH"}],"neow_cost":"NONE","seed_source_timestamp":490774744442985,"circlet_count":0,"master_deck":["Strike_R","Strike_R","Strike_R+1","Strike_R","Defend_R+1","Defend_R","Defend_R","Defend_R","Bash","Shrug It Off","Pommel Strike+1","Shrug It Off","Metallicize","Pommel Strike+1","Shrug It Off","Feed","Infernal Blade+1","Pummel","Armaments+1","Flex","Cleave","Combust+1","Exhume+1","Inflame","Uppercut+1"],"relics":["Burning Blood","Meat on the Bone","Ancient Tea Set","Omamori","OrangePellets","Shuriken","Unceasing Top","Velvet Choker","Self Forming Clay","Darkstone Periapt","Bag of Marbles","Regal Pillow","Pen Nib"],"potions_floor_usage":[11,13,13,21,23,27],"damage_taken":[{"damage":5,"enemies":"Small Slimes","floor":1,"turns":5},{"damage":12,"enemies":"Jaw Worm","floor":2,"turns":3},{"damage":3,"enemies":"Cultist","floor":3,"turns":4},{"damage":8,"enemies":"Blue Slaver","floor":4,"turns":5},{"damage":14,"enemies":"Looter","floor":5,"turns":3},{"damage":46,"enemies":"3 Sentries","floor":6,"turns":12},{"damage":13,"enemies":"Gremlin Nob","floor":11,"turns":4},{"damage":20,"enemies":"Lagavulin","floor":13,"turns":8},{"damage":17,"enemies":"The Guardian","floor":16,"turns":15},{"damage":3,"enemies":"Chosen","floor":18,"turns":6},{"damage":3,"enemies":"3 Byrds","floor":21,"turns":9},{"damage":15,"enemies":"Centurion and Healer","floor":22,"turns":6},{"damage":5,"enemies":"Slavers","floor":23,"turns":7},{"damage":14,"enemies":"Gremlin Leader","floor":25,"turns":9},{"damage":27,"enemies":"Book of Stabbing","floor":27,"turns":5},{"damage":10,"enemies":"Snecko","floor":28,"turns":3},{"damage":20,"enemies":"Snake Plant","floor":31,"turns":2},{"damage":60,"enemies":"Automaton","floor":33,"turns":6}],"seed_played":"3619329424025716974","potions_obtained":[{"floor":2,"key":"Ancient Potion"},{"floor":6,"key":"Swift Potion"},{"floor":11,"key":"Explosive Potion"},{"floor":16,"key":"SteroidPotion"},{"floor":18,"key":"Block Potion"},{"floor":21,"key":"SkillPotion"}],"is_trial":false,"path_per_floor":["M","M","M","M","M","E","R","?","T","R","E","$","E","?","R","B",null,"M","?","$","M","M","E","R","E","T","E","M","R","?","M","R","B"],"character_chosen":"IRONCLAD","items_purchased":["OrangePellets","Pummel","Armaments"],"campfire_rested":2,"item_purchase_floors":[12,20,20],"current_hp_per_floor":[88,82,85,83,75,35,35,17,17,43,48,48,46,34,60,61,81,87,87,87,93,84,88,88,80,80,63,59,59,59,60,60,0],"gold":121,"neow_bonus":"TEN_PERCENT_HP_BONUS","is_prod":false,"is_daily":false,"chose_seed":false,"campfire_upgraded":4,"win_rate":0,"timestamp":1553528175,"path_taken":["M","M","M","M","M","E","R","?","T","R","E","$","E","?","R","BOSS","M","?","$","M","M","E","R","E","T","E","M","R","?","M","R","BOSS"],"build_version":"2019-01-23","purchased_purges":0,"victory":false,"max_hp_per_floor":[88,88,88,88,88,88,88,88,88,88,88,88,88,88,88,88,88,91,91,91,94,94,97,97,97,97,101,101,101,101,104,104,104],"card_choices":[{"not_picked":["Body Slam","Thunderclap","Iron Wave"],"picked":"SKIP","floor":1},{"not_picked":["Thunderclap","Headbutt"],"picked":"Shrug It Off","floor":2},{"not_picked":["Twin Strike","Wild Strike"],"picked":"Pommel Strike","floor":3},{"not_picked":["Iron Wave","Headbutt","Wild Strike"],"picked":"SKIP","floor":4},{"not_picked":["Dual Wield","Clothesline"],"picked":"Shrug It Off","floor":5},{"not_picked":["Immolate","Blood for Blood"],"picked":"Metallicize","floor":6},{"not_picked":["Havoc","Clash"],"picked":"Pommel Strike","floor":11},{"not_picked":["Clash","Reckless Charge"],"picked":"Shrug It Off","floor":13},{"not_picked":["Brutality","Fiend Fire"],"picked":"Feed","floor":16},{"not_picked":["Sword Boomerang","Cleave"],"picked":"Infernal Blade+1","floor":18},{"not_picked":["Pommel Strike","Anger+1"],"picked":"Flex","floor":21},{"not_picked":["Flame Barrier","Shrug It Off","Iron Wave"],"picked":"SKIP","floor":22},{"not_picked":["Wild Strike","Clash"],"picked":"Cleave","floor":23},{"not_picked":["Sword Boomerang+1","Armaments"],"picked":"Combust+1","floor":25},{"not_picked":["Cleave+1","Combust"],"picked":"Exhume","floor":27},{"not_picked":["Anger","Infernal Blade"],"picked":"Inflame","floor":28},{"not_picked":["Body Slam","Perfected Strike+1"],"picked":"Uppercut+1","floor":31}],"player_experience":411053,"relics_obtained":[{"floor":6,"key":"Meat on the Bone"},{"floor":9,"key":"Ancient Tea Set"},{"floor":11,"key":"Omamori"},{"floor":13,"key":"Shuriken"},{"floor":23,"key":"Self Forming Clay"},{"floor":25,"key":"Darkstone Periapt"},{"floor":26,"key":"Bag of Marbles"},{"floor":27,"key":"Regal Pillow"}],"event_choices":[{"damage_healed":0,"gold_gain":0,"player_choice":"Entered Light","damage_taken":18,"max_hp_gain":0,"max_hp_loss":0,"event_name":"Shining Light","floor":8,"gold_loss":0,"cards_upgraded":["Strike_R","Defend_R"]},{"damage_healed":0,"gold_gain":0,"player_choice":"Success","damage_taken":12,"relics_obtained":["Unceasing Top"],"max_hp_gain":0,"max_hp_loss":0,"event_name":"Scrap Ooze","floor":14,"gold_loss":0},{"cards_removed":["Strike_R"],"damage_healed":0,"gold_gain":0,"player_choice":"Gave Gold","damage_taken":0,"max_hp_gain":0,"max_hp_loss":0,"event_name":"Beggar","floor":19,"gold_loss":75},{"damage_healed":0,"gold_gain":0,"player_choice":"Obtained Relic","damage_taken":0,"relics_obtained":["Pen Nib"],"max_hp_gain":0,"max_hp_loss":0,"event_name":"Addict","floor":30,"gold_loss":85}],"is_beta":false,"boss_relics":[{"not_picked":["Fusion Hammer","Eternal Feather"],"picked":"Velvet Choker"}],"items_purged_floors":[],"is_endless":false,"potions_floor_spawned":[2,6,11,16,18,21],"killed_by":"Automaton","ascension_level":5}