{"gold_per_floor":[109,109,34,59,84,84,98,98,98,98,98,98,98,116,116,210,210,235,235,64,264,264],"floor_reached":22,"playtime":595,"items_purged":["Strike_R"],"score":318,"play_id":"acaeb501-3728-4004-aec4-f05791100b84","local_time":"20181127193040","is_ascension_mode":true,"campfire_choices":[{"data":"Flex","floor":6,"key":"SMITH"},{"data":"Flex","floor":8,"key":"SMITH"},{"data":"Battle Trance","floor":10,"key":"SMITH"},{"data":"Bash","floor":12,"key":"SMITH"},{"data":"Thunderclap","floor":15,"key":"SMITH"}],"neow_cost":"CURSE","seed_source_timestamp":34787424506913,"circlet_count":0,"master_deck":["AscendersBane","Strike_R","Strike_R","Defend_R","Defend_R","Defend_R","Bash+1","Reaper","Flex+1","Spot Weakness+1","Flex+1","Battle Trance+1","Thunderclap+1","Demon Form","Cleave+1","Metallicize+1","Double Tap+1","Sword Boomerang","Enlightenment"],"relics":["Burning Blood","Golden Idol","Boot","Astrolabe"],"potions_floor_usage":[18,18],"damage_taken":[{"damage":16,"enemies":"Cultist","floor":1,"turns":4},{"damage":17,"enemies":"Small Slimes","floor":4,"turns":4},{"damage":12,"enemies":"Jaw Worm","floor":5,"turns":3},{"damage":20,"enemies":"Lots of Slimes","floor":7,"turns":3},{"damage":1,"enemies":"2 Fungi Beasts","floor":14,"turns":2},{"damage":43,"enemies":"The Guardian","floor":16,"turns":10},{"damage":52,"enemies":"Chosen","floor":18,"turns":7},{"damage":29,"enemies":"Spheric Guardian","floor":22,"turns":4}],"seed_played":"7651272809976612027","potions_obtained":[{"floor":14,"key":"Swift Potion"},{"floor":16,"key":"EssenceOfSteel"}],"is_trial":false,"path_per_floor":["M","?","?","M","M","R","M","R","T","R","?","R","?","M","R","B",null,"M","?","$","?","M"],"character_chosen":"IRONCLAD","items_purchased":["Enlightenment"],"campfire_rested":0,"item_purchase_floors":[20],"current_hp_per_floor":[58,32,32,21,15,15,31,31,31,31,31,31,36,73,73,60,75,29,29,29,29,0],"gold":264,"neow_bonus":"THREE_RARE_CARDS","is_prod":false,"is_daily":false,"chose_seed":false,"campfire_upgraded":5,"win_rate":0,"timestamp":1543343440,"path_taken":["M","?","?","M","M","R","M","R","T","R","?","R","?","M","R","BOSS","M","?","$","?","M"],"build_version":"2018-11-15","purchased_purges":1,"victory":false,"max_hp_per_floor":[75,75,75,75,75,75,75,75,75,75,75,75,80,80,80,80,80,80,80,80,80,80],"card_choices":[{"not_picked":["Exhume","Brutality"],"picked":"Reaper","floor":0},{"not_picked":["Perfected Strike","Thunderclap"],"picked":"Flex","floor":1},{"not_picked":["Combust","Dual Wield"],"picked":"Spot Weakness","floor":4},{"not_picked":["Clash","Armaments"],"picked":"Flex","floor":5},{"not_picked":["Havoc","Shrug It Off"],"picked":"Battle Trance","floor":7},{"not_picked":["Anger","Cleave"],"picked":"Thunderclap","floor":14},{"not_picked":["Brutality","Bludgeon"],"picked":"Demon Form","floor":16},{"not_picked":["Cleave","Evolve"],"picked":"Sword Boomerang","floor":18}],"player_experience":897775,"relics_obtained":[{"floor":9,"key":"Boot"}],"event_choices":[{"damage_healed":0,"gold_gain":0,"player_choice":"Take Damage","damage_taken":26,"relics_obtained":["Golden Idol"],"max_hp_gain":0,"max_hp_loss":0,"event_name":"Golden Idol","floor":2,"gold_loss":0},{"cards_removed":["Decay"],"damage_healed":0,"gold_gain":0,"player_choice":"Card Removal","damage_taken":0,"max_hp_gain":0,"max_hp_loss":0,"event_name":"The Cleric","floor":3,"gold_loss":75},{"damage_healed":0,"gold_gain":0,"player_choice":"Grow","damage_taken":0,"max_hp_gain":0,"max_hp_loss":0,"event_name":"Living Wall","floor":11,"gold_loss":0,"cards_upgraded":["Spot Weakness"]},{"damage_healed":0,"gold_gain":0,"player_choice":"Donut","damage_taken":0,"max_hp_gain":5,"max_hp_loss":0,"event_name":"Big Fish","floor":13,"gold_loss":0},{"damage_healed":0,"gold_gain":0,"player_choice":"Ignored","damage_taken":0,"max_hp_gain":0,"max_hp_loss":0,"event_name":"Ghosts","floor":19,"gold_loss":0},{"damage_healed":0,"gold_gain":200,"player_choice":"Gold","damage_taken":0,"max_hp_gain":0,"max_hp_loss":0,"event_name":"Wheel of Change","floor":21,"gold_loss":0}],"is_beta":true,"boss_relics":[{"not_picked":["Velvet Choker","Runic Dome"],"picked":"Astrolabe"}],"items_purged_floors":[20],"is_endless":false,"potions_floor_spawned":[14,16],"killed_by":"Spheric Guardian","ascension_level":17}