{"gold_per_floor":[12,12,28,28,40,67,67,117,117,117,152,169,198,46,46,125,125,135,185,185,201,201,201,227,237,237,237,248,279,279,292,292,366,366,384,384,384,176,191,191,221,221,244,276,290,307,334,351,351,351,351,351,351,118,151,151],"floor_reached":56,"playtime":2050,"items_purged":["Strike_G","Strike_G+1","Strike_G+1"],"score":2161,"play_id":"b2019093-e26f-45eb-b674-762f059bc89f","local_time":"20190402120717","is_ascension_mode":true,"campfire_choices":[{"data":"After Image","floor":7,"key":"SMITH"},{"data":"Noxious Fumes","floor":10,"key":"SMITH"},{"data":"Catalyst","floor":15,"key":"SMITH"},{"data":"Neutralize","floor":23,"key":"SMITH"},{"data":"PiercingWail","floor":27,"key":"SMITH"},{"data":"Catalyst","floor":32,"key":"SMITH"},{"data":"After Image","floor":40,"key":"SMITH"},{"data":"Well Laid Plans","floor":42,"key":"PURGE"},{"floor":49,"key":"RECALL"},{"data":"Calculated Gamble","floor":53,"key":"SMITH"}],"neow_cost":"NO_GOLD","seed_source_timestamp":7548694031761,"circlet_count":0,"master_deck":["AscendersBane","Defend_G+1","Defend_G+1","Defend_G+1","Defend_G+1","Defend_G+1","Survivor","Neutralize+1","Noxious Fumes+1","Poisoned Stab","Deadly Poison","After Image+1","Backflip","PiercingWail+1","Catalyst+1","Corpse Explosion","Catalyst+1","Catalyst+1","Flying Knee","Blade Dance","Catalyst","Backflip","Calculated Gamble+1","After Image+1","Backflip","Crippling Poison+1","Bullet Time"],"relics":["Ring of the Snake","Ice Cream","Meat on the Bone","Bag of Marbles","MawBank","Runic Dome","Peace Pipe","Mercury Hourglass","Ninja Scroll","Runic Pyramid","Unceasing Top","Orichalcum","Juzu Bracelet","Lantern"],"potions_floor_usage":[11,13,25,44,44,50,55,56,56],"damage_taken":[{"damage":3,"enemies":"Cultist","floor":1,"turns":4},{"damage":1,"enemies":"Small Slimes","floor":3,"turns":4},{"damage":0,"enemies":"2 Louse","floor":5,"turns":4},{"damage":17,"enemies":"Lagavulin","floor":6,"turns":7},{"damage":23,"enemies":"3 Sentries","floor":11,"turns":9},{"damage":2,"enemies":"2 Fungi Beasts","floor":12,"turns":4},{"damage":30,"enemies":"Gremlin Nob","floor":13,"turns":4},{"damage":0,"enemies":"Hexaghost","floor":16,"turns":7},{"damage":9,"enemies":"2 Thieves","floor":18,"turns":4},{"damage":0,"enemies":"Chosen","floor":21,"turns":2},{"damage":6,"enemies":"Gremlin Leader","floor":24,"turns":4},{"damage":0,"enemies":"Snecko","floor":25,"turns":2},{"damage":9,"enemies":"Cultist and Chosen","floor":28,"turns":5},{"damage":14,"enemies":"Book of Stabbing","floor":29,"turns":3},{"damage":15,"enemies":"Shelled Parasite and Fungi","floor":31,"turns":4},{"damage":22,"enemies":"Collector","floor":33,"turns":4},{"damage":0,"enemies":"3 Shapes","floor":35,"turns":3},{"damage":2,"enemies":"Orb Walker","floor":39,"turns":3},{"damage":0,"enemies":"Giant Head","floor":41,"turns":4},{"damage":6,"enemies":"Reptomancer","floor":44,"turns":3},{"damage":0,"enemies":"Maw","floor":45,"turns":3},{"damage":0,"enemies":"Spire Growth","floor":46,"turns":4},{"damage":27,"enemies":"Nemesis","floor":47,"turns":5},{"damage":0,"enemies":"Sphere and 2 Shapes","floor":48,"turns":5},{"damage":33,"enemies":"Awakened One","floor":50,"turns":12},{"damage":9,"enemies":"Time Eater","floor":51,"turns":4},{"damage":29,"enemies":"Shield and Spear","floor":55,"turns":5},{"damage":47,"enemies":"The Heart","floor":56,"turns":3}],"seed_played":"2211692946707341861","potions_obtained":[{"floor":3,"key":"Energy Potion"},{"floor":6,"key":"EssenceOfSteel"},{"floor":11,"key":"Energy Potion"},{"floor":12,"key":"AttackPotion"},{"floor":18,"key":"GamblersBrew"},{"floor":44,"key":"FearPotion"},{"floor":46,"key":"Fire Potion"},{"floor":55,"key":"FearPotion"}],"is_trial":false,"path_per_floor":["M","$","M","$","M","E","R","?","T","R","E","M","E","$","R","B",null,"M","?","?","M","?","R","E","M","T","R","M","E","?","M","R","B",null,"M","?","$","$","M","R","E","R","T","E","M","M","E","M","R","B","B",null,"R","$","E","B"],"character_chosen":"THE_SILENT","items_purchased":["Well Laid Plans","Poison Potion","Backflip","Energy Potion","AttackPotion"],"campfire_rested":0,"item_purchase_floors":[14,38,38,54,54],"current_hp_per_floor":[56,56,55,55,55,38,38,38,38,38,27,37,19,19,19,31,57,48,48,48,48,48,48,42,42,42,42,45,43,43,40,40,30,57,57,57,57,57,55,55,55,55,55,49,49,49,34,34,34,13,16,51,51,51,34,0],"gold":151,"neow_bonus":"ONE_RARE_RELIC","is_prod":false,"is_daily":false,"chose_seed":false,"campfire_upgraded":8,"win_rate":0,"timestamp":1554199637,"path_taken":["M","?","M","?","M","E","R","?","T","R","E","?","E","$","R","BOSS","M","?","?","M","?","R","E","M","T","R","M","E","?","M","R","BOSS","M","?","?","$","M","R","E","R","T","E","M","M","E","M","R","BOSS","BOSS","R","$","E","BOSS"],"build_version":"2019-01-23","purchased_purges":3,"victory":false,"max_hp_per_floor":[66,66,66,66,66,66,66,66,66,66,66,66,66,66,66,66,66,66,66,66,66,66,66,66,66,66,66,66,66,66,66,66,66,66,66,63,63,63,63,63,63,63,63,63,63,63,63,63,63,63,63,63,63,63,63,63],"card_choices":[{"not_picked":["Sucker Punch","Blade Dance"],"picked":"Noxious Fumes","floor":1},{"not_picked":["Dash","Footwork"],"picked":"Poisoned Stab","floor":3},{"not_picked":["Finisher","Masterful Stab"],"picked":"Deadly Poison","floor":5},{"not_picked":["Masterful Stab","Cloak And Dagger"],"picked":"After Image","floor":6},{"not_picked":["Deadly Poison","Bane"],"picked":"Backflip","floor":11},{"not_picked":["Doppelganger","Dodge and Roll"],"picked":"PiercingWail","floor":12},{"not_picked":["Venomology","Bane"],"picked":"Catalyst","floor":13},{"not_picked":["Night Terror","Tools of the Trade"],"picked":"Corpse Explosion","floor":16},{"not_picked":["Blade Dance","Choke"],"picked":"Catalyst+1","floor":18},{"not_picked":["Dodge and Roll","Dash"],"picked":"Catalyst","floor":21},{"not_picked":["Infinite Blades+1","Distraction","Dagger Throw"],"picked":"SKIP","floor":24},{"not_picked":["Eviscerate","Dagger Throw"],"picked":"Catalyst","floor":25},{"not_picked":["Cloak And Dagger","Flying Knee"],"picked":"Backflip","floor":28},{"not_picked":["Backstab+1","All Out Attack"],"picked":"Calculated Gamble","floor":29},{"not_picked":["Dagger Spray","Underhanded Strike","Cloak And Dagger"],"picked":"SKIP","floor":31},{"not_picked":["Die Die Die","Glass Knife"],"picked":"After Image","floor":33},{"not_picked":["Reflex+1","Quick Slash+1","Choke"],"picked":"SKIP","floor":35},{"not_picked":["Dodge and Roll+1","Dash+1","Prepared+1"],"picked":"SKIP","floor":39},{"not_picked":["Blade Dance+1","Well Laid Plans"],"picked":"Crippling Poison+1","floor":41},{"not_picked":["Poisoned Stab+1","Dagger Spray","Sucker Punch"],"picked":"SKIP","floor":44},{"not_picked":["Dagger Throw+1","Calculated Gamble","Outmaneuver"],"picked":"SKIP","floor":45},{"not_picked":["Sucker Punch","Blade Dance+1","Reflex"],"picked":"SKIP","floor":46},{"not_picked":["Choke","Accuracy","Bane+1"],"picked":"SKIP","floor":47},{"not_picked":["Flechettes","Quick Slash"],"picked":"Bullet Time","floor":48},{"not_picked":["Cloak And Dagger","Masterful Stab+1","Deadly Poison"],"picked":"SKIP","floor":55}],"player_experience":1523771,"relics_obtained":[{"floor":9,"key":"Meat on the Bone"},{"floor":11,"key":"Bag of Marbles"},{"floor":13,"key":"MawBank"},{"floor":24,"key":"Peace Pipe"},{"floor":26,"key":"Mercury Hourglass"},{"floor":29,"key":"Ninja Scroll"},{"floor":41,"key":"Unceasing Top"},{"floor":44,"key":"Orichalcum"},{"floor":47,"key":"Juzu Bracelet"},{"floor":55,"key":"Lantern"}],"event_choices":[{"damage_healed":0,"gold_gain":50,"player_choice":"Pray","damage_taken":0,"max_hp_gain":0,"max_hp_loss":0,"event_name":"Golden Shrine","floor":8,"gold_loss":0},{"damage_healed":0,"gold_gain":50,"player_choice":"Stole From Cult","damage_taken":0,"max_hp_gain":0,"max_hp_loss":0,"event_name":"Nest","floor":19,"gold_loss":0},{"damage_healed":0,"gold_gain":0,"player_choice":"Simplicity","damage_taken":0,"max_hp_gain":0,"max_hp_loss":0,"event_name":"Back to Basics","floor":20,"gold_loss":0,"cards_upgraded":["Defend_G","Defend_G","Defend_G","Defend_G","Defend_G","Strike_G","Strike_G","Strike_G","Strike_G"]},{"damage_healed":0,"gold_gain":0,"cards_transformed":["Strike_G","Strike_G"],"player_choice":"Became Test Subject","damage_taken":0,"max_hp_gain":0,"max_hp_loss":0,"event_name":"Drug Dealer","floor":22,"gold_loss":0,"cards_obtained":["Flying Knee","Blade Dance"]},{"damage_healed":0,"gold_gain":0,"player_choice":"Ignored","damage_taken":0,"max_hp_gain":0,"max_hp_loss":0,"event_name":"The Mausoleum","floor":30,"gold_loss":0},{"damage_healed":0,"gold_gain":0,"player_choice":"Max HP","damage_taken":0,"max_hp_gain":0,"max_hp_loss":3,"event_name":"Winding Halls","floor":36,"gold_loss":0}],"is_beta":false,"boss_relics":[{"not_picked":["Fusion Hammer","Black Star"],"picked":"Runic Dome"},{"not_picked":["Astrolabe","Lizard Tail"],"picked":"Runic Pyramid"}],"items_purged_floors":[14,38,54],"is_endless":false,"potions_floor_spawned":[3,6,11,12,18,24,44,46,47,48,55],"killed_by":"The Heart","ascension_level":20}