{"gold_per_floor":[109,128,203,159,159,184,199,216,292,307,332,344,177,194,194,271,271,289,305,230,230,250,281,281,309,309,309,344,344,344,371,371,446,446,464,68,68,68,13,13,23,53,132,144,164,180,180,209,209,209,209,209,209,35,60,60],"floor_reached":57,"playtime":3215,"items_purged":["Strike_R"],"score":2771,"play_id":"ef4658fa-c1b4-4533-af60-c9f299b11db0","local_time":"20190211205144","is_ascension_mode":true,"campfire_choices":[{"data":"Feel No Pain","floor":12.0,"key":"SMITH"},{"data":"Inflame","floor":15.0,"key":"SMITH"},{"data":"Inflame","floor":24.0,"key":"SMITH"},{"data":"Inflame","floor":27.0,"key":"SMITH"},{"data":"Corruption","floor":29.0,"key":"SMITH"},{"data":"Dual Wield","floor":32.0,"key":"SMITH"},{"data":"True Grit","floor":40.0,"key":"SMITH"},{"floor":47.0,"key":"RECALL"},{"data":"Armaments","floor":49.0,"key":"SMITH"},{"data":"Limit Break","floor":53.0,"key":"SMITH"}],"neow_cost":"NONE","seed_source_timestamp":0,"circlet_count":0,"master_deck":["AscendersBane","Strike_R+1","Defend_R","Defend_R","Defend_R","Bash","Twin Strike","True Grit+1","Feel No Pain+1","Reaper","Corruption+1","Dual Wield+1","Shrug It Off","Inflame+1","Sword Boomerang+1","Exhume","Burning Pact","Inflame+1","Inflame+1","Double Tap","Shrug It Off","Infernal Blade","Limit Break+1","Headbutt+1","Limit Break","Secret Technique","Rupture","Shrug It Off","Warcry+1","Armaments+1","Exhume"],"special_seed":0,"relics":["Burning Blood","Charon\u0027s Ashes","Bottled Tornado","MawBank","Runic Pyramid","Vajra","Gremlin Horn","Whetstone","Lantern","Mark of Pain","OrangePellets","The Courier","Shuriken","Bag of Preparation","Anchor"],"potions_floor_usage":[56,56],"damage_taken":[{"damage":11.0,"enemies":"Jaw Worm","floor":1.0,"turns":6.0},{"damage":2.0,"enemies":"2 Louse","floor":2.0,"turns":4.0},{"damage":54.0,"enemies":"Gremlin Nob","floor":6.0,"turns":5.0},{"damage":1.0,"enemies":"Cultist","floor":7.0,"turns":4.0},{"damage":4.0,"enemies":"3 Louse","floor":8.0,"turns":4.0},{"damage":0.0,"enemies":"2 Fungi Beasts","floor":10.0,"turns":3.0},{"damage":19.0,"enemies":"Lagavulin","floor":11.0,"turns":8.0},{"damage":17.0,"enemies":"Blue Slaver","floor":14.0,"turns":5.0},{"damage":14.0,"enemies":"Slime Boss","floor":16.0,"turns":6.0},{"damage":2.0,"enemies":"Chosen","floor":18.0,"turns":5.0},{"damage":3.0,"enemies":"Spheric Guardian","floor":19.0,"turns":4.0},{"damage":15.0,"enemies":"Centurion and Healer","floor":22.0,"turns":5.0},{"damage":53.0,"enemies":"Slavers","floor":23.0,"turns":6.0},{"damage":41.0,"enemies":"Gremlin Leader","floor":25.0,"turns":5.0},{"damage":25.0,"enemies":"Slavers","floor":28.0,"turns":4.0},{"damage":31.0,"enemies":"Gremlin Leader","floor":31.0,"turns":5.0},{"damage":77.0,"enemies":"Automaton","floor":33.0,"turns":8.0},{"damage":11.0,"enemies":"Orb Walker","floor":35.0,"turns":2.0},{"damage":0.0,"enemies":"3 Shapes","floor":41.0,"turns":3.0},{"damage":30.0,"enemies":"Nemesis","floor":42.0,"turns":5.0},{"damage":38.0,"enemies":"Sphere and 2 Shapes","floor":44.0,"turns":5.0},{"damage":19.0,"enemies":"Spire Growth","floor":45.0,"turns":4.0},{"damage":9.0,"enemies":"3 Darklings","floor":46.0,"turns":3.0},{"damage":1.0,"enemies":"Reptomancer","floor":48.0,"turns":3.0},{"damage":49.0,"enemies":"Donu and Deca","floor":50.0,"turns":5.0},{"damage":64.0,"enemies":"Awakened One","floor":51.0,"turns":5.0},{"damage":61.0,"enemies":"Shield and Spear","floor":55.0,"turns":5.0},{"damage":147,"enemies":"The Heart","floor":56,"turns":8}],"seed_played":"-8249322909190234959","potions_obtained":[{"floor":2.0,"key":"BloodPotion"},{"floor":6.0,"key":"Regen Potion"},{"floor":8.0,"key":"Swift Potion"},{"floor":11.0,"key":"PowerPotion"},{"floor":16.0,"key":"LiquidBronze"},{"floor":19.0,"key":"Ancient Potion"}],"is_trial":false,"path_per_floor":["M","M","?","$","?","E","M","M","T","M","E","R","$","M","R","B",null,"M","M","?","?","M","E","R","E","T","R","E","R","?","E","R","B",null,"M","$","?","?","$","R","M","E","T","M","M","M","R","E","R","B","B",null,"R","$","E","B",null],"character_chosen":"IRONCLAD","items_purchased":["Feel No Pain","Inflame","Sword Boomerang","Limit Break","OrangePellets","Shrug It Off","Bag of Preparation","SteroidPotion"],"campfire_rested":0,"item_purchase_floors":[4,13,13,36,36,39,54,54],"current_hp_per_floor":[70,74,63,63,63,15,24,32,32,46,46,46,46,39,39,45,73,82,82,82,82,82,70,70,82,82,82,82,82,58,87,87,56,79,87,87,77,77,77,77,87,87,87,66,79,87,87,87,87,87,82,86,86,86,87,87],"gold":60,"neow_bonus":"TEN_PERCENT_HP_BONUS","is_prod":false,"is_daily":false,"chose_seed":false,"campfire_upgraded":9,"win_rate":0,"timestamp":1549914704,"path_taken":["M","M","?","$","?","E","?","M","T","M","E","R","$","M","R","BOSS","M","M","?","?","M","E","R","E","T","R","E","R","?","E","R","BOSS","M","$","?","?","$","R","M","E","T","M","M","?","R","E","R","BOSS","BOSS","R","$","E","BOSS"],"build_version":"2019-01-23","purchased_purges":1,"victory":true,"max_hp_per_floor":[82,82,82,82,82,82,82,82,82,82,82,82,82,82,82,82,82,82,82,82,82,82,82,82,82,82,82,82,82,87,87,87,87,87,87,87,87,87,87,87,87,87,87,87,87,87,87,87,87,87,87,87,87,87,87,87],"card_choices":[{"not_picked":["Body Slam","Second Wind"],"picked":"Twin Strike","floor":1.0},{"not_picked":["Power Through","Warcry"],"picked":"True Grit","floor":2.0},{"not_picked":["Heavy Blade","True Grit"],"picked":"Reaper","floor":6.0},{"not_picked":["Iron Wave","Burning Pact"],"picked":"Anger","floor":7.0},{"not_picked":["Flex","Iron Wave"],"picked":"Corruption","floor":8.0},{"not_picked":["True Grit","Sever Soul"],"picked":"Dual Wield","floor":10.0},{"not_picked":["Blood for Blood","Perfected Strike"],"picked":"Shrug It Off","floor":11.0},{"not_picked":["Cleave","Clothesline","Dropkick"],"picked":"SKIP","floor":14.0},{"not_picked":["Immolate","Brutality"],"picked":"Exhume","floor":16.0},{"not_picked":["Warcry","Thunderclap","Blood for Blood"],"picked":"SKIP","floor":18.0},{"not_picked":["Sword Boomerang","Wild Strike"],"picked":"Burning Pact","floor":19.0},{"not_picked":["Wild Strike","Anger+1"],"picked":"Double Tap","floor":22.0},{"not_picked":["Warcry","Thunderclap","Clash"],"picked":"SKIP","floor":23.0},{"not_picked":["Searing Blow","Fire Breathing"],"picked":"Shrug It Off","floor":25.0},{"not_picked":["Seeing Red","Pummel"],"picked":"Infernal Blade","floor":28.0},{"not_picked":["Rampage","Thunderclap","Second Wind"],"picked":"SKIP","floor":31.0},{"not_picked":["Brutality","Demon Form"],"picked":"Limit Break","floor":33.0},{"not_picked":["Flex","Iron Wave"],"picked":"Headbutt+1","floor":35.0},{"not_picked":["Mayhem","Metamorphosis"],"picked":"Secret Technique","floor":37.0},{"not_picked":["True Grit","Uppercut"],"picked":"Warcry+1","floor":41.0},{"not_picked":["Rage+1","Twin Strike","Flame Barrier+1"],"picked":"SKIP","floor":42.0},{"not_picked":["Flex","Searing Blow","Pommel Strike"],"picked":"SKIP","floor":44.0},{"not_picked":["Combust","Warcry","Havoc"],"picked":"SKIP","floor":45.0},{"not_picked":["Rage","Clothesline+1","Ghostly Armor+1"],"picked":"SKIP","floor":46.0},{"not_picked":["Sword Boomerang","Dropkick"],"picked":"Armaments","floor":48.0},{"not_picked":["Cleave+1","Immolate"],"picked":"Exhume","floor":55.0}],"player_experience":1239794,"relics_obtained":[{"floor":6.0,"key":"Charon\u0027s Ashes"},{"floor":9.0,"key":"Bottled Tornado"},{"floor":11.0,"key":"MawBank"},{"floor":25.0,"key":"Vajra"},{"floor":26.0,"key":"Gremlin Horn"},{"floor":28.0,"key":"Whetstone"},{"floor":31.0,"key":"Lantern"},{"floor":42.0,"key":"The Courier"},{"floor":48.0,"key":"Shuriken"},{"floor":55.0,"key":"Anchor"}],"event_choices":[{"damage_healed":0.0,"max_hp_gain":0.0,"max_hp_loss":0.0,"gold_gain":75.0,"event_name":"World of Goop","player_choice":"Gather Gold","floor":3.0,"gold_loss":0.0,"damage_taken":11.0},{"cards_removed":["Strike_R"],"damage_healed":0.0,"max_hp_gain":0.0,"max_hp_loss":0.0,"gold_gain":0.0,"event_name":"Bonfire Elementals","player_choice":"Offered Basic","floor":5.0,"gold_loss":0.0,"damage_taken":0.0},{"cards_removed":["Anger"],"damage_healed":0.0,"max_hp_gain":0.0,"max_hp_loss":0.0,"gold_gain":0.0,"event_name":"Beggar","player_choice":"Gave Gold","floor":20.0,"gold_loss":75.0,"damage_taken":0.0},{"damage_healed":0.0,"max_hp_gain":0.0,"max_hp_loss":0.0,"gold_gain":0.0,"cards_transformed":["Strike_R","Strike_R"],"event_name":"Drug Dealer","player_choice":"Became Test Subject","floor":21.0,"gold_loss":0.0,"damage_taken":0.0,"cards_obtained":["Inflame","Inflame"]},{"damage_healed":0.0,"max_hp_gain":5.0,"max_hp_loss":0.0,"gold_gain":0.0,"event_name":"Forgotten Altar","player_choice":"Shed Blood","floor":30.0,"gold_loss":0.0,"damage_taken":29.0},{"damage_healed":0.0,"max_hp_gain":0.0,"max_hp_loss":0.0,"gold_gain":0.0,"event_name":"SensoryStone","player_choice":"Memory 3","floor":37.0,"gold_loss":0.0,"damage_taken":10.0},{"damage_healed":0.0,"max_hp_gain":0.0,"max_hp_loss":0.0,"gold_gain":0.0,"cards_transformed":["Defend_R"],"event_name":"Transmorgrifier","player_choice":"Transformed","floor":38.0,"gold_loss":0.0,"damage_taken":0.0,"cards_obtained":["Rupture"]}],"is_beta":false,"boss_relics":[{"not_picked":["White Beast Statue","Velvet Choker"],"picked":"Runic Pyramid"},{"not_picked":["Astrolabe","Black Blood"],"picked":"Mark of Pain"}],"items_purged_floors":[13],"is_endless":false,"potions_floor_spawned":[2,6,7,8,11,16,19,25,28,31,42,46],"ascension_level":20}