{"gold_per_floor":[111,111,33,47,70,70,70,70,70,105,121,136,166,3,3,80,80,53,69,81,91,91,91,116,116,116,130,455,455,490,490,490,563,563,576,592,126,106,121,155,155,155],"floor_reached":42,"playtime":1754,"items_purged":["Strike_R+1"],"score":1163,"play_id":"25d58412-a618-40bd-af5a-c8679bdc35f9","local_time":"20190709002032","is_ascension_mode":true,"campfire_choices":[{"data":"Iron Wave","floor":6,"key":"SMITH"},{"data":"Rampage","floor":8,"key":"SMITH"},{"data":"Defend_R","floor":15,"key":"SMITH"},{"floor":23,"key":"RECALL"},{"data":"Defend_R","floor":25,"key":"SMITH"},{"data":"Thunderclap","floor":32,"key":"SMITH"},{"floor":41,"key":"REST"}],"neow_cost":"NONE","seed_source_timestamp":52519202011209,"circlet_count":0,"master_deck":["AscendersBane","Strike_R+1","Defend_R+1","Defend_R+1","Defend_R+1","Defend_R+1","Bash+1","Thunderclap+1","Rampage+1","Iron Wave+1","Twin Strike+1","Sword Boomerang+1","Flame Barrier+1","Feed+1","Shrug It Off+1","Immolate+1","Impervious+1","True Grit+1","Shrug It Off+1","Anger+1","Flex+1","Double Tap+1","Spot Weakness+1","Rage+1","Armaments+1","Ghostly+1","Ghostly+1","Ghostly+1","Exhume+1","Feed+1","Cleave+1","Sentinel+1","Second Wind+1","Heavy Blade+1","Battle Trance+1"],"relics":["Burning Blood","Red Skull","Toxic Egg 2","Prayer Wheel","Molten Egg 2","Self Forming Clay","Runic Pyramid","Ornamental Fan","Mercury Hourglass","Orichalcum","Old Coin","Art of War","Astrolabe","ClockworkSouvenir","Oddly Smooth Stone","Boot"],"potions_floor_usage":[33,42],"damage_taken":[{"damage":10,"enemies":"2 Louse","floor":1,"turns":3},{"damage":9,"enemies":"Jaw Worm","floor":4,"turns":4},{"damage":8,"enemies":"Gremlin Nob","floor":10,"turns":3},{"damage":0,"enemies":"Cultist","floor":11,"turns":2},{"damage":25,"enemies":"Exordium Thugs","floor":12,"turns":3},{"damage":9,"enemies":"Lagavulin","floor":13,"turns":4},{"damage":7,"enemies":"Hexaghost","floor":16,"turns":7},{"damage":9,"enemies":"2 Thieves","floor":18,"turns":5},{"damage":0,"enemies":"Chosen","floor":19,"turns":4},{"damage":21,"enemies":"3 Cultists","floor":20,"turns":6},{"damage":7,"enemies":"Centurion and Healer","floor":21,"turns":5},{"damage":0,"enemies":"Gremlin Leader","floor":24,"turns":8},{"damage":0,"enemies":"Snecko","floor":27,"turns":5},{"damage":38,"enemies":"Slavers","floor":28,"turns":4},{"damage":0,"enemies":"Gremlin Leader","floor":30,"turns":5},{"damage":44,"enemies":"Champ","floor":33,"turns":18},{"damage":0,"enemies":"Orb Walker","floor":35,"turns":4},{"damage":2,"enemies":"3 Shapes","floor":36,"turns":6},{"damage":0,"enemies":"Spire Growth","floor":39,"turns":6},{"damage":0,"enemies":"Nemesis","floor":40,"turns":9},{"damage":96,"enemies":"Giant Head","floor":42,"turns":9}],"seed_played":"-5585110667018781462","potions_obtained":[{"floor":11,"key":"Dexterity Potion"},{"floor":18,"key":"LiquidBronze"},{"floor":30,"key":"PowerPotion"},{"floor":35,"key":"Energy Potion"}],"is_trial":false,"path_per_floor":["M","?","$","M","T","R","T","R","T","E","M","M","E","$","R","B",null,"M","M","M","M","T","R","E","R","T","M","E","?","E","?","R","B",null,"M","M","$","?","M","E","R","E"],"character_chosen":"IRONCLAD","items_purchased":["Rampage","Immolate+1","ClockworkSouvenir","Oddly Smooth Stone"],"campfire_rested":1,"item_purchase_floors":[3,14,37,37],"current_hp_per_floor":[64,41,41,38,38,38,38,38,38,36,42,23,24,24,24,27,69,70,80,69,72,72,72,82,82,82,92,60,53,57,57,57,23,52,62,65,65,65,69,73,73,0],"gold":155,"neow_bonus":"UPGRADE_CARD","is_prod":false,"is_daily":false,"chose_seed":false,"campfire_upgraded":5,"win_rate":0,"timestamp":1562624432,"path_taken":["M","?","$","M","?","R","?","R","T","E","M","M","E","$","R","BOSS","M","M","?","M","?","R","E","R","T","M","E","?","E","?","R","BOSS","M","M","$","?","?","E","R","E"],"build_version":"2019-07-05","purchased_purges":1,"victory":false,"max_hp_per_floor":[75,75,75,75,75,75,75,75,75,75,75,75,79,79,79,83,83,87,91,95,99,99,99,103,103,103,107,107,53,57,57,57,61,61,65,65,65,65,69,73,73,73],"card_choices":[{"not_picked":["Headbutt","Heavy Blade"],"picked":"Thunderclap","floor":1},{"not_picked":["Clash","Headbutt"],"picked":"Iron Wave","floor":4},{"not_picked":["Wild Strike","Hemokinesis"],"picked":"Twin Strike","floor":10},{"not_picked":["Bloodletting+1","Clothesline+1"],"picked":"Sword Boomerang+1","floor":11},{"not_picked":["Headbutt+1","Anger+1"],"picked":"Flame Barrier+1","floor":11},{"not_picked":["Flame Barrier+1","Body Slam+1"],"picked":"Feed+1","floor":12},{"not_picked":["Wild Strike+1","Burning Pact+1"],"picked":"Shrug It Off+1","floor":12},{"not_picked":["Clothesline+1","Burning Pact+1","Wild Strike+1"],"picked":"SKIP","floor":13},{"not_picked":["Immolate+1","Barricade"],"picked":"Impervious+1","floor":16},{"not_picked":["Carnage+1","Dropkick+1"],"picked":"True Grit+1","floor":18},{"not_picked":["Heavy Blade+1","Twin Strike+1","Sword Boomerang+1"],"picked":"SKIP","floor":18},{"not_picked":["Carnage+1","Iron Wave+1"],"picked":"Shrug It Off+1","floor":19},{"not_picked":["Whirlwind+1","Dual Wield+1","Intimidate+1"],"picked":"SKIP","floor":19},{"not_picked":["Twin Strike+1","Clash+1"],"picked":"Anger+1","floor":20},{"not_picked":["Entrench+1","Warcry+1"],"picked":"Flex+1","floor":20},{"not_picked":["Shrug It Off+1","Carnage+1"],"picked":"Double Tap+1","floor":21},{"not_picked":["Twin Strike+1","Iron Wave+1","Thunderclap+1"],"picked":"SKIP","floor":21},{"not_picked":["True Grit+1","Thunderclap+1"],"picked":"Spot Weakness+1","floor":24},{"not_picked":["Intimidate+1","Twin Strike+1"],"picked":"Rage+1","floor":27},{"not_picked":["Twin Strike+1","Second Wind+1","Burning Pact+1"],"picked":"SKIP","floor":27},{"not_picked":["Intimidate+1","Combust"],"picked":"Armaments+1","floor":28},{"not_picked":["Metallicize","Evolve"],"picked":"Exhume+1","floor":30},{"not_picked":["Dark Embrace","Impervious+1"],"picked":"Feed+1","floor":33},{"not_picked":["Clash+1","Thunderclap+1"],"picked":"Heavy Blade+1","floor":35},{"not_picked":["Wild Strike+1","Burning Pact+1","Rage+1"],"picked":"SKIP","floor":35},{"not_picked":["Body Slam+1","Blood for Blood+1"],"picked":"Battle Trance+1","floor":36},{"not_picked":["Perfected Strike+1","Pommel Strike+1","Clothesline+1"],"picked":"SKIP","floor":36},{"not_picked":["Rage+1","Clash+1","Havoc+1"],"picked":"SKIP","floor":39},{"not_picked":["Wild Strike+1","Perfected Strike+1","Clothesline+1"],"picked":"SKIP","floor":39},{"not_picked":["Uppercut+1","Headbutt+1","Burning Pact+1"],"picked":"SKIP","floor":40}],"player_experience":1781794,"relics_obtained":[{"floor":5,"key":"Red Skull"},{"floor":7,"key":"Toxic Egg 2"},{"floor":9,"key":"Prayer Wheel"},{"floor":10,"key":"Molten Egg 2"},{"floor":13,"key":"Self Forming Clay"},{"floor":22,"key":"Ornamental Fan"},{"floor":24,"key":"Mercury Hourglass"},{"floor":26,"key":"Orichalcum"},{"floor":28,"key":"Old Coin"},{"floor":30,"key":"Art of War"},{"floor":40,"key":"Boot"}],"event_choices":[{"damage_healed":0,"gold_gain":0,"player_choice":"Entered Light","damage_taken":23,"max_hp_gain":0,"max_hp_loss":0,"event_name":"Shining Light","floor":2,"gold_loss":0,"cards_upgraded":["Strike_R","Defend_R"]},{"damage_healed":0,"gold_gain":0,"player_choice":"Became a Ghost","damage_taken":0,"max_hp_gain":0,"max_hp_loss":54,"event_name":"Ghosts","floor":29,"gold_loss":0,"cards_obtained":["Ghostly","Ghostly","Ghostly"]},{"damage_healed":0,"gold_gain":0,"player_choice":"Simplicity","damage_taken":0,"max_hp_gain":0,"max_hp_loss":0,"event_name":"Back to Basics","floor":31,"gold_loss":0,"cards_upgraded":["Strike_R","Strike_R","Strike_R","Strike_R","Defend_R"]},{"damage_healed":0,"gold_gain":0,"player_choice":"Bought 1 Potion","damage_taken":0,"max_hp_gain":0,"max_hp_loss":0,"event_name":"The Woman in Blue","floor":38,"gold_loss":0}],"is_beta":false,"boss_relics":[{"not_picked":["Runic Cube","Calling Bell"],"picked":"Runic Pyramid"},{"not_picked":["Empty Cage","Black Blood"],"picked":"Astrolabe"}],"items_purged_floors":[37],"is_endless":false,"potions_floor_spawned":[11,18,30,35],"killed_by":"Giant Head","ascension_level":20}