{"gold_per_floor":[114,131,81,95,95,120,120,152,227,255,269,21,21,35,35,139,139,149,164,164],"floor_reached":20,"playtime":1535,"items_purged":[],"score":281,"play_id":"bf6b655f-cbc0-4baf-9efb-b7bd8cca2973","local_time":"20190416103854","is_ascension_mode":true,"campfire_choices":[{"floor":7,"key":"REST"},{"floor":15,"key":"REST"}],"neow_cost":"NONE","seed_source_timestamp":210184066567271,"circlet_count":0,"master_deck":["Strike_B","Strike_B","Defend_B","Defend_B","Defend_B","Defend_B","Zap+1","Dualcast","Gash","Auto Shields","Streamline","Conserve Battery","Cold Snap","White Noise","Cold Snap","White Noise","Steam","FTL","Amplify","Storm","Seek","Steam","Reinforced Body"],"relics":["Cracked Core","Torii","Orichalcum","Matryoshka","Unceasing Top","Bag of Preparation","Eternal Feather"],"potions_floor_usage":[8,8,16,18,20],"damage_taken":[{"damage":2,"enemies":"2 Louse","floor":1,"turns":3},{"damage":1,"enemies":"Cultist","floor":2,"turns":3},{"damage":7,"enemies":"Small Slimes","floor":4,"turns":3},{"damage":38,"enemies":"Lagavulin","floor":6,"turns":8},{"damage":32,"enemies":"Gremlin Nob","floor":8,"turns":4},{"damage":4,"enemies":"3 Sentries","floor":10,"turns":9},{"damage":1,"enemies":"Red Slaver","floor":11,"turns":3},{"damage":0,"enemies":"Exordium Wildlife","floor":14,"turns":4},{"damage":3,"enemies":"Hexaghost","floor":16,"turns":9},{"damage":16,"enemies":"3 Byrds","floor":18,"turns":6},{"damage":0,"enemies":"Shell Parasite","floor":19,"turns":5},{"damage":50,"enemies":"Masked Bandits","floor":20,"turns":3}],"seed_played":"1328349210547370693","potions_obtained":[{"floor":2,"key":"Fire Potion"},{"floor":4,"key":"Ancient Potion"},{"floor":6,"key":"AttackPotion"},{"floor":16,"key":"SkillPotion"},{"floor":18,"key":"Block Potion"}],"is_trial":false,"path_per_floor":["M","M","?","M","?","E","R","E","T","E","M","$","?","M","R","B",null,"M","M","?"],"character_chosen":"DEFECT","items_purchased":["White Noise","Steam","Bag of Preparation"],"campfire_rested":2,"item_purchase_floors":[12,12,12],"current_hp_per_floor":[66,65,65,58,58,20,42,10,10,6,5,5,5,5,27,24,62,46,46,0],"gold":164,"neow_bonus":"UPGRADE_CARD","is_prod":false,"is_daily":false,"chose_seed":false,"campfire_upgraded":0,"win_rate":0,"timestamp":1555436334,"path_taken":["M","M","?","M","?","E","R","E","T","E","?","$","?","M","R","BOSS","M","M","?"],"build_version":"2019-01-23","purchased_purges":0,"victory":false,"max_hp_per_floor":[75,75,75,75,75,75,75,75,75,75,75,75,75,75,75,75,75,75,75,75],"card_choices":[{"not_picked":["Stack","Rebound"],"picked":"Gash","floor":1},{"not_picked":["Barrage","Heatsinks"],"picked":"Auto Shields","floor":2},{"not_picked":["Redo","Skim"],"picked":"Streamline","floor":4},{"not_picked":["Hello World","Blizzard"],"picked":"Conserve Battery","floor":6},{"not_picked":["Scrape","Rainbow"],"picked":"Cold Snap","floor":8},{"not_picked":["Rebound","Turbo"],"picked":"White Noise","floor":10},{"not_picked":["Beam Cell","Compile Driver"],"picked":"Cold Snap","floor":11},{"not_picked":["Scrape","Beam Cell"],"picked":"Storm","floor":14},{"not_picked":["Meteor Strike","Reboot"],"picked":"Seek","floor":16},{"not_picked":["Stack","Undo"],"picked":"Steam","floor":18},{"not_picked":["Leap","Rip and Tear"],"picked":"Reinforced Body","floor":19}],"player_experience":588074,"relics_obtained":[{"floor":6,"key":"Torii"},{"floor":8,"key":"Orichalcum"},{"floor":9,"key":"Matryoshka"},{"floor":10,"key":"Unceasing Top"}],"event_choices":[{"cards_removed":["Strike_B"],"damage_healed":0,"gold_gain":0,"player_choice":"Card Removal","damage_taken":0,"max_hp_gain":0,"max_hp_loss":0,"event_name":"The Cleric","floor":3,"gold_loss":50},{"cards_removed":["Strike_B"],"damage_healed":0,"gold_gain":0,"player_choice":"Offered Basic","damage_taken":0,"max_hp_gain":0,"max_hp_loss":0,"event_name":"Bonfire Elementals","floor":5,"gold_loss":0},{"damage_healed":0,"gold_gain":0,"player_choice":"2 cards matched","damage_taken":0,"max_hp_gain":0,"max_hp_loss":0,"event_name":"Match and Keep!","floor":13,"gold_loss":0,"cards_obtained":["FTL","Amplify"]},{"damage_healed":0,"gold_gain":0,"player_choice":"Fought Bandits","damage_taken":0,"max_hp_gain":0,"max_hp_loss":0,"event_name":"Masked Bandits","floor":20,"gold_loss":0}],"is_beta":false,"boss_relics":[{"not_picked":["Astrolabe","FrozenCore"],"picked":"Eternal Feather"}],"items_purged_floors":[],"is_endless":false,"potions_floor_spawned":[2,4,6,16,18],"killed_by":"Masked Bandits","ascension_level":9}