{"gold_per_floor":[115,115,115,32,51,51,95,113,189,207,207,242,258,298,298,298],"floor_reached":16,"playtime":400,"items_purged":[],"score":290,"play_id":"a8a4370f-070a-4880-8b87-6de4360f411c","local_time":"20190414175103","is_ascension_mode":true,"campfire_choices":[{"data":"Bash","floor":6,"key":"SMITH"},{"data":"Body Slam","floor":15,"key":"SMITH"}],"neow_cost":"NONE","seed_source_timestamp":1936256556869,"circlet_count":0,"master_deck":["AscendersBane","Strike_R","Strike_R+1","Strike_R+1","Strike_R","Defend_R","Defend_R","Defend_R","Defend_R","Bash+1","Shrug It Off","Pommel Strike","Shrug It Off","Shrug It Off","Pommel Strike","Pommel Strike","Feed","Body Slam+1","Metallicize+1"],"relics":["Burning Blood","NeowsBlessing","Frozen Egg 2","Golden Idol","Anchor","Kunai","Torii","Whetstone"],"potions_floor_usage":[12,12],"damage_taken":[{"damage":0,"enemies":"Cultist","floor":1,"turns":1},{"damage":0,"enemies":"2 Louse","floor":5,"turns":1},{"damage":0,"enemies":"3 Sentries","floor":7,"turns":1},{"damage":0,"enemies":"Jaw Worm","floor":8,"turns":3},{"damage":33,"enemies":"Gremlin Gang","floor":10,"turns":8},{"damage":36,"enemies":"Lagavulin","floor":12,"turns":6},{"damage":0,"enemies":"3 Louse","floor":13,"turns":5},{"damage":19,"enemies":"3 Sentries","floor":14,"turns":11},{"damage":34,"enemies":"Slime Boss","floor":16,"turns":5}],"seed_played":"-765694677165825918","potions_obtained":[{"floor":1,"key":"Regen Potion"},{"floor":8,"key":"Poison Potion"}],"is_trial":false,"path_per_floor":["M","T","?","$","M","R","E","M","T","M","?","E","M","E","R","B"],"character_chosen":"IRONCLAD","items_purchased":["Pommel Strike","Shrug It Off"],"campfire_rested":0,"item_purchase_floors":[4,4],"current_hp_per_floor":[74,74,68,68,68,68,68,68,68,41,34,22,31,21,21,0],"gold":298,"neow_bonus":"THREE_ENEMY_KILL","is_prod":false,"is_daily":false,"chose_seed":false,"campfire_upgraded":2,"win_rate":0,"timestamp":1555257063,"path_taken":["M","?","?","$","M","R","E","M","T","M","?","E","M","E","R","BOSS"],"build_version":"2019-01-23","purchased_purges":0,"victory":false,"max_hp_per_floor":[75,75,68,68,68,68,68,68,68,68,68,71,74,77,77,77],"card_choices":[{"not_picked":["Dropkick","Cleave"],"picked":"Shrug It Off","floor":1},{"not_picked":["Fire Breathing+1","Havoc"],"picked":"Shrug It Off","floor":5},{"not_picked":["Clash","Armaments"],"picked":"Pommel Strike","floor":7},{"not_picked":["Headbutt","Flex"],"picked":"Pommel Strike","floor":8},{"not_picked":["Headbutt","Clothesline"],"picked":"Feed","floor":10},{"not_picked":["Dual Wield","Anger"],"picked":"Body Slam","floor":12},{"not_picked":["True Grit","Feel No Pain+1"],"picked":"Metallicize+1","floor":13},{"not_picked":["Reckless Charge","Twin Strike","Dropkick"],"picked":"SKIP","floor":14}],"player_experience":1598238,"relics_obtained":[{"floor":2,"key":"Frozen Egg 2"},{"floor":7,"key":"Anchor"},{"floor":9,"key":"Kunai"},{"floor":12,"key":"Torii"},{"floor":14,"key":"Whetstone"}],"event_choices":[{"damage_healed":0,"gold_gain":0,"player_choice":"Lose Max HP","damage_taken":0,"relics_obtained":["Golden Idol"],"max_hp_gain":0,"max_hp_loss":7,"event_name":"Golden Idol","floor":3,"gold_loss":0},{"cards_removed":["Strike_R"],"damage_healed":0,"gold_gain":0,"player_choice":"Card Removal","damage_taken":7,"max_hp_gain":0,"max_hp_loss":0,"event_name":"Golden Wing","floor":11,"gold_loss":0}],"is_beta":false,"boss_relics":[],"items_purged_floors":[],"is_endless":false,"potions_floor_spawned":[1,8,10],"killed_by":"Slime Boss","ascension_level":20}