{"gold_per_floor":[109,129,204,19,194,194,208,224,280,280,310,310,336,354,354,455,455,473,473,214,214,201,236,236,253,253,253],"floor_reached":27,"playtime":1016,"items_purged":["Doubt"],"score":241,"play_id":"ab3b2ebb-dd03-496e-b53f-32e4c5bb7153","local_time":"20190927002752","is_ascension_mode":false,"campfire_choices":[{"data":"Apotheosis","floor":6,"key":"SMITH"},{"data":"Blizzard","floor":10,"key":"SMITH"},{"data":"White Noise","floor":12,"key":"SMITH"},{"data":"Glacier","floor":15,"key":"SMITH"},{"data":"Creative AI","floor":24,"key":"SMITH"}],"neow_cost":"NONE","seed_source_timestamp":415802067003500,"circlet_count":0,"master_deck":["Strike_B","Strike_B","Strike_B","Strike_B","Defend_B","Defend_B","Defend_B","Defend_B","Zap","Dualcast","Glacier+1","Self Repair","Apotheosis+1","Loop","Blizzard+1","White Noise+1","Conserve Battery","Loop","Machine Learning","Streamline","Storm","Blizzard","Consume","Cold Snap","Cold Snap","Creative AI+1","Cold Snap+1"],"relics":["Eternal Feather","Tiny Chest","Omamori","Pear","Inserter","MutagenicStrength","Bottled Tornado","Turnip"],"potions_floor_usage":[11,16,27],"damage_taken":[{"damage":8,"enemies":"2 Louse","floor":1,"turns":2},{"damage":0,"enemies":"Small Slimes","floor":2,"turns":4},{"damage":0,"enemies":"Cultist","floor":7,"turns":4},{"damage":4,"enemies":"Large Slime","floor":8,"turns":10},{"damage":26,"enemies":"Lagavulin","floor":11,"turns":7},{"damage":25,"enemies":"3 Sentries","floor":13,"turns":10},{"damage":11,"enemies":"Red Slaver","floor":14,"turns":6},{"damage":27,"enemies":"Slime Boss","floor":16,"turns":8},{"damage":34,"enemies":"Chosen","floor":18,"turns":9},{"damage":20,"enemies":"2 Thieves","floor":22,"turns":4},{"damage":17,"enemies":"Book of Stabbing","floor":23,"turns":7},{"damage":35,"enemies":"Centurion and Healer","floor":25,"turns":8},{"damage":11,"enemies":"Gremlin Leader","floor":27,"turns":1}],"seed_played":"-9011802986581357445","potions_obtained":[{"floor":2,"key":"Poison Potion"},{"floor":7,"key":"LiquidBronze"},{"floor":11,"key":"Regen Potion"},{"floor":18,"key":"Energy Potion"},{"floor":23,"key":"Dexterity Potion"}],"is_trial":false,"path_per_floor":["M","M","?","$","?","R","M","M","T","R","E","R","E","M","R","B",null,"M","?","$","?","M","E","R","M","T","E"],"character_chosen":"DEFECT","items_purchased":["Apotheosis","Storm","Blizzard","Consume"],"campfire_rested":0,"item_purchase_floors":[4,20,20,20],"current_hp_per_floor":[67,67,56,56,56,62,72,75,75,75,56,65,60,49,58,55,85,61,61,61,61,41,31,46,11,11,0],"gold":253,"neow_bonus":"BOSS_RELIC","is_prod":false,"is_daily":false,"chose_seed":false,"campfire_upgraded":5,"win_rate":0,"timestamp":1569515272,"path_taken":["M","M","?","$","?","R","M","M","T","R","E","R","E","M","R","BOSS","M","?","$","?","M","E","R","M","T","E"],"build_version":"2019-07-17","purchased_purges":1,"victory":false,"max_hp_per_floor":[75,75,75,75,75,75,75,75,75,75,75,75,85,85,85,85,85,85,85,85,85,85,85,85,85,85,85],"card_choices":[{"not_picked":["Stack","Turbo"],"picked":"Glacier","floor":1},{"not_picked":["Turbo","Compile Driver"],"picked":"Self Repair","floor":2},{"not_picked":["Self Repair","Sweeping Beam"],"picked":"Loop","floor":7},{"not_picked":["Barrage","Doom and Gloom"],"picked":"Blizzard","floor":8},{"not_picked":["Double Energy","Steam Power"],"picked":"White Noise","floor":11},{"not_picked":["Turbo","Auto Shields"],"picked":"Conserve Battery","floor":13},{"not_picked":["Melter","Steam"],"picked":"Loop","floor":14},{"not_picked":["Hyperbeam","Multi-Cast"],"picked":"Machine Learning","floor":16},{"not_picked":["Go for the Eyes","Beam Cell"],"picked":"Streamline","floor":18},{"not_picked":["Rebound+1","Compile Driver+1"],"picked":"Cold Snap","floor":22},{"not_picked":["Defragment+1","Rip and Tear+1"],"picked":"Creative AI","floor":23},{"not_picked":["Coolheaded","Compile Driver"],"picked":"Cold Snap+1","floor":25}],"player_experience":225871,"relics_obtained":[{"floor":9,"key":"Tiny Chest"},{"floor":11,"key":"Omamori"},{"floor":13,"key":"Pear"},{"floor":23,"key":"Bottled Tornado"},{"floor":26,"key":"Turnip"}],"event_choices":[{"damage_healed":0,"gold_gain":75,"player_choice":"Gather Gold","damage_taken":11,"max_hp_gain":0,"max_hp_loss":0,"event_name":"World of Goop","floor":3,"gold_loss":0},{"damage_healed":0,"gold_gain":175,"player_choice":"AGREE","damage_taken":0,"max_hp_gain":0,"max_hp_loss":0,"event_name":"Liars Game","floor":5,"gold_loss":0,"cards_obtained":["Doubt"]},{"damage_healed":0,"gold_gain":0,"player_choice":"Inject Mutagens","damage_taken":0,"relics_obtained":["MutagenicStrength"],"max_hp_gain":0,"max_hp_loss":0,"event_name":"Drug Dealer","floor":19,"gold_loss":0},{"damage_healed":0,"gold_gain":0,"player_choice":"Read","damage_taken":0,"max_hp_gain":0,"max_hp_loss":0,"event_name":"The Library","floor":21,"gold_loss":0,"cards_obtained":["Cold Snap"]}],"is_beta":false,"boss_relics":[{"not_picked":["Coffee Dripper","Fusion Hammer"],"picked":"Inserter"}],"items_purged_floors":[20],"is_endless":false,"potions_floor_spawned":[2,7,11,18,23],"killed_by":"Gremlin Leader","ascension_level":0}