{"gold_per_floor":[111,111,36,49,10,10,41,57,57,87,87,87,121,135,135,210,210,226,13,13,31,31],"floor_reached":22,"playtime":483,"items_purged":[],"score":454,"play_id":"0617ebe5-0f10-45b2-bbca-be7d0f537fe0","local_time":"20190902163620","is_ascension_mode":true,"campfire_choices":[{"data":"Bash","floor":6,"key":"SMITH"},{"data":"Spot Weakness","floor":11,"key":"SMITH"},{"data":"Whirlwind","floor":15,"key":"SMITH"}],"neow_cost":"NONE","seed_source_timestamp":115506851346223,"circlet_count":0,"master_deck":["AscendersBane","Strike_R","Strike_R","Strike_R","Defend_R","Defend_R","Defend_R","Defend_R","Bash+1","Thunderclap","Clothesline","Combust","Pommel Strike","Spot Weakness+1","Shockwave","Whirlwind+1","Limit Break","Anger","Corruption","True Grit","Demon Form","Armaments","Corruption+1","Feed","Seeing Red"],"relics":["Burning Blood","NeowsBlessing","Mercury Hourglass","Shuriken","Pen Nib","Champion Belt","Orrery","Pantograph"],"potions_floor_usage":[16,22],"damage_taken":[{"damage":0,"enemies":"Jaw Worm","floor":1,"turns":1},{"damage":0,"enemies":"Small Slimes","floor":4,"turns":1},{"damage":0,"enemies":"Gremlin Nob","floor":7,"turns":1},{"damage":6,"enemies":"2 Louse","floor":8,"turns":2},{"damage":38,"enemies":"Lagavulin","floor":10,"turns":5},{"damage":27,"enemies":"3 Sentries","floor":13,"turns":4},{"damage":6,"enemies":"Red Slaver","floor":14,"turns":3},{"damage":24,"enemies":"The Guardian","floor":16,"turns":8},{"damage":24,"enemies":"3 Byrds","floor":18,"turns":4},{"damage":20,"enemies":"Chosen","floor":21,"turns":4},{"damage":31,"enemies":"Masked Bandits","floor":22,"turns":2}],"seed_played":"-9002692329127773160","potions_obtained":[{"floor":4,"key":"SteroidPotion"},{"floor":8,"key":"Weak Potion"}],"is_trial":false,"path_per_floor":["M","?","?","M","$","R","E","M","T","E","R","?","E","M","R","B",null,"M","$","T","M","?"],"character_chosen":"IRONCLAD","items_purchased":["Combust","Feed","SteroidPotion"],"campfire_rested":0,"item_purchase_floors":[5,19,19],"current_hp_per_floor":[74,79,79,80,80,80,80,80,80,48,48,48,27,27,27,9,62,44,44,44,30,0],"gold":31,"neow_bonus":"THREE_ENEMY_KILL","is_prod":false,"is_daily":false,"chose_seed":false,"campfire_upgraded":3,"win_rate":0,"timestamp":1567434980,"path_taken":["M","?","?","M","?","R","E","M","T","E","R","?","E","?","R","BOSS","M","$","?","?","?"],"build_version":"2019-07-17","purchased_purges":0,"victory":false,"max_hp_per_floor":[75,80,80,80,80,80,80,80,80,80,80,80,80,80,80,80,80,80,80,80,80,80],"card_choices":[{"not_picked":["Wild Strike","Second Wind"],"picked":"Thunderclap","floor":1},{"not_picked":["Iron Wave","Reckless Charge"],"picked":"Clothesline","floor":4},{"not_picked":["Wild Strike","Clothesline","Heavy Blade"],"picked":"SKIP","floor":7},{"not_picked":["Iron Wave","Fire Breathing"],"picked":"Pommel Strike","floor":8},{"not_picked":["Inflame","Bloodletting"],"picked":"Spot Weakness","floor":10},{"not_picked":["Sword Boomerang","Power Through"],"picked":"Shockwave","floor":13},{"not_picked":["Armaments","Pommel Strike"],"picked":"Whirlwind","floor":14},{"not_picked":["Juggernaut","Berserk"],"picked":"Limit Break","floor":16},{"not_picked":["Havoc","Entrench"],"picked":"Anger","floor":17},{"not_picked":["Wild Strike","Havoc"],"picked":"Corruption","floor":17},{"not_picked":["Combust","Clash"],"picked":"True Grit","floor":17},{"not_picked":["Headbutt","Thunderclap"],"picked":"Demon Form","floor":17},{"not_picked":["Rupture","Clash"],"picked":"Armaments","floor":17},{"not_picked":["Bloodletting","Cleave"],"picked":"Corruption+1","floor":18},{"not_picked":["Perfected Strike","Headbutt+1"],"picked":"Seeing Red","floor":21}],"player_experience":1998568,"relics_obtained":[{"floor":7,"key":"Mercury Hourglass"},{"floor":9,"key":"Shuriken"},{"floor":10,"key":"Pen Nib"},{"floor":13,"key":"Champion Belt"},{"floor":20,"key":"Pantograph"}],"event_choices":[{"damage_healed":0,"gold_gain":0,"player_choice":"Donut","damage_taken":0,"max_hp_gain":5,"max_hp_loss":0,"event_name":"Big Fish","floor":2,"gold_loss":0},{"cards_removed":["Strike_R"],"damage_healed":0,"gold_gain":0,"player_choice":"Card Removal","damage_taken":0,"max_hp_gain":0,"max_hp_loss":0,"event_name":"The Cleric","floor":3,"gold_loss":75},{"cards_removed":["Strike_R"],"damage_healed":0,"gold_gain":0,"player_choice":"Purged","damage_taken":0,"max_hp_gain":0,"max_hp_loss":0,"event_name":"Purifier","floor":12,"gold_loss":0},{"damage_healed":0,"gold_gain":0,"player_choice":"Fought Bandits","damage_taken":0,"max_hp_gain":0,"max_hp_loss":0,"event_name":"Masked Bandits","floor":22,"gold_loss":0}],"is_beta":false,"boss_relics":[{"not_picked":["Runic Dome","Mark of Pain"],"picked":"Orrery"}],"items_purged_floors":[],"is_endless":false,"potions_floor_spawned":[4,8,13],"killed_by":"Masked Bandits","ascension_level":20}