{"gold_per_floor":[110,110,123,138,18,46,46,73,99,99],"floor_reached":10,"playtime":335,"items_purged":[],"score":152,"play_id":"a9843984-f6ab-4639-afaf-8cded4e8c657","local_time":"20190915192140","is_ascension_mode":true,"campfire_choices":[{"data":"Catalyst","floor":7,"key":"SMITH"}],"neow_cost":"TEN_PERCENT_HP_LOSS","seed_source_timestamp":9969490344441,"circlet_count":0,"master_deck":["AscendersBane","Strike_G","Strike_G","Strike_G","Strike_G","Strike_G","Defend_G","Defend_G","Defend_G","Defend_G","Defend_G","Survivor","Neutralize","Corpse Explosion","Dagger Spray","Deadly Poison","Dagger Spray","Catalyst+1","Noxious Fumes","Catalyst","Poisoned Stab","Deflect"],"relics":["Ring of the Snake","Ancient Tea Set","Snake Skull","InkBottle"],"potions_floor_usage":[10],"damage_taken":[{"damage":6,"enemies":"Small Slimes","floor":1,"turns":6},{"damage":0,"enemies":"Cultist","floor":3,"turns":3},{"damage":0,"enemies":"2 Louse","floor":4,"turns":2},{"damage":17,"enemies":"3 Sentries","floor":6,"turns":4},{"damage":28,"enemies":"Gremlin Nob","floor":8,"turns":4},{"damage":15,"enemies":"3 Sentries","floor":10,"turns":4}],"seed_played":"1100382854939928963","potions_obtained":[{"floor":1,"key":"SpeedPotion"}],"is_trial":false,"path_per_floor":["M","?","M","M","$","E","R","E","T","E"],"character_chosen":"THE_SILENT","items_purchased":["Noxious Fumes","Catalyst"],"campfire_rested":0,"item_purchase_floors":[5,5],"current_hp_per_floor":[53,53,53,53,53,36,36,8,8,0],"gold":99,"neow_bonus":"THREE_RARE_CARDS","is_prod":false,"is_daily":false,"chose_seed":false,"campfire_upgraded":1,"win_rate":0,"timestamp":1568568100,"path_taken":["M","?","M","?","$","E","R","E","T","E"],"build_version":"2019-09-12","purchased_purges":0,"victory":false,"max_hp_per_floor":[60,60,60,60,60,60,60,60,60,60],"card_choices":[{"not_picked":["Bullet Time","Wraith Form v2"],"picked":"Corpse Explosion","floor":0},{"not_picked":["Concentrate","Deflect"],"picked":"Dagger Spray","floor":1},{"not_picked":["Deflect","Dagger Throw"],"picked":"Dagger Spray","floor":3},{"not_picked":["Endless Agony","Tactician"],"picked":"Catalyst","floor":4},{"not_picked":["Noxious Fumes","Escape Plan"],"picked":"Poisoned Stab","floor":6},{"not_picked":["Tactician","Storm of Steel"],"picked":"Deflect","floor":8}],"player_experience":2050651,"relics_obtained":[{"floor":6,"key":"Ancient Tea Set"},{"floor":8,"key":"Snake Skull"},{"floor":9,"key":"InkBottle"}],"event_choices":[{"damage_healed":0,"gold_gain":0,"player_choice":"1 cards matched","damage_taken":0,"max_hp_gain":0,"max_hp_loss":0,"event_name":"Match and Keep!","floor":2,"gold_loss":0,"cards_obtained":["Deadly Poison"]}],"is_beta":true,"boss_relics":[],"items_purged_floors":[],"is_endless":false,"potions_floor_spawned":[1],"killed_by":"3 Sentries","ascension_level":20}