{"gold_per_floor":[115,131,131,149,209,209,134,170,170,209,229,243,243,286,286,381,381,381],"floor_reached":18,"playtime":630,"items_purged":["Strike_R"],"score":360,"play_id":"bd663080-a0bb-4fc5-a46b-f56ebedb944c","local_time":"20190126233750","is_ascension_mode":true,"campfire_choices":[{"data":"Carnage","floor":6.0,"key":"SMITH"},{"data":"Armaments","floor":13.0,"key":"SMITH"},{"data":"Anger","floor":15.0,"key":"SMITH"}],"neow_cost":"NONE","seed_source_timestamp":0,"circlet_count":0,"master_deck":["AscendersBane","Strike_R","Strike_R","Strike_R","Strike_R","Defend_R","Defend_R","Defend_R","Defend_R","Bash","Juggernaut","Anger+1","Carnage+1","Battle Trance","Armaments+1","Body Slam","Impervious"],"special_seed":0,"relics":["Burning Blood","Golden Idol","hubris:Reverence","Vajra","Smiling Mask","hubris:BlackHole"],"potions_floor_usage":[18],"damage_taken":[{"damage":21.0,"enemies":"Small Slimes","floor":1.0,"turns":5.0},{"damage":7.0,"enemies":"Jaw Worm","floor":2.0,"turns":3.0},{"damage":2.0,"enemies":"Cultist","floor":4.0,"turns":4.0},{"damage":40.0,"enemies":"3 Sentries","floor":8.0,"turns":8.0},{"damage":8.0,"enemies":"Gremlin Nob","floor":10.0,"turns":3.0},{"damage":3.0,"enemies":"3 Louse","floor":11.0,"turns":4.0},{"damage":1.0,"enemies":"Looter","floor":12.0,"turns":2.0},{"damage":17.0,"enemies":"Lagavulin","floor":14.0,"turns":5.0},{"damage":9.0,"enemies":"Slime Boss","floor":16.0,"turns":8.0},{"damage":13,"enemies":"3 Byrds","floor":18,"turns":3}],"seed_played":"8094378151410453290","potions_obtained":[{"floor":1.0,"key":"BloodPotion"},{"floor":4.0,"key":"Poison Potion"},{"floor":12.0,"key":"SteroidPotion"}],"is_trial":false,"path_per_floor":["M","M","?","M","?","R","$","E","T","E","M","M","R","E","R","B",null,"M"],"character_chosen":"IRONCLAD","items_purchased":[],"campfire_rested":0,"item_purchase_floors":[],"current_hp_per_floor":[53,52,52,56,56,56,56,22,22,20,23,28,28,17,17,20,56,43],"gold":381,"neow_bonus":"ONE_RANDOM_RARE_CARD","is_prod":false,"is_daily":false,"chose_seed":false,"campfire_upgraded":3,"win_rate":0,"timestamp":1548542270,"path_taken":["M","M","?","M","?","R","$","E","T","E","?","M","R","E","R","BOSS","M"],"build_version":"2019-01-23","purchased_purges":1,"victory":false,"max_hp_per_floor":[75,75,68,68,68,68,68,68,68,68,68,68,68,68,68,68,68,68],"card_choices":[{"not_picked":["Inflame","Clash"],"picked":"Anger","floor":1.0},{"not_picked":["Thunderclap","Warcry","Clothesline"],"picked":"SKIP","floor":2.0},{"not_picked":["Thunderclap","Warcry"],"picked":"Carnage","floor":4.0},{"not_picked":["Carnage","Iron Wave"],"picked":"Battle Trance","floor":8.0},{"not_picked":["Sword Boomerang","Blood for Blood"],"picked":"Armaments","floor":10.0},{"not_picked":["Barricade","Cleave","Twin Strike"],"picked":"SKIP","floor":11.0},{"not_picked":["Infernal Blade","Flex"],"picked":"Body Slam","floor":12.0},{"not_picked":["Combust","Hemokinesis","Sentinel"],"picked":"SKIP","floor":14.0},{"not_picked":["Double Tap","Offering"],"picked":"Impervious","floor":16.0}],"player_experience":1168196,"relics_obtained":[{"floor":9.0,"key":"hubris:Reverence"},{"floor":10.0,"key":"Vajra"},{"floor":14.0,"key":"Smiling Mask"}],"event_choices":[{"damage_healed":0.0,"max_hp_gain":0.0,"max_hp_loss":7.0,"gold_gain":0.0,"event_name":"Golden Idol","player_choice":"Lose Max HP","floor":3.0,"gold_loss":0.0,"damage_taken":0.0,"relics_obtained":["Golden Idol"]},{"damage_healed":0.0,"max_hp_gain":0.0,"max_hp_loss":0.0,"gold_gain":60.0,"event_name":"Golden Wing","player_choice":"Gained Gold","floor":5.0,"gold_loss":0.0,"damage_taken":0.0}],"is_beta":false,"boss_relics":[{"not_picked":["Runic Cube","Tiny House"],"picked":"hubris:BlackHole"}],"items_purged_floors":[7],"is_endless":false,"potions_floor_spawned":[1,4,12,14],"killed_by":"3 Byrds","ascension_level":20}