{"gold_per_floor":[110,24,24,48,72,72,107,107,107,107,131,151,176,207,207,338,338,353,353,369,108,108],"floor_reached":22,"playtime":706,"items_purged":["Strike_R","Injury"],"score":310,"play_id":"d4318742-9836-4adb-8222-71ab289b1052","local_time":"20180930215120","is_ascension_mode":true,"campfire_choices":[{"data":"Whirlwind","floor":6,"key":"SMITH"},{"data":"Uppercut","floor":8,"key":"SMITH"},{"data":"Bash","floor":15,"key":"SMITH"}],"neow_cost":"NONE","seed_source_timestamp":49061491705768,"circlet_count":0,"master_deck":["Strike_R","Strike_R","Strike_R","Strike_R","Defend_R","Defend_R","Defend_R","Defend_R","Bash+1","AscendersBane","Uppercut+1","Whirlwind+1","Thunderclap","Sword Boomerang","Clash","Shrug It Off","Iron Wave","Reaper","Inflame","Flex+1","Spot Weakness+1","Good Instincts+1"],"relics":["Burning Blood","Smiling Mask","Golden Idol","Vajra","Paper Frog","Turnip","Toxic Egg 2","Eternal Feather","Enchiridion"],"potions_floor_usage":[7],"damage_taken":[{"damage":16,"enemies":"Jaw Worm","floor":1,"turns":4},{"damage":7,"enemies":"Small Slimes","floor":4,"turns":4},{"damage":15,"enemies":"3 Sentries","floor":7,"turns":4},{"damage":0,"enemies":"Cultist","floor":11,"turns":2},{"damage":0,"enemies":"Exordium Thugs","floor":12,"turns":3},{"damage":9,"enemies":"Blue Slaver","floor":13,"turns":2},{"damage":12,"enemies":"Gremlin Nob","floor":14,"turns":3},{"damage":43,"enemies":"The Guardian","floor":16,"turns":11},{"damage":13,"enemies":"3 Byrds","floor":18,"turns":5},{"damage":31,"enemies":"Spheric Guardian","floor":20,"turns":5},{"damage":40,"enemies":"Centurion and Healer","floor":22,"turns":5}],"seed_played":"100029040953834473","potions_obtained":[{"floor":4,"key":"Explosive Potion"},{"floor":11,"key":"Energy Potion"},{"floor":16,"key":"Ancient Potion"}],"is_trial":false,"path_per_floor":["M","$","?","M","T","R","E","R","T","?","M","M","M","E","R","B",null,"M","?","M","$"],"character_chosen":"IRONCLAD","items_purchased":["Whirlwind","Flex+1","Spot Weakness+1","Good Instincts+1"],"campfire_rested":0,"item_purchase_floors":[2,21,21,21],"current_hp_per_floor":[62,62,62,61,61,61,52,52,52,57,63,69,66,60,60,23,70,69,53,35,35,0],"gold":108,"neow_bonus":"RANDOM_COMMON_RELIC","is_prod":false,"is_daily":false,"chose_seed":false,"campfire_upgraded":3,"win_rate":0,"timestamp":1538337080,"path_taken":["M","$","?","?","?","R","E","R","T","?","?","M","M","E","R","BOSS","M","?","M","$","M"],"build_version":"2018-09-27","purchased_purges":2,"victory":false,"max_hp_per_floor":[80,80,80,80,80,80,80,80,80,85,85,85,85,85,85,85,85,85,85,85,85,85],"card_choices":[{"not_picked":["True Grit","Second Wind"],"picked":"Uppercut","floor":1},{"not_picked":["True Grit","Hemokinesis"],"picked":"Thunderclap","floor":4},{"not_picked":["Pommel Strike","Clothesline"],"picked":"Sword Boomerang","floor":7},{"not_picked":["Warcry","Corruption","Entrench"],"picked":"SKIP","floor":11},{"not_picked":["Wild Strike","Entrench"],"picked":"Clash","floor":12},{"not_picked":["Fiend Fire","Cleave"],"picked":"Shrug It Off","floor":13},{"not_picked":["Corruption","Wild Strike"],"picked":"Iron Wave","floor":14},{"not_picked":["Barricade","Fiend Fire"],"picked":"Reaper","floor":16},{"not_picked":["Heavy Blade","Headbutt"],"picked":"Inflame","floor":18},{"not_picked":["Anger","Perfected Strike","Fire Breathing"],"picked":"SKIP","floor":20}],"player_experience":564869,"relics_obtained":[{"floor":5,"key":"Vajra"},{"floor":7,"key":"Paper Frog"},{"floor":9,"key":"Turnip"},{"floor":14,"key":"Toxic Egg 2"},{"floor":19,"key":"Enchiridion"}],"event_choices":[{"event_name":"Golden Idol","player_choice":"Take Wound","floor":3,"damage_taken":0},{"event_name":"Big Fish","player_choice":"Donut","floor":10,"damage_taken":0},{"event_name":"Cursed Tome","player_choice":"Obtained Book","floor":19,"damage_taken":0}],"is_beta":true,"boss_relics":[{"not_picked":["White Beast Statue","Lizard Tail"],"picked":"Eternal Feather"}],"items_purged_floors":[2,21],"is_endless":false,"potions_floor_spawned":[4,11,16],"killed_by":"Centurion and Healer","ascension_level":12}