{"gold_per_floor":[363,62,74,93,112,112,112,141,141,141,153,188,198,18,18,95,95,108,158,174,98,98,133,149,149,149,149,178,178,195,228,228,305,305,321,421,438,449,469,499,499,534,604,604,621,647,647,673,673,673],"floor_reached":50,"playtime":2490,"items_purged":["Strike_G","Strike_G"],"score":1410,"play_id":"d18befe1-cef1-45ec-8c9c-1f40112f31b5","local_time":"20190413221341","is_ascension_mode":true,"campfire_choices":[{"data":"Neutralize","floor":6.0,"key":"SMITH"},{"data":"Noxious Fumes","floor":10.0,"key":"SMITH"},{"floor":15.0,"key":"REST"},{"floor":25.0,"key":"REST"},{"data":"Catalyst","floor":27.0,"key":"SMITH"},{"floor":32.0,"key":"REST"},{"data":"Footwork","floor":41.0,"key":"SMITH"},{"floor":44.0,"key":"REST"},{"floor":47.0,"key":"REST"},{"floor":49.0,"key":"RECALL"}],"neow_cost":"TEN_PERCENT_HP_LOSS","seed_source_timestamp":0,"circlet_count":0,"master_deck":["AscendersBane","Defend_G+1","Defend_G+1","Defend_G+1","Defend_G+1","Defend_G+1","Strike_G+1","Strike_G+1","Strike_G+1","Survivor","Neutralize+1","Bouncing Flask","PiercingWail","Predator","Deadly Poison+1","Noxious Fumes+1","Quick Slash","Dodge and Roll","Escape Plan","Crippling Poison","Catalyst+1","Backflip","Cloak And Dagger+1","Catalyst","Calculated Gamble","Noxious Fumes","Expertise","Burst","Crippling Poison+1","Footwork+1","Catalyst+1"],"special_seed":0,"relics":["Ring of the Snake","Strawberry","Bottled Tornado","War Paint","Ice Cream","Philosopher\u0027s Stone","Sundial","Mango","Mercury Hourglass","WingedGreaves","Snecko Eye","The Specimen","Happy Flower","Singing Bowl","Art of War","Question Card"],"potions_floor_usage":[50,50],"damage_taken":[{"damage":12.0,"enemies":"Small Slimes","floor":1.0,"turns":6.0},{"damage":0.0,"enemies":"2 Louse","floor":3.0,"turns":2.0},{"damage":0.0,"enemies":"Cultist","floor":4.0,"turns":3.0},{"damage":0.0,"enemies":"3 Louse","floor":5.0,"turns":4.0},{"damage":7.0,"enemies":"Gremlin Nob","floor":8.0,"turns":4.0},{"damage":0.0,"enemies":"Exordium Wildlife","floor":11.0,"turns":3.0},{"damage":18.0,"enemies":"3 Sentries","floor":12.0,"turns":5.0},{"damage":0.0,"enemies":"2 Fungi Beasts","floor":13.0,"turns":4.0},{"damage":6.0,"enemies":"Hexaghost","floor":16.0,"turns":7.0},{"damage":0.0,"enemies":"Spheric Guardian","floor":18.0,"turns":3.0},{"damage":14.0,"enemies":"Shell Parasite","floor":20.0,"turns":6.0},{"damage":36.0,"enemies":"Slavers","floor":23.0,"turns":6.0},{"damage":0.0,"enemies":"Snake Plant","floor":24.0,"turns":3.0},{"damage":11.0,"enemies":"Book of Stabbing","floor":28.0,"turns":5.0},{"damage":13.0,"enemies":"Shelled Parasite and Fungi","floor":30.0,"turns":4.0},{"damage":12.0,"enemies":"Gremlin Leader","floor":31.0,"turns":5.0},{"damage":10.0,"enemies":"Collector","floor":33.0,"turns":5.0},{"damage":1.0,"enemies":"3 Darklings","floor":35.0,"turns":4.0},{"damage":0.0,"enemies":"Mind Bloom Boss Battle","floor":36.0,"turns":4.0},{"damage":2.0,"enemies":"3 Shapes","floor":37.0,"turns":3.0},{"damage":10.0,"enemies":"Transient","floor":38.0,"turns":6.0},{"damage":16.0,"enemies":"Maw","floor":39.0,"turns":4.0},{"damage":0.0,"enemies":"Giant Head","floor":40.0,"turns":4.0},{"damage":25.0,"enemies":"Reptomancer","floor":42.0,"turns":5.0},{"damage":10.0,"enemies":"Writhing Mass","floor":45.0,"turns":3.0},{"damage":18.0,"enemies":"Giant Head","floor":46.0,"turns":6.0},{"damage":21.0,"enemies":"Nemesis","floor":48.0,"turns":5.0},{"damage":34,"enemies":"Awakened One","floor":50,"turns":4}],"seed_played":"-7662570459243572537","potions_obtained":[{"floor":1.0,"key":"GamblersBrew"},{"floor":3.0,"key":"EntropicBrew"},{"floor":18.0,"key":"GhostInAJar"},{"floor":29.0,"key":"Regen Potion"},{"floor":29.0,"key":"AttackPotion"},{"floor":33.0,"key":"LiquidBronze"},{"floor":40.0,"key":"SkillPotion"},{"floor":45.0,"key":"Dexterity Potion"},{"floor":48.0,"key":"Swift Potion"}],"is_trial":false,"path_per_floor":["M","$","M","M","M","R","?","E","T","R","M","E","M","$","R","B",null,"M","?","M","$","?","E","M","R","T","R","E","?","M","E","R","B",null,"M","?","M","M","M","E","R","E","T","R","M","E","R","E","R","B"],"character_chosen":"THE_SILENT","items_purchased":["PiercingWail","Predator","GhostInAJar","Catalyst","Catalyst"],"campfire_rested":5,"item_purchase_floors":[2,2,2,14,21],"current_hp_per_floor":[47,47,47,47,47,47,28,21,21,21,21,3,3,3,23,17,55,55,55,41,41,41,5,5,25,39,39,28,28,15,17,41,31,69,68,68,66,56,40,40,40,17,17,41,33,17,43,22,22,0],"gold":673,"neow_bonus":"TWO_FIFTY_GOLD","is_prod":false,"is_daily":false,"chose_seed":false,"campfire_upgraded":4,"win_rate":0,"timestamp":1555186421,"path_taken":["M","$","M","M","M","R","?","E","T","R","M","E","M","$","R","BOSS","M","?","M","$","?","E","M","R","T","R","E","?","M","E","R","BOSS","M","?","M","M","M","E","R","E","T","R","M","E","R","E","R","BOSS"],"build_version":"2019-01-23","purchased_purges":2,"victory":false,"max_hp_per_floor":[60,60,60,60,60,60,67,67,67,67,67,67,67,67,67,67,67,67,67,67,67,67,67,67,67,81,81,81,81,81,81,81,81,81,81,81,81,81,81,81,81,83,83,83,85,87,87,87,87,87],"card_choices":[{"not_picked":["All Out Attack","Choke"],"picked":"Bouncing Flask","floor":1.0},{"not_picked":["Predator","Blade Dance"],"picked":"Deadly Poison","floor":3.0},{"not_picked":["Finisher","PiercingWail"],"picked":"Noxious Fumes","floor":4.0},{"not_picked":["Dodge and Roll","Masterful Stab"],"picked":"Quick Slash","floor":5.0},{"not_picked":["Poisoned Stab","Blur"],"picked":"Dodge and Roll","floor":8.0},{"not_picked":["Prepared","Blur"],"picked":"Escape Plan","floor":11.0},{"not_picked":["Reflex","Underhanded Strike","Predator"],"picked":"SKIP","floor":12.0},{"not_picked":["Terror","Blade Dance"],"picked":"Crippling Poison","floor":13.0},{"not_picked":["Quick Slash","Blade Dance"],"picked":"Backflip","floor":18.0},{"not_picked":["Deadly Poison","Heel Hook"],"picked":"Cloak And Dagger+1","floor":20.0},{"not_picked":["Quick Slash+1","Sucker Punch"],"picked":"Calculated Gamble","floor":23.0},{"not_picked":["Eviscerate","Deflect","Choke"],"picked":"SKIP","floor":24.0},{"not_picked":["Dodge and Roll","Concentrate"],"picked":"Noxious Fumes","floor":28.0},{"not_picked":["Blur","Crippling Poison"],"picked":"Expertise","floor":30.0},{"not_picked":["Deadly Poison","Backstab","Noxious Fumes"],"picked":"SKIP","floor":31.0},{"not_picked":["Phantasmal Killer","Storm of Steel"],"picked":"Burst","floor":33.0},{"not_picked":["Blade Dance+1","Well Laid Plans"],"picked":"Crippling Poison+1","floor":35.0},{"not_picked":["Cloak And Dagger","Reflex+1","Caltrops"],"picked":"SKIP","floor":37.0},{"not_picked":["Deadly Poison+1","Cloak And Dagger+1","Accuracy"],"picked":"SKIP","floor":38.0},{"not_picked":["Deadly Poison","Quick Slash+1","Flying Knee"],"picked":"SKIP","floor":39.0},{"not_picked":["Well Laid Plans","Backflip"],"picked":"Footwork","floor":40.0},{"not_picked":["A Thousand Cuts","Slice+1","Reflex"],"picked":"Singing Bowl","floor":42.0},{"not_picked":["Bouncing Flask","Outmaneuver","Predator"],"picked":"Singing Bowl","floor":45.0},{"not_picked":["Deadly Poison","Setup","Tools of the Trade"],"picked":"Singing Bowl","floor":46.0},{"not_picked":["Concentrate+1","Deadly Poison"],"picked":"Catalyst+1","floor":48.0}],"player_experience":1594636,"relics_obtained":[{"floor":8.0,"key":"Bottled Tornado"},{"floor":9.0,"key":"War Paint"},{"floor":12.0,"key":"Ice Cream"},{"floor":23.0,"key":"Sundial"},{"floor":26.0,"key":"Mango"},{"floor":28.0,"key":"Mercury Hourglass"},{"floor":31.0,"key":"WingedGreaves"},{"floor":36.0,"key":"The Specimen"},{"floor":40.0,"key":"Happy Flower"},{"floor":42.0,"key":"Singing Bowl"},{"floor":46.0,"key":"Art of War"},{"floor":48.0,"key":"Question Card"}],"event_choices":[{"damage_healed":0.0,"max_hp_gain":0.0,"max_hp_loss":0.0,"gold_gain":0.0,"event_name":"Scrap Ooze","player_choice":"Success","floor":7.0,"gold_loss":0.0,"damage_taken":26.0,"relics_obtained":["Strawberry"]},{"damage_healed":0.0,"max_hp_gain":0.0,"max_hp_loss":0.0,"gold_gain":50.0,"event_name":"Nest","player_choice":"Stole From Cult","floor":19.0,"gold_loss":0.0,"damage_taken":0.0},{"damage_healed":0.0,"max_hp_gain":0.0,"max_hp_loss":0.0,"gold_gain":0.0,"event_name":"Back to Basics","player_choice":"Simplicity","floor":22.0,"gold_loss":0.0,"damage_taken":0.0,"cards_upgraded":["Defend_G","Defend_G","Defend_G","Defend_G","Strike_G","Strike_G","Strike_G"]},{"damage_healed":0.0,"max_hp_gain":0.0,"max_hp_loss":0.0,"gold_gain":0.0,"event_name":"Lab","player_choice":"Got Potions","floor":29.0,"gold_loss":0.0,"damage_taken":0.0},{"damage_healed":0.0,"max_hp_gain":0.0,"max_hp_loss":0.0,"gold_gain":0.0,"event_name":"MindBloom","player_choice":"Fight","floor":36.0,"gold_loss":0.0,"damage_taken":0.0}],"is_beta":false,"boss_relics":[{"not_picked":["Eternal Feather","Busted Crown"],"picked":"Philosopher\u0027s Stone"},{"not_picked":["Runic Pyramid","Cursed Key"],"picked":"Snecko Eye"}],"items_purged_floors":[2,14],"is_endless":false,"potions_floor_spawned":[1,3,5,18,23,30,33,36,38,40,45,48],"killed_by":"Awakened One","ascension_level":20}