{"gold_per_floor":[109,127,127,127,71,96,21,21,44,61,73,73],"floor_reached":12,"playtime":227,"items_purged":[],"score":206,"play_id":"dc4a6c4a-799b-47e4-96f1-8105edf423f0","local_time":"20190919204841","is_ascension_mode":true,"campfire_choices":[{"data":"Cloak And Dagger","floor":8,"key":"SMITH"}],"neow_cost":"NONE","seed_source_timestamp":39528643331184,"circlet_count":0,"master_deck":["AscendersBane","Strike_G","Strike_G","Strike_G","Strike_G","Defend_G","Defend_G","Defend_G","Defend_G","Defend_G","Survivor","Neutralize","Cloak And Dagger+1","Leg Sweep","Quick Slash","Finisher","Dagger Spray","PiercingWail"],"relics":["Ring of the Snake","NeowsBlessing","NlothsMask","Potion Belt"],"potions_floor_usage":[12,12],"damage_taken":[{"damage":0,"enemies":"Cultist","floor":1,"turns":1},{"damage":0,"enemies":"Jaw Worm","floor":2,"turns":1},{"damage":0,"enemies":"Gremlin Nob","floor":6,"turns":1},{"damage":0,"enemies":"Small Slimes","floor":10,"turns":3},{"damage":8,"enemies":"Exordium Wildlife","floor":11,"turns":4},{"damage":52,"enemies":"Lagavulin","floor":12,"turns":10}],"seed_played":"-6068520915908596602","potions_obtained":[{"floor":2,"key":"SkillPotion"},{"floor":10,"key":"SkillPotion"}],"is_trial":false,"path_per_floor":["M","M","?","$","$","E","?","R","T","M","M","E"],"character_chosen":"THE_SILENT","items_purchased":["Quick Slash"],"campfire_rested":0,"item_purchase_floors":[5],"current_hp_per_floor":[59,59,59,59,59,59,59,59,59,59,51,0],"gold":73,"neow_bonus":"THREE_ENEMY_KILL","is_prod":false,"is_daily":false,"chose_seed":false,"campfire_upgraded":1,"win_rate":0,"timestamp":1568918921,"path_taken":["M","?","?","?","$","E","?","R","T","?","M","E"],"build_version":"2019-09-18","purchased_purges":0,"victory":false,"max_hp_per_floor":[66,66,66,66,66,66,66,66,66,66,66,66],"card_choices":[{"not_picked":["Choke","Calculated Gamble"],"picked":"Cloak And Dagger","floor":1},{"not_picked":["Concentrate","Underhanded Strike"],"picked":"Leg Sweep","floor":2},{"not_picked":["Dodge and Roll","Grand Finale"],"picked":"Finisher","floor":6},{"not_picked":["Calculated Gamble","Dagger Throw"],"picked":"Dagger Spray","floor":10},{"not_picked":["Endless Agony","Cloak And Dagger"],"picked":"PiercingWail","floor":11}],"player_experience":2078774,"relics_obtained":[{"floor":6,"key":"Potion Belt"}],"event_choices":[{"damage_healed":0,"gold_gain":0,"player_choice":"Trade","damage_taken":0,"relics_obtained":["NlothsMask"],"max_hp_gain":0,"max_hp_loss":0,"event_name":"FaceTrader","floor":3,"gold_loss":0},{"cards_removed":["Strike_G"],"damage_healed":0,"gold_gain":0,"player_choice":"Card Removal","damage_taken":0,"max_hp_gain":0,"max_hp_loss":0,"event_name":"The Cleric","floor":7,"gold_loss":75}],"is_beta":true,"boss_relics":[],"items_purged_floors":[],"is_endless":false,"potions_floor_spawned":[2,10],"killed_by":"Lagavulin","ascension_level":20}