{"gold_per_floor":[20,40,40,215,215,215,215,230,230,245,245,262,262,277,277,277],"floor_reached":16,"playtime":436,"items_purged":[],"score":147,"play_id":"d8e37bce-dd80-470e-b67f-d6ad73383b5b","local_time":"20180911113427","is_ascension_mode":true,"campfire_choices":[{"data":"Zap","floor":6,"key":"SMITH"},{"data":"Dualcast","floor":7,"key":"SMITH"},{"data":"White Noise","floor":11,"key":"SMITH"},{"data":"Electrodynamics","floor":13,"key":"SMITH"},{"floor":15,"key":"REST"}],"neow_cost":"NO_GOLD","seed_source_timestamp":4784045558229,"circlet_count":0,"master_deck":["Strike_B","Strike_B","Strike_B","Strike_B","Defend_B","Defend_B","Defend_B","Defend_B","Zap+1","Dualcast+1","AscendersBane","White Noise+1","Leap","Doubt","Rebound","Electrodynamics+1","Turbo","Steam"],"relics":["Cracked Core","WingedGreaves","Dodecahedron","Gremlin Horn"],"potions_floor_usage":[16,16],"damage_taken":[{"damage":1,"enemies":"Cultist","floor":1,"turns":3},{"damage":2,"enemies":"2 Louse","floor":2,"turns":3},{"damage":12,"enemies":"Jaw Worm","floor":8,"turns":3},{"damage":14,"enemies":"3 Louse","floor":10,"turns":3},{"damage":15,"enemies":"Looter","floor":12,"turns":4},{"damage":0,"enemies":"Large Slime","floor":14,"turns":3},{"damage":44,"enemies":"The Guardian","floor":16,"turns":13}],"seed_played":"-2758235191180937420","potions_obtained":[{"floor":1,"key":"Strength Potion"},{"floor":10,"key":"GamblersBrew"}],"is_trial":false,"path_per_floor":["M","M","?","?","?","R","R","M","T","M","R","M","R","M","R"],"character_chosen":"DEFECT","items_purchased":[],"campfire_rested":1,"item_purchase_floors":[],"current_hp_per_floor":[67,72,72,72,60,60,60,48,48,34,34,19,19,19,41,0],"gold":277,"neow_bonus":"ONE_RARE_RELIC","is_prod":false,"is_daily":false,"chose_seed":false,"campfire_upgraded":4,"win_rate":0,"timestamp":1536658467,"path_taken":["M","?","?","?","?","R","R","M","T","M","R","M","R","M","R","BOSS"],"build_version":"2018-09-10","purchased_purges":0,"victory":false,"max_hp_per_floor":[75,75,75,75,75,75,75,75,75,75,75,75,75,75,75,75],"card_choices":[{"not_picked":["Turbo","Beam Cell"],"picked":"White Noise","floor":1},{"not_picked":["Rebound","Compile Driver"],"picked":"Leap","floor":2},{"not_picked":["Cold Snap","Turbo"],"picked":"Rebound","floor":8},{"not_picked":["Beam Cell","Steam"],"picked":"Electrodynamics","floor":10},{"not_picked":["Reprogram","Sweeping Beam"],"picked":"Turbo","floor":12},{"not_picked":["Rebound","Sweeping Beam"],"picked":"Steam","floor":14}],"player_experience":415801,"relics_obtained":[{"floor":9,"key":"Gremlin Horn"}],"event_choices":[{"event_name":"The Cleric","player_choice":"Leave","floor":3,"damage_taken":0},{"event_name":"Liars Game","player_choice":"agreed","floor":4,"damage_taken":0},{"event_name":"Scrap Ooze","player_choice":"success","floor":5,"damage_taken":12}],"is_beta":true,"boss_relics":[],"items_purged_floors":[],"is_endless":false,"potions_floor_spawned":[1,10,14],"killed_by":"The Guardian","ascension_level":12}