{"gold_per_floor":[118,118,130,148,148,182,182,182,232,232,248,282,282,322,322,322],"floor_reached":16,"playtime":443,"items_purged":[],"score":236,"play_id":"dbb36689-c24f-456d-a348-edba80831c4e","local_time":"20190130133734","is_ascension_mode":true,"campfire_choices":[{"floor":8,"key":"REST"},{"data":"hubris:PowerSurge","floor":10,"key":"SMITH"},{"floor":13,"key":"REST"},{"data":"Static Discharge","floor":15,"key":"SMITH"}],"neow_cost":"NONE","seed_source_timestamp":0,"circlet_count":0,"master_deck":["AscendersBane","Strike_B","Strike_B","Strike_B","Strike_B","Defend_B","Defend_B","Defend_B","Defend_B","Zap+1","Dualcast","Barrage+1","hubris:PowerSurge+1","Static Discharge+1","Genetic Algorithm","BootSequence","Leap"],"special_seed":0,"relics":["Cracked Core","Golden Idol","Boot","hubris:FunFungus","Ancient Tea Set","Bag of Marbles","hubris:AstralHammer"],"potions_floor_usage":[6,12,16],"damage_taken":[{"damage":2.0,"enemies":"Small Slimes","floor":1.0,"turns":3.0},{"damage":7,"enemies":"Jaw Worm","floor":3,"turns":3},{"damage":0,"enemies":"2 Louse","floor":4,"turns":2},{"damage":35,"enemies":"3 Sentries","floor":6,"turns":5},{"damage":12,"enemies":"Exordium Wildlife","floor":11,"turns":3},{"damage":11,"enemies":"Gremlin Nob","floor":12,"turns":3},{"damage":10,"enemies":"3 Sentries","floor":14,"turns":5},{"damage":38,"enemies":"Slime Boss","floor":16,"turns":3}],"seed_played":"4747672892263596114","potions_obtained":[{"floor":3,"key":"Explosive Potion"},{"floor":4,"key":"FocusPotion"},{"floor":11,"key":"Energy Potion"}],"is_trial":false,"path_per_floor":["M","?","M","M","?","E","?","R","T","R","M","E","R","E","R","B"],"character_chosen":"DEFECT","items_purchased":[],"campfire_rested":2,"item_purchase_floors":[],"current_hp_per_floor":[62,62,55,55,55,20,2,21,21,21,12,3,22,14,14,0],"gold":322,"neow_bonus":"UPGRADE_CARD","is_prod":false,"is_daily":false,"chose_seed":false,"campfire_upgraded":2,"win_rate":0,"timestamp":1548851854,"path_taken":["M","?","M","M","?","E","?","R","T","R","M","E","R","E","R","BOSS"],"build_version":"2019-01-23","purchased_purges":0,"victory":false,"max_hp_per_floor":[71,71,71,71,64,64,64,64,64,64,64,64,64,64,64,64],"card_choices":[{"not_picked":["Self Repair","Beam Cell"],"picked":"Barrage","floor":1},{"not_picked":["Coolheaded","Beam Cell"],"picked":"hubris:PowerSurge","floor":3},{"not_picked":["Conserve Battery","Reprogram"],"picked":"Static Discharge","floor":4},{"not_picked":["Compile Driver","Self Repair"],"picked":"Genetic Algorithm","floor":6},{"not_picked":["Auto Shields","Gash"],"picked":"BootSequence","floor":11},{"not_picked":["Barrage","Aggregate","Beam Cell"],"picked":"SKIP","floor":12},{"not_picked":["Melter","Beam Cell"],"picked":"Leap","floor":14}],"player_experience":1176319,"relics_obtained":[{"floor":6,"key":"Boot"},{"floor":9,"key":"Ancient Tea Set"},{"floor":12,"key":"Bag of Marbles"},{"floor":14,"key":"hubris:AstralHammer"}],"event_choices":[{"damage_healed":0,"gold_gain":0,"player_choice":"Grow","damage_taken":0,"max_hp_gain":0,"max_hp_loss":0,"event_name":"Living Wall","floor":2,"gold_loss":0,"cards_upgraded":["Barrage"]},{"damage_healed":0,"gold_gain":0,"player_choice":"Lose Max HP","damage_taken":0,"relics_obtained":["Golden Idol"],"max_hp_gain":0,"max_hp_loss":7,"event_name":"Golden Idol","floor":5,"gold_loss":0},{"damage_healed":0,"gold_gain":0,"player_choice":"Success","damage_taken":18,"relics_obtained":["hubris:FunFungus"],"max_hp_gain":0,"max_hp_loss":0,"event_name":"Scrap Ooze","floor":7,"gold_loss":0}],"is_beta":false,"boss_relics":[],"items_purged_floors":[],"is_endless":false,"potions_floor_spawned":[3,4,11],"killed_by":"Slime Boss","ascension_level":20}