{"path_per_floor":["M","?","M","?","M","E","R","E","T","E","$","E","$","E","R","B",null,"M","$","?","M","?","E","M","E","T","E","R","$","M","?","R","B",null,"M","?","M","?","M","R","E","$","T","E","M","T","?","M","R","B"],"character_chosen":"DEFECT","items_purchased":["Biased Cognition","Sunder","Gremlin Horn","Storm","Mummified Hand","Capacitor","Dramatic Entrance"],"gold_per_floor":[117,117,132,82,98,133,133,160,187,222,64,391,63,128,128,232,232,247,175,90,107,107,139,150,181,253,284,284,27,41,41,41,145,145,163,214,230,230,242,242,273,98,98,129,141,141,141,159,159,159],"floor_reached":51,"campfire_rested":1,"playtime":2214,"item_purchase_floors":[11,13,13,19,29,42,42],"current_hp_per_floor":[74,74,68,68,63,50,50,37,37,37,37,36,36,39,39,50,69,75,75,75,75,59,68,46,41,41,32,32,32,60,60,60,75,75,75,88,89,89,89,89,89,89,89,78,77,77,66,68,89,17],"items_purged":[],"gold":159,"score":1161,"play_id":"a53b7bb4-4a54-4235-a1a8-12deebfb0ebc","local_time":"20180606130909","is_prod":false,"is_daily":false,"chose_seed":false,"is_ascension_mode":true,"campfire_upgraded":5,"win_rate":0,"timestamp":1528283349,"campfire_choices":[{"data":"White Noise","floor":7,"key":"SMITH"},{"data":"Hello World","floor":15,"key":"SMITH"},{"data":"Static Discharge","floor":28,"key":"SMITH"},{"data":"Biased Cognition","floor":32,"key":"SMITH"},{"data":"Magnetism","floor":40,"key":"SMITH"},{"floor":49,"key":"REST"}],"path_taken":["M","?","M","?","?","E","R","E","T","E","$","E","$","E","R","BOSS","M","$","?","M","?","E","M","E","T","E","R","$","M","?","R","BOSS","M","?","M","?","M","R","E","$","T","E","M","?","?","?","R","BOSS"],"build_version":"2018-06-05","seed_source_timestamp":7288003580271,"purchased_purges":0,"victory":true,"master_deck":["Strike_B+1","Strike_B+1","Strike_B+1","Strike_B+1","Defend_B+1","Defend_B+1","Defend_B+1","Zap+1","Dualcast","Reboot","Genetic Algorithm","White Noise+1","Ball Lightning","Self Repair","Sweeping Beam","Hello World+1","Biased Cognition+1","Chill","Sunder","Static Discharge+1","Core Surge","Storm","Streamline+1","Darkness","Darkness","Rip and Tear","Rainbow","Loop","Magnetism+1","Aggregate","Stack+1","Capacitor","Dramatic Entrance","Conserve Battery","Double Energy","Madness","Madness","Ball Lightning+1"],"max_hp_per_floor":[75,75,75,75,75,75,75,75,75,75,75,75,75,75,75,75,75,75,75,75,75,75,75,75,75,75,75,75,75,75,75,75,75,75,75,89,89,89,89,89,89,89,89,89,89,89,89,89,89,89],"relics":["Cracked Core","Blood Vial","Bag of Marbles","DataDisk","Meat on the Bone","Old Coin","Gremlin Horn","Tiny Chest","Busted Crown","Ancient Tea Set","Nilry\u0027s Codex","Bag of Preparation","Pantograph","Bottled Tornado","Kunai","Mummified Hand","Runic Dome","Mango","Toolbox","Mercury Hourglass","Peace Pipe","Bottled Lightning"],"card_choices":[{"not_picked":["Rip and Tear","Auto Shields"],"picked":"Genetic Algorithm","floor":1},{"not_picked":["Lockon","Cold Snap"],"picked":"White Noise","floor":3},{"not_picked":["Compile Driver","Streamline"],"picked":"Ball Lightning","floor":5},{"not_picked":["Gash","Skim"],"picked":"Self Repair","floor":6},{"not_picked":["Beam Cell","Coolheaded"],"picked":"Sweeping Beam","floor":8},{"not_picked":["Rebound","Compile Driver"],"picked":"Hello World","floor":10},{"not_picked":["Rainbow","Chaos"],"picked":"Chill","floor":12},{"not_picked":["Doom and Gloom","Cold Snap"],"picked":"Static Discharge","floor":14},{"not_picked":["Electrodynamics","Hyperbeam"],"picked":"Core Surge","floor":16},{"not_picked":["Blizzard"],"picked":"SKIP","floor":18},{"not_picked":[],"picked":"Streamline+1","floor":21},{"not_picked":[],"picked":"Darkness","floor":23},{"not_picked":["Gash"],"picked":"SKIP","floor":24},{"not_picked":[],"picked":"Darkness","floor":25},{"not_picked":[],"picked":"Rip and Tear","floor":27},{"not_picked":["Hologram"],"picked":"SKIP","floor":30},{"not_picked":[],"picked":"Rainbow","floor":33},{"not_picked":["Reinforced Body"],"picked":"SKIP","floor":35},{"not_picked":[],"picked":"Loop","floor":36},{"not_picked":["Blizzard"],"picked":"SKIP","floor":37},{"not_picked":[],"picked":"Magnetism","floor":38},{"not_picked":[],"picked":"Aggregate","floor":39},{"not_picked":[],"picked":"Stack+1","floor":41},{"not_picked":[],"picked":"Conserve Battery","floor":44},{"not_picked":[],"picked":"Double Energy","floor":45},{"not_picked":[],"picked":"Ball Lightning+1","floor":48}],"player_experience":283358,"potions_floor_usage":[3,6,14,25,25,27,33,41,50,50,50],"damage_taken":[{"damage":1,"enemies":"Cultist","floor":1,"turns":3},{"damage":6,"enemies":"Jaw Worm","floor":3,"turns":3},{"damage":5,"enemies":"Small Slimes","floor":5,"turns":3},{"damage":13,"enemies":"Lagavulin","floor":6,"turns":5},{"damage":22,"enemies":"3 Sentries","floor":8,"turns":5},{"damage":9,"enemies":"Lagavulin","floor":10,"turns":5},{"damage":22,"enemies":"3 Sentries","floor":12,"turns":4},{"damage":18,"enemies":"Gremlin Nob","floor":14,"turns":3},{"damage":10,"enemies":"Slime Boss","floor":16,"turns":7},{"damage":6,"enemies":"Shell Parasite","floor":18,"turns":5},{"damage":0,"enemies":"3 Byrds","floor":21,"turns":3},{"damage":0,"enemies":"Gremlin Leader","floor":23,"turns":5},{"damage":24,"enemies":"Snake Plant","floor":24,"turns":2},{"damage":26,"enemies":"Book of Stabbing","floor":25,"turns":4},{"damage":30,"enemies":"Gremlin Leader","floor":27,"turns":5},{"damage":0,"enemies":"3 Cultists","floor":30,"turns":3},{"damage":0,"enemies":"Champ","floor":33,"turns":6},{"damage":0,"enemies":"3 Darklings","floor":35,"turns":2},{"damage":8,"floor":36,"turns":3},{"damage":4,"enemies":"3 Shapes","floor":37,"turns":2},{"damage":0,"enemies":"Flame Bruiser 2 Orb","floor":39,"turns":2},{"damage":0,"enemies":"Giant Head","floor":41,"turns":6},{"damage":18,"enemies":"2 Orb Walkers","floor":44,"turns":2},{"damage":10,"enemies":"Maw","floor":45,"turns":5},{"damage":0,"enemies":"4 Shapes","floor":48,"turns":1},{"damage":84,"enemies":"Time Eater","floor":50,"turns":7}],"relics_obtained":[{"floor":6,"key":"Blood Vial"},{"floor":8,"key":"Bag of Marbles"},{"floor":9,"key":"DataDisk"},{"floor":10,"key":"Meat on the Bone"},{"floor":12,"key":"Old Coin"},{"floor":14,"key":"Tiny Chest"},{"floor":22,"key":"Nilry\u0027s Codex"},{"floor":23,"key":"Bag of Preparation"},{"floor":25,"key":"Pantograph"},{"floor":26,"key":"Bottled Tornado"},{"floor":27,"key":"Kunai"},{"floor":36,"key":"Mango"},{"floor":41,"key":"Toolbox"},{"floor":43,"key":"Mercury Hourglass"},{"floor":44,"key":"Peace Pipe"},{"floor":46,"key":"Bottled Lightning"}],"event_choices":[{"event_name":"Accursed Blacksmith","player_choice":"Forge","floor":2,"damage_taken":0},{"event_name":"The Cleric","player_choice":"Card Removal","floor":4,"damage_taken":0},{"event_name":"Addict","player_choice":"Obtained Relic","floor":20,"damage_taken":0},{"event_name":"Cursed Tome","player_choice":"Obtained Book","floor":22,"damage_taken":0},{"event_name":"Back to Basics","player_choice":"Simplicity","floor":31,"damage_taken":0},{"event_name":"Mysterious Sphere","player_choice":"Fight","floor":36,"damage_taken":0},{"event_name":"SensoryStone","player_choice":"Memory 1","floor":38,"damage_taken":0},{"event_name":"Winding Halls","player_choice":"Embrace Madness","floor":47,"damage_taken":0}],"boss_relics":[{"not_picked":["Runic Pyramid","Cursed Key"],"picked":"Busted Crown"},{"not_picked":["Pandora\u0027s Box","Velvet Choker"],"picked":"Runic Dome"}],"items_purged_floors":[],"potions_floor_spawned":[1,5,10,16,24,25,27,33,35,37,39,41],"seed_played":"-1152867158078676360","ascension_level":5,"potions_obtained":[{"floor":1,"key":"LiquidBronze"},{"floor":5,"key":"SteroidPotion"},{"floor":10,"key":"Poison Potion"},{"floor":16,"key":"GamblersBrew"},{"floor":24,"key":"AttackPotion"},{"floor":25,"key":"Poison Potion"},{"floor":27,"key":"Fire Potion"},{"floor":33,"key":"Poison Potion"},{"floor":35,"key":"FearPotion"},{"floor":37,"key":"SpeedPotion"},{"floor":41,"key":"EssenceOfSteel"}],"is_trial":false}