{"gold_per_floor":[117,117,192,207,42,67,67,67,67,100,120,151,162,162,162,257,257,242,256,276,286,15,15,15],"floor_reached":24,"playtime":1654,"items_purged":[],"score":259,"play_id":"7614805c-a74c-417d-8521-8abb0d3991b0","local_time":"20190327184532","is_ascension_mode":true,"campfire_choices":[{"floor":7,"key":"REST"},{"floor":15,"key":"REST"},{"floor":23,"key":"REST"}],"neow_cost":"NONE","seed_source_timestamp":44662644961969,"circlet_count":0,"master_deck":["Defend_G","Defend_G","Defend_G","Defend_G","Defend_G","Strike_G","Strike_G","Strike_G","Strike_G","Strike_G","Survivor","Neutralize+1","Acrobatics","Dagger Throw","Glass Knife","Good Instincts","Decay","Backflip","Noxious Fumes","Sucker Punch","Crippling Poison","Corpse Explosion","Deadly Poison","Backflip","Catalyst","Slice+1"],"relics":["Ring of the Snake","Blood Vial","Question Card","Anchor","Pen Nib","Art of War","Lizard Tail","Sling"],"potions_floor_usage":[4,6,16,24],"damage_taken":[{"damage":0,"enemies":"Jaw Worm","floor":1,"turns":5},{"damage":6,"enemies":"Small Slimes","floor":4,"turns":5},{"damage":24,"enemies":"Gremlin Nob","floor":6,"turns":4},{"damage":17,"enemies":"3 Sentries","floor":10,"turns":8},{"damage":0,"enemies":"Cultist","floor":11,"turns":3},{"damage":24,"enemies":"Gremlin Nob","floor":12,"turns":5},{"damage":1,"enemies":"Large Slime","floor":13,"turns":5},{"damage":9,"enemies":"The Guardian","floor":16,"turns":13},{"damage":23,"enemies":"2 Thieves","floor":18,"turns":4},{"damage":36,"enemies":"Chosen","floor":19,"turns":9},{"damage":66,"enemies":"Shelled Parasite and Fungi","floor":20,"turns":8},{"damage":20,"enemies":"Centurion and Healer","floor":21,"turns":6},{"damage":48,"enemies":"Book of Stabbing","floor":24,"turns":6}],"seed_played":"545950181569879127","potions_obtained":[{"floor":1,"key":"Swift Potion"},{"floor":4,"key":"Fruit Juice"},{"floor":12,"key":"Explosive Potion"}],"is_trial":false,"path_per_floor":["M","?","?","M","$","E","R","?","T","E","M","E","M","?","R","B",null,"M","M","M","M","$","R","E"],"character_chosen":"THE_SILENT","items_purchased":["Glass Knife","Good Instincts","Sling","GhostInAJar"],"campfire_rested":3,"item_purchase_floors":[5,5,22,22],"current_hp_per_floor":[77,77,66,65,65,41,65,65,65,50,52,30,31,24,48,41,82,59,25,31,13,13,37,0],"gold":15,"neow_bonus":"TEN_PERCENT_HP_BONUS","is_prod":false,"is_daily":false,"chose_seed":false,"campfire_upgraded":0,"win_rate":0,"timestamp":1553737532,"path_taken":["M","?","?","M","$","E","R","?","T","E","M","E","?","?","R","BOSS","M","M","M","M","$","R","E"],"build_version":"2019-01-23","purchased_purges":0,"victory":false,"max_hp_per_floor":[77,77,77,82,82,82,82,82,82,82,82,82,82,82,82,82,82,82,82,82,82,82,82,82],"card_choices":[{"not_picked":["Choke","Dagger Spray"],"picked":"Acrobatics","floor":1},{"not_picked":["Acrobatics","Accuracy"],"picked":"Dagger Throw","floor":4},{"not_picked":["Underhanded Strike","Cloak And Dagger","Acrobatics"],"picked":"SKIP","floor":6},{"not_picked":["Acrobatics","Distraction","Dagger Throw"],"picked":"Backflip","floor":10},{"not_picked":["Outmaneuver","Slice","Backflip"],"picked":"Noxious Fumes","floor":11},{"not_picked":["Calculated Gamble","Dagger Spray","Dagger Throw"],"picked":"Sucker Punch","floor":12},{"not_picked":["Night Terror","Outmaneuver","Calculated Gamble"],"picked":"Crippling Poison","floor":13},{"not_picked":["Envenom","Storm of Steel","Malaise"],"picked":"Corpse Explosion","floor":16},{"not_picked":["All Out Attack","Bane","PiercingWail"],"picked":"Deadly Poison","floor":18},{"not_picked":["Flying Knee","Distraction","Underhanded Strike+1"],"picked":"Backflip","floor":19},{"not_picked":["Flying Knee+1","Slice+1","Dagger Throw"],"picked":"Catalyst","floor":20},{"not_picked":["Accuracy","Dodge and Roll","Reflex+1"],"picked":"Slice+1","floor":21}],"player_experience":451353,"relics_obtained":[{"floor":6,"key":"Blood Vial"},{"floor":9,"key":"Question Card"},{"floor":10,"key":"Anchor"},{"floor":12,"key":"Pen Nib"}],"event_choices":[{"damage_healed":0,"gold_gain":0,"player_choice":"Grow","damage_taken":0,"max_hp_gain":0,"max_hp_loss":0,"event_name":"Living Wall","floor":2,"gold_loss":0,"cards_upgraded":["Neutralize"]},{"damage_healed":0,"gold_gain":75,"player_choice":"Gather Gold","damage_taken":11,"max_hp_gain":0,"max_hp_loss":0,"event_name":"World of Goop","floor":3,"gold_loss":0},{"damage_healed":0,"gold_gain":0,"player_choice":"Cursed","damage_taken":0,"max_hp_gain":0,"max_hp_loss":0,"event_name":"Wheel of Change","floor":8,"gold_loss":0,"cards_obtained":["Decay"]},{"damage_healed":0,"gold_gain":0,"player_choice":"Success","damage_taken":7,"relics_obtained":["Art of War"],"max_hp_gain":0,"max_hp_loss":0,"event_name":"Scrap Ooze","floor":14,"gold_loss":0}],"is_beta":false,"boss_relics":[{"not_picked":["Snecko Eye","Orrery"],"picked":"Lizard Tail"}],"items_purged_floors":[],"is_endless":false,"potions_floor_spawned":[1,4,12],"killed_by":"Book of Stabbing","ascension_level":4}