{"gold_per_floor":[364,381,278,291,48,48,79,91,126,151,163,209,221,233,245,335,347,372,384,411,441,453,465,477,506,565,597,609,637,24,41,41,118,118,134,179,194,211,42,42],"floor_reached":40,"playtime":3899,"items_purged":["Strike_B","Strike_B"],"score":871,"play_id":"96d163e0-3faa-442e-a5ea-c75dd9fef672","local_time":"20190913120907","is_ascension_mode":true,"campfire_choices":[{"data":"Zap","floor":6.0,"key":"SMITH"},{"data":"Doom and Gloom","floor":8.0,"key":"SMITH"},{"data":"Ball Lightning","floor":11.0,"key":"SMITH"},{"data":"Sweeping Beam","floor":13.0,"key":"SMITH"},{"data":"Cold Snap","floor":15.0,"key":"SMITH"},{"floor":23,"key":"REST"},{"floor":28,"key":"REST"},{"floor":32,"key":"REST"}],"neow_cost":"TEN_PERCENT_HP_LOSS","seed_source_timestamp":7575426448018,"circlet_count":0,"master_deck":["AscendersBane","Defend_B+1","Defend_B","Defend_B+1","Zap+1","Dualcast","Cold Snap+1","Sweeping Beam+1","Doom and Gloom+1","Conserve Battery","Ball Lightning+1","Compile Driver","Seek","Steam+1","RitualDagger","Capacitor","Coolheaded+1","Necronomicurse","Reprogram","Reinforced Body","Glacier","Capacitor","Turbo+1","Lockon+1","Echo Form","Defragment+1","Turbo+1","Force Field+1","Coolheaded+1","Barrage","Undo+1","Doom and Gloom+1"],"special_seed":0,"relics":["Cracked Core","Orichalcum","MawBank","PreservedInsect","Anchor","Fusion Hammer","Necronomicon","War Paint","Toxic Egg 2","Lee\u0027s Waffle","Astrolabe","Turnip","Strawberry"],"potions_floor_usage":[27,32,40],"damage_taken":[{"damage":1.0,"enemies":"Cultist","floor":1.0,"turns":3.0},{"damage":8.0,"enemies":"2 Louse","floor":2.0,"turns":2.0},{"damage":0.0,"enemies":"Jaw Worm","floor":4.0,"turns":3.0},{"damage":6.0,"enemies":"3 Sentries","floor":7.0,"turns":4.0},{"damage":7.0,"enemies":"Lots of Slimes","floor":10.0,"turns":2.0},{"damage":0.0,"enemies":"Lagavulin","floor":12.0,"turns":3.0},{"damage":24,"enemies":"Slime Boss","floor":16,"turns":7},{"damage":11,"enemies":"Shell Parasite","floor":18,"turns":3},{"damage":0,"enemies":"Spheric Guardian","floor":20,"turns":3},{"damage":5,"enemies":"Shelled Parasite and Fungi","floor":21,"turns":3},{"damage":22,"enemies":"Snake Plant","floor":25,"turns":4},{"damage":3,"enemies":"Sentry and Sphere","floor":27,"turns":3},{"damage":8,"enemies":"Centurion and Healer","floor":29,"turns":3},{"damage":27,"enemies":"Snake Plant","floor":31,"turns":4},{"damage":56,"enemies":"Champ","floor":33,"turns":13},{"damage":4,"enemies":"Orb Walker","floor":35,"turns":3},{"damage":39,"enemies":"2 Orb Walkers","floor":36,"turns":5},{"damage":0,"enemies":"3 Darklings","floor":37,"turns":3},{"damage":0,"enemies":"Sphere and 2 Shapes","floor":38,"turns":8},{"damage":39,"enemies":"Reptomancer","floor":40,"turns":3}],"seed_played":"2934855371439989883","potions_obtained":[{"floor":7.0,"key":"SneckoOil"},{"floor":12.0,"key":"LiquidBronze"},{"floor":16,"key":"Swift Potion"},{"floor":21,"key":"DuplicationPotion"},{"floor":27,"key":"Poison Potion"},{"floor":31,"key":"Fruit Juice"},{"floor":35,"key":"Explosive Potion"}],"is_trial":false,"path_per_floor":["M","M","$","M","$","R","E","R","T","M","R","E","R","?","R","B",null,"M","?","M","M","?","R","?","M","T","M","R","M","$","M","R","B",null,"M","?","M","M","$","E"],"character_chosen":"DEFECT","items_purchased":["Doom and Gloom","Conserve Battery","Orichalcum","Toxic Egg 2","Lee\u0027s Waffle","Capacitor","Turbo+1","Strawberry"],"campfire_rested":3,"item_purchase_floors":[3,3,5,30,30,30,30,39],"current_hp_per_floor":[63,55,55,55,55,55,49,49,49,42,42,42,42,42,42,18,53,42,36,36,31,10,29,29,7,7,4,23,15,71,44,70,14,61,57,18,18,18,25,0],"gold":42,"neow_bonus":"TWO_FIFTY_GOLD","is_prod":false,"is_daily":false,"chose_seed":false,"campfire_upgraded":5,"win_rate":0,"timestamp":1568369347,"path_taken":["M","M","$","?","$","R","E","R","T","M","R","E","R","?","R","BOSS","M","?","M","M","?","R","?","M","T","M","R","?","?","M","R","BOSS","M","?","M","M","$","E"],"build_version":"2019-09-12","purchased_purges":2,"victory":false,"max_hp_per_floor":[64,64,64,64,64,64,64,64,64,64,64,64,64,64,64,64,64,64,64,64,64,64,64,64,64,64,64,64,64,71,71,76,76,76,76,76,76,76,83,83],"card_choices":[{"not_picked":["Lockon","Sweeping Beam"],"picked":"Cold Snap","floor":1.0},{"not_picked":["Stack","Turbo"],"picked":"Sweeping Beam","floor":2.0},{"not_picked":["Rebound","Compile Driver"],"picked":"Ball Lightning","floor":4.0},{"not_picked":["Beam Cell","Conserve Battery"],"picked":"Ball Lightning","floor":7.0},{"not_picked":["Sweeping Beam","Rip and Tear","Heatsinks"],"picked":"SKIP","floor":10.0},{"not_picked":["Beam Cell","Rip and Tear"],"picked":"Compile Driver","floor":12.0},{"not_picked":["Hyperbeam","Meteor Strike"],"picked":"Seek","floor":16},{"not_picked":["Leap+1","Lockon"],"picked":"Steam+1","floor":18},{"not_picked":["Steam+1","Turbo"],"picked":"Capacitor","floor":20},{"not_picked":["Rebound","Reboot"],"picked":"Coolheaded+1","floor":21},{"not_picked":["Coolheaded","Conserve Battery"],"picked":"Reinforced Body","floor":25},{"not_picked":["Stack","Gash","Recycle"],"picked":"SKIP","floor":27},{"not_picked":["Rip and Tear","Leap"],"picked":"Glacier","floor":29},{"not_picked":["Rebound","Double Energy+1"],"picked":"Lockon+1","floor":31},{"not_picked":["Amplify+1","Hyperbeam"],"picked":"Echo Form","floor":33},{"not_picked":["Conserve Battery+1","Darkness+1"],"picked":"Coolheaded+1","floor":35},{"not_picked":["Rebound+1","Streamline"],"picked":"Barrage","floor":36},{"not_picked":["Barrage","White Noise+1"],"picked":"Undo+1","floor":37},{"not_picked":["Ball Lightning","Hyperbeam"],"picked":"Doom and Gloom+1","floor":38}],"player_experience":2035895,"relics_obtained":[{"floor":7.0,"key":"MawBank"},{"floor":9.0,"key":"PreservedInsect"},{"floor":12.0,"key":"Anchor"},{"floor":22,"key":"Necronomicon"},{"floor":26,"key":"War Paint"},{"floor":36,"key":"Turnip"}],"event_choices":[{"damage_healed":0.0,"max_hp_gain":0.0,"max_hp_loss":0.0,"gold_gain":0.0,"event_name":"Liars Game","player_choice":"Ignored","floor":14.0,"gold_loss":0.0,"damage_taken":0.0},{"damage_healed":0,"gold_gain":0,"player_choice":"Joined the Cult","damage_taken":6,"max_hp_gain":0,"max_hp_loss":0,"event_name":"Nest","floor":19,"gold_loss":0,"cards_obtained":["RitualDagger"]},{"damage_healed":0,"gold_gain":0,"player_choice":"Obtained Book","damage_taken":21,"max_hp_gain":0,"max_hp_loss":0,"event_name":"Cursed Tome","floor":22,"gold_loss":0},{"damage_healed":0,"gold_gain":0,"cards_transformed":["Strike_B","Strike_B"],"player_choice":"Became Test Subject","damage_taken":0,"max_hp_gain":0,"max_hp_loss":0,"event_name":"Drug Dealer","floor":24,"gold_loss":0,"cards_obtained":["Reprogram","Sweeping Beam"]},{"damage_healed":0,"gold_gain":0,"player_choice":"Fight","damage_taken":0,"max_hp_gain":0,"max_hp_loss":0,"event_name":"Mysterious Sphere","floor":36,"gold_loss":0}],"is_beta":true,"boss_relics":[{"not_picked":["SacredBark","Velvet Choker"],"picked":"Fusion Hammer"},{"not_picked":["Coffee Dripper","Busted Crown"],"picked":"Astrolabe"}],"items_purged_floors":[5,30],"is_endless":false,"potions_floor_spawned":[7,12,16,21,27,31,35],"killed_by":"Reptomancer","ascension_level":20}