{"gold_per_floor":[113,113,113,123,143,175,12,12,12,71,82,101,101,101,101,195,195,209,209,228,72,97,97,141,156,228,259,259,259],"floor_reached":29,"playtime":1435,"items_purged":["Strike_R"],"score":576,"play_id":"df8cbafe-7644-4818-b359-69f314e52260","local_time":"20190113123005","is_ascension_mode":true,"campfire_choices":[{"data":"Anger","floor":8,"key":"SMITH"},{"floor":15,"key":"REST"},{"floor":23,"key":"REST"}],"neow_cost":"NONE","seed_source_timestamp":2432389275657,"circlet_count":0,"master_deck":["AscendersBane","Strike_R+1","Strike_R","Strike_R","Strike_R","Defend_R","Defend_R","Defend_R","Defend_R","Bash","Feed+1","Anger+1","Carnage","Shrug It Off","Headbutt","Feel No Pain","Limit Break","Spot Weakness","Juggernaut","Shrug It Off","Intimidate","Corruption","Feel No Pain","Heavy Blade","Flame Barrier"],"relics":["Burning Blood","Bronze Scales","Pantograph","Omamori","Shuriken","Question Card","Golden Idol","GremlinMask","Runic Cube","Enchiridion","Whetstone","Ornamental Fan","Happy Flower","MutagenicStrength"],"potions_floor_usage":[11,12,27,27,27],"damage_taken":[{"damage":9,"enemies":"Small Slimes","floor":1,"turns":4},{"damage":10,"enemies":"2 Louse","floor":4,"turns":3},{"damage":9,"enemies":"Jaw Worm","floor":5,"turns":4},{"damage":50,"enemies":"Lagavulin","floor":6,"turns":6},{"damage":19,"enemies":"3 Sentries","floor":10,"turns":7},{"damage":4,"enemies":"Looter","floor":11,"turns":3},{"damage":5,"enemies":"Blue Slaver","floor":12,"turns":4},{"damage":41,"enemies":"Slime Boss","floor":16,"turns":11},{"damage":27,"enemies":"Spheric Guardian","floor":18,"turns":4},{"damage":18,"enemies":"3 Byrds","floor":20,"turns":3},{"damage":27,"enemies":"Centurion and Healer","floor":22,"turns":6},{"damage":10,"enemies":"Gremlin Leader","floor":24,"turns":5},{"damage":18,"enemies":"3 Cultists","floor":25,"turns":5},{"damage":32,"enemies":"Slavers","floor":27,"turns":6},{"damage":25,"enemies":"Gremlin Leader","floor":29,"turns":2}],"seed_played":"8164875196722476141","potions_obtained":[{"floor":6,"key":"Dexterity Potion"},{"floor":10,"key":"Swift Potion"},{"floor":11,"key":"Regen Potion"},{"floor":12,"key":"EntropicBrew"},{"floor":27,"key":"Dexterity Potion"}],"is_trial":false,"path_per_floor":["M","?","?","M","M","E","$","R","T","?","M","M","?","?","R","B",null,"M","?","M","$","M","R","E","M","T","E","?","E"],"character_chosen":"IRONCLAD","items_purchased":["Omamori","Corruption"],"campfire_rested":2,"item_purchase_floors":[7,21],"current_hp_per_floor":[68,73,68,67,67,23,23,23,23,10,12,28,28,28,55,48,83,65,44,35,35,17,48,47,39,39,17,17,0],"gold":259,"neow_bonus":"ONE_RANDOM_RARE_CARD","is_prod":false,"is_daily":false,"chose_seed":false,"campfire_upgraded":1,"win_rate":0,"timestamp":1547379005,"path_taken":["M","?","?","M","M","E","?","R","T","?","M","?","?","?","R","BOSS","M","?","M","$","M","R","E","M","T","E","?","E"],"build_version":"2019-01-10","purchased_purges":1,"victory":false,"max_hp_per_floor":[78,83,83,86,89,89,89,89,89,89,89,92,92,92,92,95,95,98,98,101,101,104,104,107,111,111,115,115,115],"card_choices":[{"not_picked":["Pommel Strike","Clothesline"],"picked":"Anger","floor":1},{"not_picked":["Havoc","Sever Soul"],"picked":"Carnage","floor":4},{"not_picked":["Havoc","Anger"],"picked":"Shrug It Off","floor":5},{"not_picked":["Blood for Blood","Havoc"],"picked":"Headbutt","floor":6},{"not_picked":["Warcry","Dual Wield"],"picked":"Feel No Pain","floor":10},{"not_picked":["Armaments","Flex","Cleave"],"picked":"Limit Break","floor":11},{"not_picked":["Carnage","Clothesline","Twin Strike"],"picked":"Spot Weakness","floor":12},{"not_picked":["Barricade","Immolate","Brutality"],"picked":"Juggernaut","floor":16},{"not_picked":["Flame Barrier","Iron Wave","Power Through"],"picked":"Shrug It Off","floor":18},{"not_picked":["Hemokinesis","Sword Boomerang","Headbutt"],"picked":"Intimidate","floor":20},{"not_picked":["Iron Wave","Headbutt","Brutality","Warcry"],"picked":"SKIP","floor":22},{"not_picked":["Clash","Dropkick+1","Headbutt"],"picked":"Feel No Pain","floor":24},{"not_picked":["True Grit","Armaments","Ghostly Armor"],"picked":"Heavy Blade","floor":25},{"not_picked":["Cleave","Double Tap","Bloodletting"],"picked":"Flame Barrier","floor":27}],"player_experience":1094026,"relics_obtained":[{"floor":6,"key":"Pantograph"},{"floor":9,"key":"Shuriken"},{"floor":10,"key":"Question Card"},{"floor":19,"key":"Enchiridion"},{"floor":24,"key":"Whetstone"},{"floor":26,"key":"Ornamental Fan"},{"floor":27,"key":"Happy Flower"}],"event_choices":[{"damage_healed":0,"gold_gain":0,"player_choice":"Donut","damage_taken":0,"max_hp_gain":5,"max_hp_loss":0,"event_name":"Big Fish","floor":2,"gold_loss":0},{"damage_healed":0,"gold_gain":0,"player_choice":"Success","damage_taken":5,"relics_obtained":["Bronze Scales"],"max_hp_gain":0,"max_hp_loss":0,"event_name":"Scrap Ooze","floor":3,"gold_loss":0},{"damage_healed":0,"gold_gain":0,"player_choice":"Searched \u00271\u0027 times","damage_taken":0,"max_hp_gain":0,"max_hp_loss":0,"event_name":"Dead Adventurer","floor":10,"gold_loss":0},{"damage_healed":0,"gold_gain":0,"player_choice":"Take Wound","damage_taken":0,"relics_obtained":["Golden Idol"],"max_hp_gain":0,"max_hp_loss":0,"event_name":"Golden Idol","floor":13,"gold_loss":0,"cards_obtained":["Injury"]},{"damage_healed":0,"gold_gain":0,"player_choice":"Trade","damage_taken":0,"relics_obtained":["GremlinMask"],"max_hp_gain":0,"max_hp_loss":0,"event_name":"FaceTrader","floor":14,"gold_loss":0},{"damage_healed":0,"gold_gain":0,"player_choice":"Obtained Book","damage_taken":21,"max_hp_gain":0,"max_hp_loss":0,"event_name":"Cursed Tome","floor":19,"gold_loss":0},{"damage_healed":0,"gold_gain":0,"player_choice":"Inject Mutagens","damage_taken":0,"relics_obtained":["MutagenicStrength"],"max_hp_gain":0,"max_hp_loss":0,"event_name":"Drug Dealer","floor":28,"gold_loss":0}],"is_beta":false,"boss_relics":[{"not_picked":["Velvet Choker","White Beast Statue"],"picked":"Runic Cube"}],"items_purged_floors":[21],"is_endless":false,"potions_floor_spawned":[6,10,11,12,20,24,25,27],"killed_by":"Gremlin Leader","ascension_level":20}