{"gold_per_floor":[114,132,142,157,176,176,206,206,206,206,127,159,176,49,49,123,123,134,154,134,145,145],"floor_reached":22,"playtime":596,"items_purged":[],"score":396,"play_id":"f4f9bb65-d11c-4bbe-bbcb-09fa9065381e","local_time":"20190806113327","is_ascension_mode":true,"campfire_choices":[{"data":"Bash","floor":6,"key":"SMITH"},{"data":"Uppercut","floor":8,"key":"SMITH"},{"data":"Heavy Blade","floor":10,"key":"SMITH"},{"data":"Berserk","floor":15,"key":"SMITH"}],"neow_cost":"NONE","seed_source_timestamp":8219500035989,"circlet_count":0,"master_deck":["AscendersBane","Strike_R","Strike_R","Strike_R","Strike_R","Strike_R","Defend_R","Defend_R","Defend_R","Defend_R","Bash+1","Uppercut+1","Heavy Blade+1","Sword Boomerang","Shrug It Off","Cleave","Berserk+1","Anger","Feel No Pain","Offering","Battle Trance"],"relics":["Burning Blood","Vajra","Boot","Gremlin Horn","Sundial","Darkstone Periapt","Fusion Hammer"],"potions_floor_usage":[12,16,21,21,22],"damage_taken":[{"damage":1,"enemies":"Cultist","floor":1,"turns":3},{"damage":7,"enemies":"Jaw Worm","floor":2,"turns":3},{"damage":1,"enemies":"Small Slimes","floor":3,"turns":4},{"damage":1,"enemies":"2 Fungi Beasts","floor":4,"turns":3},{"damage":9,"enemies":"Looter","floor":5,"turns":3},{"damage":39,"enemies":"Lagavulin","floor":7,"turns":7},{"damage":21,"enemies":"Gremlin Nob","floor":12,"turns":4},{"damage":17,"enemies":"Red Slaver","floor":13,"turns":4},{"damage":19,"enemies":"Hexaghost","floor":16,"turns":9},{"damage":28,"enemies":"Shell Parasite","floor":18,"turns":4},{"damage":7,"enemies":"2 Thieves","floor":19,"turns":2},{"damage":32,"enemies":"Shelled Parasite and Fungi","floor":21,"turns":3},{"damage":15,"enemies":"Snecko","floor":22,"turns":2}],"seed_played":"-2508208604703652415","potions_obtained":[{"floor":1,"key":"Swift Potion"},{"floor":4,"key":"Regen Potion"},{"floor":12,"key":"EssenceOfSteel"},{"floor":18,"key":"SpeedPotion"},{"floor":21,"key":"PowerPotion"}],"is_trial":false,"path_per_floor":["M","M","M","M","M","R","E","R","T","R","?","E","M","$","R","B",null,"M","M","?","M","M"],"character_chosen":"IRONCLAD","items_purchased":["Anger","Feel No Pain"],"campfire_rested":0,"item_purchase_floors":[14,14],"current_hp_per_floor":[73,72,75,75,72,72,39,39,39,39,39,24,13,13,13,15,60,38,37,37,11,0],"gold":145,"neow_bonus":"RANDOM_COMMON_RELIC","is_prod":false,"is_daily":false,"chose_seed":false,"campfire_upgraded":4,"win_rate":0,"timestamp":1565084007,"path_taken":["M","M","M","?","M","R","E","R","T","R","?","E","?","$","R","BOSS","M","M","?","M","M"],"build_version":"2019-07-17","purchased_purges":0,"victory":false,"max_hp_per_floor":[75,75,75,75,75,75,75,75,75,75,75,75,75,75,75,75,75,75,75,75,75,75],"card_choices":[{"not_picked":["Searing Blow","Iron Wave"],"picked":"Uppercut","floor":1},{"not_picked":["Corruption","Rage"],"picked":"Heavy Blade","floor":2},{"not_picked":["Carnage","Headbutt"],"picked":"Sword Boomerang","floor":3},{"not_picked":["Second Wind","Rampage"],"picked":"Shrug It Off","floor":4},{"not_picked":["Sentinel","Headbutt"],"picked":"Cleave","floor":5},{"not_picked":["Warcry","Barricade","Flex"],"picked":"SKIP","floor":7},{"not_picked":["Reckless Charge","Clash"],"picked":"Berserk","floor":12},{"not_picked":["Heavy Blade","Body Slam","Thunderclap"],"picked":"SKIP","floor":13},{"not_picked":["Bludgeon","Impervious"],"picked":"Offering","floor":16},{"not_picked":["Warcry","Clothesline"],"picked":"Battle Trance","floor":18},{"not_picked":["Searing Blow","Sword Boomerang","Reckless Charge+1"],"picked":"SKIP","floor":19},{"not_picked":["Anger","Wild Strike","Flex"],"picked":"SKIP","floor":21}],"player_experience":1886099,"relics_obtained":[{"floor":7,"key":"Boot"},{"floor":9,"key":"Gremlin Horn"},{"floor":12,"key":"Darkstone Periapt"}],"event_choices":[{"damage_healed":0,"gold_gain":0,"player_choice":"Paid Gold","damage_taken":0,"relics_obtained":["Sundial"],"max_hp_gain":0,"max_hp_loss":0,"event_name":"WeMeetAgain","floor":11,"gold_loss":79},{"damage_healed":0,"gold_gain":0,"player_choice":"Bought 1 Potion","damage_taken":0,"max_hp_gain":0,"max_hp_loss":0,"event_name":"The Woman in Blue","floor":20,"gold_loss":0}],"is_beta":false,"boss_relics":[{"not_picked":["Ectoplasm","Empty Cage"],"picked":"Fusion Hammer"}],"items_purged_floors":[],"is_endless":false,"potions_floor_spawned":[1,4,7,12,13,18,21],"killed_by":"Snecko","ascension_level":20}