{"gold_per_floor":[118,118,130,145,164,164,180,180,180,180,196,196],"floor_reached":12,"playtime":431,"items_purged":[],"score":144,"play_id":"400e1158-92a2-4644-974c-e65bbf64a9c8","local_time":"20181218164210","is_ascension_mode":true,"campfire_choices":[{"data":"Rampage","floor":6,"key":"SMITH"},{"data":"Rampage","floor":8,"key":"SMITH"},{"data":"Bash","floor":10,"key":"SMITH"}],"neow_cost":"NONE","seed_source_timestamp":0,"circlet_count":0,"master_deck":["AscendersBane","Strike_R","Strike_R","Strike_R","Strike_R","Strike_R","Defend_R","Defend_R","Defend_R","Defend_R","Bash+1","Rampage+1","Headbutt","Headbutt","Rampage+1","Warcry"],"special_seed":0,"relics":["Burning Blood","Pantograph","Peace Pipe"],"potions_floor_usage":[12],"damage_taken":[{"damage":10.0,"enemies":"Small Slimes","floor":1.0,"turns":4.0},{"damage":2.0,"enemies":"Cultist","floor":3.0,"turns":4.0},{"damage":2,"enemies":"2 Louse","floor":4,"turns":3},{"damage":54,"enemies":"Gremlin Gang","floor":5,"turns":5},{"damage":14,"enemies":"Blue Slaver","floor":7,"turns":4},{"damage":13,"enemies":"2 Fungi Beasts","floor":11,"turns":4},{"damage":19,"enemies":"Lagavulin","floor":12,"turns":5}],"seed_played":"2709095568929306498","potions_obtained":[{"floor":1.0,"key":"BloodPotion"},{"floor":4,"key":"Ancient Potion"},{"floor":11,"key":"SpeedPotion"}],"is_trial":false,"path_per_floor":["M","?","M","M","M","M","R","M","R","T","R","M","E"],"character_chosen":"IRONCLAD","items_purchased":[],"campfire_rested":0,"item_purchase_floors":[],"current_hp_per_floor":[71,71,75,79,31,31,23,23,23,23,16,0],"gold":196,"neow_bonus":"TEN_PERCENT_HP_BONUS","is_prod":false,"is_daily":false,"chose_seed":false,"campfire_upgraded":3,"win_rate":0,"timestamp":1545147730,"path_taken":["M","?","M","?","M","R","M","R","T","R","M","E"],"build_version":"2018-12-17","purchased_purges":0,"victory":false,"max_hp_per_floor":[82,82,82,82,82,82,82,82,82,82,82,82],"card_choices":[{"not_picked":["Perfected Strike","Sword Boomerang"],"picked":"Rampage","floor":1.0},{"not_picked":["Anger","Sever Soul"],"picked":"Headbutt","floor":3},{"not_picked":["Thunderclap","Clothesline"],"picked":"Headbutt","floor":4},{"not_picked":["Anger","Heavy Blade"],"picked":"Rampage","floor":5},{"not_picked":["Wild Strike","Pummel"],"picked":"Warcry","floor":7},{"not_picked":["Sever Soul","Fire Breathing","Heavy Blade"],"picked":"SKIP","floor":11}],"player_experience":1042961,"relics_obtained":[{"floor":9,"key":"Peace Pipe"}],"event_choices":[{"damage_healed":0.0,"max_hp_gain":0.0,"max_hp_loss":0.0,"gold_gain":0.0,"event_name":"WeMeetAgain","player_choice":"Gave Potion","floor":2.0,"gold_loss":0.0,"damage_taken":0.0,"relics_obtained":["Pantograph"]}],"is_beta":true,"boss_relics":[],"items_purged_floors":[],"is_endless":false,"potions_floor_spawned":[1,4,11],"killed_by":"Lagavulin","ascension_level":20}