{"gold_per_floor":[367,367,206,226,243,243,306,334,334,334,360,386,418,438,438,517,517,528,544,459,478,502,535,554,554,554,574,592,620,19,74,74,152,152,168,168,168,178,178,210,210,226,226,226,255,255,155,167,167,167,167,167,167,7,35,35],"floor_reached":56,"playtime":2187,"items_purged":["Strike_B","Barrage"],"score":2116,"play_id":"7e387aa3-0a4b-4d65-9350-47602a540200","local_time":"20190914010306","is_ascension_mode":true,"campfire_choices":[{"data":"Defragment","floor":6.0,"key":"SMITH"},{"data":"Zap","floor":15.0,"key":"SMITH"},{"data":"Electrodynamics","floor":25.0,"key":"SMITH"},{"data":"Coolheaded","floor":32.0,"key":"SMITH"},{"floor":41,"key":"RECALL"},{"data":"Turbo","floor":49,"key":"SMITH"},{"data":"Darkness","floor":53,"key":"SMITH"}],"neow_cost":"TEN_PERCENT_HP_LOSS","seed_source_timestamp":0,"circlet_count":0,"master_deck":["AscendersBane","Defend_B+1","Defend_B","Defend_B","Zap+1","Dualcast","Chill+1","Core Surge","Self Repair","Defragment+1","Rip and Tear","Self Repair","Compile Driver","Electrodynamics+1","Capacitor+1","Ball Lightning","Cold Snap","Coolheaded+1","Biased Cognition+1","Steam Power+1","Barrage+1","Recycle","Loop+1","Darkness+1","Biased Cognition+1","Defragment+1","Echo Form+1","Electrodynamics+1","Gash+1","BootSequence+1","Cold Snap+1","Turbo+1","Capacitor+1","Loop+1","Static Discharge+1","Seek","Force Field"],"special_seed":0,"relics":["Cracked Core","Mummified Hand","Frozen Egg 2","Question Card","Sundial","Odd Mushroom","Shuriken","Runic Pyramid","White Beast Statue","DataDisk","Darkstone Periapt","Molten Egg 2","Bottled Flame","Lee\u0027s Waffle","Bottled Tornado","Tiny Chest","Astrolabe","Mercury Hourglass","War Paint","Centennial Puzzle","Juzu Bracelet","Symbiotic Virus","Happy Flower"],"potions_floor_usage":[55,56],"damage_taken":[{"damage":0.0,"enemies":"Cultist","floor":1.0,"turns":3.0},{"damage":0.0,"enemies":"Small Slimes","floor":4.0,"turns":2.0},{"damage":9.0,"enemies":"2 Louse","floor":5.0,"turns":3.0},{"damage":19.0,"enemies":"Lagavulin Event","floor":7.0,"turns":5.0},{"damage":20.0,"enemies":"3 Sentries","floor":8.0,"turns":5.0},{"damage":15.0,"enemies":"Lagavulin","floor":11.0,"turns":6.0},{"damage":1.0,"enemies":"The Mushroom Lair","floor":12.0,"turns":2.0},{"damage":6.0,"enemies":"3 Sentries","floor":13.0,"turns":5.0},{"damage":11.0,"enemies":"Exordium Wildlife","floor":14.0,"turns":3.0},{"damage":29.0,"enemies":"Slime Boss","floor":16.0,"turns":6.0},{"damage":23.0,"enemies":"2 Thieves","floor":18.0,"turns":3.0},{"damage":7.0,"enemies":"Shell Parasite","floor":19.0,"turns":3.0},{"damage":0.0,"enemies":"Chosen and Byrds","floor":21.0,"turns":4.0},{"damage":36.0,"enemies":"Gremlin Leader","floor":23.0,"turns":5.0},{"damage":0.0,"enemies":"Cultist and Chosen","floor":24.0,"turns":4.0},{"damage":22.0,"enemies":"Centurion and Healer","floor":27.0,"turns":3.0},{"damage":9.0,"enemies":"Sentry and Sphere","floor":28.0,"turns":4.0},{"damage":20.0,"enemies":"Slavers","floor":29.0,"turns":4.0},{"damage":10.0,"enemies":"Gremlin Leader","floor":31.0,"turns":4.0},{"damage":18.0,"enemies":"Collector","floor":33.0,"turns":7.0},{"damage":13,"enemies":"3 Darklings","floor":35,"turns":4},{"damage":6,"enemies":"Orb Walker","floor":38,"turns":3},{"damage":48,"enemies":"Giant Head","floor":40,"turns":5},{"damage":15,"enemies":"Spire Growth","floor":42,"turns":4},{"damage":21,"enemies":"Nemesis","floor":45,"turns":5},{"damage":0,"enemies":"Maw","floor":48,"turns":6},{"damage":0,"enemies":"Donu and Deca","floor":50,"turns":5},{"damage":45,"enemies":"Awakened One","floor":51,"turns":13},{"damage":36,"enemies":"Shield and Spear","floor":55,"turns":4},{"damage":76,"enemies":"The Heart","floor":56,"turns":5}],"seed_played":"5042393926559169101","potions_obtained":[{"floor":1.0,"key":"Weak Potion"},{"floor":7.0,"key":"SpeedPotion"},{"floor":11.0,"key":"Ancient Potion"},{"floor":29.0,"key":"GamblersBrew"},{"floor":31.0,"key":"Regen Potion"},{"floor":33.0,"key":"Weak Potion"},{"floor":35,"key":"FocusPotion"},{"floor":55,"key":"Energy Potion"}],"is_trial":false,"path_per_floor":["M","?","$","M","M","R","?","E","T","?","E","?","E","M","R","B",null,"M","M","?","M","T","E","M","R","T","M","M","E","$","E","R","B",null,"M","?","?","M","T","E","R","M","T","T","E","T","$","M","R","B","B",null,"R","$","E","B"],"character_chosen":"DEFECT","items_purchased":["Defragment","Rip and Tear","Lee\u0027s Waffle","Defragment+1","Bottled Tornado","Seek"],"campfire_rested":0,"item_purchase_floors":[3,3,30,30,30,54],"current_hp_per_floor":[64,64,64,64,62,62,57,51,51,56,55,61,69,69,69,54,65,49,49,49,63,63,41,55,55,55,33,38,25,76,76,76,72,75,76,76,76,70,70,36,36,42,42,42,21,21,21,49,49,76,31,65,65,65,36,0],"gold":35,"neow_bonus":"TWO_FIFTY_GOLD","is_prod":false,"is_daily":false,"chose_seed":false,"campfire_upgraded":6,"win_rate":0,"timestamp":1568415786,"path_taken":["M","?","$","M","?","R","?","E","T","?","E","?","E","M","R","BOSS","M","M","?","M","?","E","?","R","T","M","M","E","$","E","R","BOSS","M","?","?","M","?","E","R","?","T","?","E","?","$","M","R","BOSS","BOSS","R","$","E","BOSS"],"build_version":"2019-09-12","purchased_purges":2,"victory":false,"max_hp_per_floor":[64,64,64,64,64,64,64,64,64,69,69,69,69,69,69,69,69,69,69,69,69,69,69,69,69,69,69,69,69,76,76,76,76,76,76,76,76,76,76,76,76,76,76,76,76,76,76,76,76,76,76,76,76,76,76,76],"card_choices":[{"not_picked":["Turbo","Stack"],"picked":"Chill","floor":1.0},{"not_picked":["Stack","Steam"],"picked":"Self Repair","floor":4.0},{"not_picked":["Go for the Eyes","Melter"],"picked":"Compile Driver","floor":5.0},{"not_picked":["Conserve Battery","Steam"],"picked":"Electrodynamics","floor":7.0},{"not_picked":["Rip and Tear","Cold Snap"],"picked":"Capacitor","floor":8.0},{"not_picked":["Skim","Coolheaded","Self Repair+1"],"picked":"Ball Lightning","floor":11.0},{"not_picked":["Multi-Cast","Go for the Eyes","Ball Lightning"],"picked":"Cold Snap","floor":12.0},{"not_picked":["Turbo","Fusion","Darkness"],"picked":"Coolheaded","floor":13.0},{"not_picked":["Scrape","Hello World+1","Double Energy","Chill"],"picked":"SKIP","floor":14.0},{"not_picked":["Core Surge","Reboot","Electrodynamics+1"],"picked":"Biased Cognition+1","floor":16.0},{"not_picked":["Blizzard","Melter","Reinforced Body"],"picked":"Steam Power+1","floor":18.0},{"not_picked":["Blizzard","Go for the Eyes","Steam"],"picked":"Barrage","floor":19.0},{"not_picked":["Cold Snap","Scrape","Rebound"],"picked":"Barrage+1","floor":21.0},{"not_picked":["Hyperbeam","Beam Cell","Fusion"],"picked":"Recycle","floor":23.0},{"not_picked":["Turbo","Steam+1","Stack"],"picked":"Loop+1","floor":24.0},{"not_picked":["Steam","Rebound+1","Streamline+1","Rip and Tear+1"],"picked":"SKIP","floor":27.0},{"not_picked":["Recycle","Self Repair+1","Go for the Eyes+1"],"picked":"Darkness","floor":28.0},{"not_picked":["Fusion","Storm+1","Machine Learning+1"],"picked":"Biased Cognition+1","floor":29.0},{"not_picked":["Auto Shields","Compile Driver+1","Chill","Turbo"],"picked":"SKIP","floor":31.0},{"not_picked":["Meteor Strike+1","Seek","Rainbow"],"picked":"Echo Form+1","floor":33.0},{"not_picked":["BootSequence","Recycle","Gash+1"],"picked":"Cold Snap+1","floor":35},{"not_picked":["Stack","Sunder+1","Self Repair+1"],"picked":"Turbo","floor":38},{"not_picked":["Consume","Steam","Rebound+1"],"picked":"Capacitor+1","floor":40},{"not_picked":["Stack","Double Energy","Tempest"],"picked":"Loop+1","floor":42},{"not_picked":["Ball Lightning+1","Reinforced Body","Sweeping Beam+1"],"picked":"Static Discharge+1","floor":45},{"not_picked":["Cold Snap+1","Ball Lightning+1","Leap","Redo"],"picked":"SKIP","floor":48},{"not_picked":["Coolheaded","Cold Snap+1","Conserve Battery"],"picked":"Force Field","floor":55}],"player_experience":2042403,"relics_obtained":[{"floor":7.0,"key":"Mummified Hand"},{"floor":8.0,"key":"Frozen Egg 2"},{"floor":9.0,"key":"Question Card"},{"floor":11.0,"key":"Sundial"},{"floor":12.0,"key":"Odd Mushroom"},{"floor":13.0,"key":"Shuriken"},{"floor":22.0,"key":"DataDisk"},{"floor":23.0,"key":"Darkstone Periapt"},{"floor":26.0,"key":"Molten Egg 2"},{"floor":29.0,"key":"Bottled Flame"},{"floor":31.0,"key":"Tiny Chest"},{"floor":39,"key":"Mercury Hourglass"},{"floor":40,"key":"War Paint"},{"floor":44,"key":"Centennial Puzzle"},{"floor":45,"key":"Juzu Bracelet"},{"floor":46,"key":"Symbiotic Virus"},{"floor":55,"key":"Happy Flower"}],"event_choices":[{"damage_healed":0.0,"max_hp_gain":0.0,"max_hp_loss":0.0,"gold_gain":0.0,"event_name":"Match and Keep!","player_choice":"2 cards matched","floor":2.0,"gold_loss":0.0,"damage_taken":0.0,"cards_obtained":["Core Surge","Self Repair"]},{"damage_healed":0.0,"max_hp_gain":0.0,"max_hp_loss":0.0,"gold_gain":0.0,"event_name":"Dead Adventurer","player_choice":"Searched \u00271\u0027 times","floor":7.0,"gold_loss":0.0,"damage_taken":0.0},{"damage_healed":0.0,"max_hp_gain":5.0,"max_hp_loss":0.0,"gold_gain":0.0,"event_name":"Big Fish","player_choice":"Donut","floor":10.0,"gold_loss":0.0,"damage_taken":0.0},{"damage_healed":0.0,"max_hp_gain":0.0,"max_hp_loss":0.0,"gold_gain":0.0,"event_name":"Mushrooms","player_choice":"Fought Mushrooms","floor":12.0,"gold_loss":0.0,"damage_taken":0.0},{"damage_healed":0.0,"max_hp_gain":0.0,"max_hp_loss":0.0,"gold_gain":0.0,"event_name":"Addict","player_choice":"Obtained Relic","floor":20.0,"gold_loss":85.0,"damage_taken":0.0,"relics_obtained":["White Beast Statue"]},{"cards_removed":["Defend_B"],"damage_healed":0,"gold_gain":0,"player_choice":"Removed Skill","damage_taken":0,"max_hp_gain":0,"max_hp_loss":0,"event_name":"Falling","floor":36,"gold_loss":0},{"damage_healed":0,"gold_gain":0,"player_choice":"Ignored","damage_taken":0,"max_hp_gain":0,"max_hp_loss":0,"event_name":"Tomb of Lord Red Mask","floor":37,"gold_loss":0}],"is_beta":true,"boss_relics":[{"not_picked":["Pandora\u0027s Box","Fusion Hammer"],"picked":"Runic Pyramid"},{"not_picked":["Busted Crown","SlaversCollar"],"picked":"Astrolabe"}],"items_purged_floors":[30,47],"is_endless":false,"potions_floor_spawned":[1,7,11,14,16,21,23,24,27,28,29,31,33,35,38,40,42,45,48,55],"killed_by":"The Heart","ascension_level":20}