{"gold_per_floor":[110,110,130,140,140,174,174,174],"floor_reached":8,"playtime":255,"items_purged":[],"score":112,"play_id":"905e17c8-d2e2-41bf-8797-2ff922ecc9f2","local_time":"20190703153058","is_ascension_mode":true,"campfire_choices":[{"data":"Bash","floor":7,"key":"SMITH"}],"neow_cost":"NONE","seed_source_timestamp":23890829867184,"circlet_count":0,"master_deck":["AscendersBane","Strike_R","Strike_R","Strike_R","Strike_R","Defend_R","Defend_R","Defend_R","Defend_R","Bash+1","Shrug It Off","Thunderclap","Spot Weakness","Carnage"],"relics":["Burning Blood","NeowsBlessing","Prayer Wheel"],"potions_floor_usage":[],"damage_taken":[{"damage":0,"enemies":"Small Slimes","floor":1,"turns":1},{"damage":0,"enemies":"Cultist","floor":3,"turns":1},{"damage":0,"enemies":"2 Louse","floor":4,"turns":1},{"damage":42,"enemies":"Lagavulin","floor":6,"turns":8},{"damage":42,"enemies":"3 Sentries","floor":8,"turns":6}],"seed_played":"-6426389231249950746","potions_obtained":[{"floor":1,"key":"Ancient Potion"},{"floor":3,"key":"Dexterity Potion"}],"is_trial":false,"path_per_floor":["M","?","M","M","?","E","R","E"],"character_chosen":"IRONCLAD","items_purchased":[],"campfire_rested":0,"item_purchase_floors":[],"current_hp_per_floor":[74,74,75,75,75,39,39,0],"gold":174,"neow_bonus":"THREE_ENEMY_KILL","is_prod":false,"is_daily":false,"chose_seed":false,"campfire_upgraded":1,"win_rate":0,"timestamp":1562160658,"path_taken":["M","?","?","M","?","E","R","E"],"build_version":"2019-07-01","purchased_purges":0,"victory":false,"max_hp_per_floor":[75,75,75,75,75,75,75,75],"card_choices":[{"not_picked":["Searing Blow","Iron Wave"],"picked":"Shrug It Off","floor":1},{"not_picked":["Pummel","Havoc"],"picked":"Thunderclap","floor":3},{"not_picked":["Rupture","Battle Trance"],"picked":"Spot Weakness","floor":4},{"not_picked":["Headbutt","Feel No Pain"],"picked":"Carnage","floor":6}],"player_experience":1769942,"relics_obtained":[{"floor":6,"key":"Prayer Wheel"}],"event_choices":[{"cards_removed":["Strike_R"],"damage_healed":0,"gold_gain":0,"player_choice":"Offered Basic","damage_taken":0,"max_hp_gain":0,"max_hp_loss":0,"event_name":"Bonfire Elementals","floor":2,"gold_loss":0},{"damage_healed":0,"gold_gain":0,"player_choice":"Full Heal","damage_taken":0,"max_hp_gain":0,"max_hp_loss":0,"event_name":"Wheel of Change","floor":5,"gold_loss":0}],"is_beta":false,"boss_relics":[],"items_purged_floors":[],"is_endless":false,"potions_floor_spawned":[1,3],"killed_by":"3 Sentries","ascension_level":20}