{"gold_per_floor":[114,4,4,4,25,69,81,93,105,155,182,119,142,180,180,270,270,293,312,129,144,144,144],"floor_reached":23,"playtime":951,"items_purged":["Strike_G","Strike_G"],"score":468,"play_id":"15462a27-2e14-482d-8cd8-c9d86a71a27b","local_time":"20190505224843","is_ascension_mode":true,"campfire_choices":[{"data":"Noxious Fumes","floor":8.0,"key":"SMITH"},{"data":"Catalyst","floor":15.0,"key":"SMITH"}],"neow_cost":"NONE","seed_source_timestamp":45153406549250,"circlet_count":0,"master_deck":["AscendersBane","Defend_G","Defend_G","Defend_G","Defend_G","Defend_G","Strike_G","Survivor","Neutralize","Noxious Fumes+1","Leg Sweep","Dodge and Roll","Dagger Spray","Noxious Fumes","Sucker Punch","Expertise","Dodge and Roll","Catalyst+1","Adrenaline","Backflip","Heel Hook+1","Well Laid Plans","Footwork"],"special_seed":0,"relics":["Ring of the Snake","NeowsBlessing","Golden Idol","Turnip","MawBank","Mummified Hand","Omamori","Pantograph","Black Star"],"potions_floor_usage":[23],"damage_taken":[{"damage":0.0,"enemies":"Jaw Worm","floor":1.0,"turns":1.0},{"damage":0.0,"enemies":"Small Slimes","floor":5.0,"turns":1.0},{"damage":0.0,"enemies":"Lagavulin","floor":6.0,"turns":1.0},{"damage":10.0,"enemies":"3 Sentries","floor":10.0,"turns":6.0},{"damage":0.0,"enemies":"Cultist","floor":11.0,"turns":4.0},{"damage":10.0,"enemies":"Exordium Thugs","floor":13.0,"turns":4.0},{"damage":1.0,"enemies":"Lagavulin","floor":14.0,"turns":6.0},{"damage":26.0,"enemies":"The Guardian","floor":16.0,"turns":9.0},{"damage":17.0,"enemies":"Chosen","floor":18.0,"turns":7.0},{"damage":14.0,"enemies":"Shell Parasite","floor":19.0,"turns":7.0},{"damage":0.0,"enemies":"3 Cultists","floor":21.0,"turns":5.0},{"damage":40,"enemies":"Gremlin Leader","floor":23,"turns":4}],"seed_played":"-5471636237943595201","potions_obtained":[{"floor":1.0,"key":"Explosive Potion"},{"floor":13.0,"key":"SkillPotion"},{"floor":16.0,"key":"AttackPotion"},{"floor":18.0,"key":"SpeedPotion"},{"floor":21.0,"key":"Regen Potion"}],"is_trial":false,"path_per_floor":["M","$","?","?","M","E","?","R","T","E","M","$","M","E","R","B",null,"M","M","$","M","?","E"],"character_chosen":"THE_SILENT","items_purchased":["Leg Sweep","Dodge and Roll","Well Laid Plans"],"campfire_rested":0,"item_purchase_floors":[2,2,20],"current_hp_per_floor":[59,59,59,33,33,33,33,33,33,23,23,23,13,12,12,11,48,31,17,17,17,17,0],"gold":144,"neow_bonus":"THREE_ENEMY_KILL","is_prod":false,"is_daily":false,"chose_seed":false,"campfire_upgraded":2,"win_rate":0,"timestamp":1557089323,"path_taken":["M","$","?","?","M","E","?","R","T","E","?","?","M","E","R","BOSS","M","M","$","M","?","E"],"build_version":"2019-01-23","purchased_purges":2,"victory":false,"max_hp_per_floor":[66,66,60,60,60,60,60,60,60,60,60,60,60,60,60,60,60,60,60,60,60,60,60],"card_choices":[{"not_picked":["Dagger Throw","Underhanded Strike"],"picked":"Noxious Fumes","floor":1.0},{"not_picked":["Choke","Distraction"],"picked":"Dagger Spray","floor":5.0},{"not_picked":["Acrobatics","Reflex"],"picked":"Noxious Fumes","floor":6.0},{"not_picked":["Calculated Gamble","Riddle With Holes"],"picked":"Expertise","floor":10.0},{"not_picked":["Slice","Flying Knee"],"picked":"Dodge and Roll","floor":11.0},{"not_picked":["Quick Slash","Storm of Steel"],"picked":"Catalyst","floor":13.0},{"not_picked":["Acrobatics","Flying Knee","Prepared"],"picked":"SKIP","floor":14.0},{"not_picked":["Glass Knife","Tools of the Trade"],"picked":"Adrenaline","floor":16.0},{"not_picked":["Dagger Spray","Slice"],"picked":"Backflip","floor":18.0},{"not_picked":["Dagger Throw","Underhanded Strike"],"picked":"Heel Hook+1","floor":19.0},{"not_picked":["Deadly Poison","Infinite Blades+1"],"picked":"Footwork","floor":21.0}],"player_experience":1658804,"relics_obtained":[{"floor":6.0,"key":"MawBank"},{"floor":9.0,"key":"Mummified Hand"},{"floor":10.0,"key":"Omamori"},{"floor":14.0,"key":"Pantograph"}],"event_choices":[{"damage_healed":0.0,"max_hp_gain":0.0,"max_hp_loss":6.0,"gold_gain":0.0,"event_name":"Golden Idol","player_choice":"Lose Max HP","floor":3.0,"gold_loss":0.0,"damage_taken":0.0,"relics_obtained":["Golden Idol"]},{"damage_healed":0.0,"max_hp_gain":0.0,"max_hp_loss":0.0,"gold_gain":0.0,"event_name":"Scrap Ooze","player_choice":"Success","floor":4.0,"gold_loss":0.0,"damage_taken":26.0,"relics_obtained":["Turnip"]},{"damage_healed":0.0,"max_hp_gain":0.0,"max_hp_loss":0.0,"gold_gain":0.0,"cards_transformed":["Strike_G"],"event_name":"Transmorgrifier","player_choice":"Transformed","floor":7.0,"gold_loss":0.0,"damage_taken":0.0,"cards_obtained":["Sucker Punch"]},{"cards_removed":["Strike_G"],"damage_healed":0.0,"max_hp_gain":0.0,"max_hp_loss":0.0,"gold_gain":0.0,"event_name":"Purifier","player_choice":"Purged","floor":22.0,"gold_loss":0.0,"damage_taken":0.0}],"is_beta":false,"boss_relics":[{"not_picked":["Lizard Tail","Calling Bell"],"picked":"Black Star"}],"items_purged_floors":[12,20],"is_endless":false,"potions_floor_spawned":[1,13,16,18,21],"killed_by":"Gremlin Leader","ascension_level":20}