{"gold_per_floor":[116,29,29,45,45,79,79,112,112,125,140,140,179,179,179,270,270,285,303,303,303,314,314],"floor_reached":23,"playtime":1046,"items_purged":[],"score":468,"play_id":"00b29fcc-3ee8-4a2c-80d8-edeaf6a1ec42","local_time":"20190113160123","is_ascension_mode":true,"campfire_choices":[{"data":"Dagger Spray","floor":7.0,"key":"SMITH"},{"data":"Deadly Poison","floor":15.0,"key":"SMITH"}],"neow_cost":"NONE","seed_source_timestamp":0,"circlet_count":0,"master_deck":["AscendersBane","Defend_G","Defend_G","Defend_G","Defend_G","Defend_G","Strike_G","Strike_G","Strike_G","Strike_G","Survivor","Neutralize","Sucker Punch","Finisher","Deadly Poison+1","Dagger Spray+1","PiercingWail","Expertise","Backflip","Night Terror","Noxious Fumes+1","Dash","Crippling Poison"],"special_seed":0,"relics":["Ring of the Snake","NeowsBlessing","Gremlin Horn","Art of War","Happy Flower","Meat on the Bone","Bloody Idol","Question Card","HoveringKite"],"potions_floor_usage":[],"damage_taken":[{"damage":0.0,"enemies":"Small Slimes","floor":1.0,"turns":1.0},{"damage":0.0,"enemies":"Cultist","floor":4.0,"turns":1.0},{"damage":0.0,"enemies":"Lagavulin","floor":6.0,"turns":1.0},{"damage":8.0,"enemies":"Gremlin Nob","floor":8.0,"turns":3.0},{"damage":0.0,"enemies":"2 Louse","floor":10.0,"turns":2.0},{"damage":0.0,"enemies":"2 Fungi Beasts","floor":11.0,"turns":1.0},{"damage":19.0,"enemies":"3 Sentries","floor":13.0,"turns":8.0},{"damage":8.0,"enemies":"The Guardian","floor":16.0,"turns":13.0},{"damage":13.0,"enemies":"3 Byrds","floor":18.0,"turns":5.0},{"damage":1.0,"enemies":"Spheric Guardian","floor":19.0,"turns":3.0},{"damage":20.0,"enemies":"Cultist and Chosen","floor":22.0,"turns":7.0},{"damage":48,"enemies":"Slavers","floor":23,"turns":3}],"seed_played":"-3374178525382602361","potions_obtained":[{"floor":1.0,"key":"Fire Potion"},{"floor":3.0,"key":"SteroidPotion"},{"floor":11.0,"key":"Regen Potion"},{"floor":16.0,"key":"SpeedPotion"},{"floor":19.0,"key":"Ancient Potion"}],"is_trial":false,"path_per_floor":["M","$","?","M","?","E","R","E","T","M","M","?","E","?","R","B",null,"M","M","?","?","M","E"],"character_chosen":"THE_SILENT","items_purchased":["Finisher"],"campfire_rested":0,"item_purchase_floors":[2],"current_hp_per_floor":[59,59,59,59,41,41,41,33,33,45,45,45,38,38,38,42,56,43,42,42,42,39,0],"gold":314,"neow_bonus":"THREE_ENEMY_KILL","is_prod":false,"is_daily":false,"chose_seed":false,"campfire_upgraded":2,"win_rate":0,"timestamp":1547391683,"path_taken":["M","$","?","?","?","E","R","E","T","M","M","?","E","?","R","BOSS","M","M","?","?","?","E"],"build_version":"2019-01-10","purchased_purges":0,"victory":false,"max_hp_per_floor":[66,66,66,66,66,66,66,66,66,66,66,60,60,60,60,60,60,60,60,60,60,60,60],"card_choices":[{"not_picked":["Accuracy","Bane"],"picked":"Sucker Punch","floor":1.0},{"not_picked":["Deflect","Slice"],"picked":"Deadly Poison","floor":4.0},{"not_picked":["Slice","Riddle With Holes"],"picked":"Dagger Spray","floor":6.0},{"not_picked":["Accuracy","Dagger Throw"],"picked":"PiercingWail","floor":8.0},{"not_picked":["Sucker Punch","Dagger Spray"],"picked":"Expertise","floor":10.0},{"not_picked":["Prepared","Endless Agony","Dagger Spray"],"picked":"SKIP","floor":11.0},{"not_picked":["A Thousand Cuts","Slice"],"picked":"Backflip","floor":13.0},{"not_picked":["Adrenaline","Wraith Form v2","Venomology"],"picked":"Night Terror","floor":16.0},{"not_picked":["Deflect","Cloak And Dagger","Underhanded Strike"],"picked":"Noxious Fumes","floor":18.0},{"not_picked":["Choke+1","Blade Dance","Quick Slash"],"picked":"Dash","floor":19.0},{"not_picked":["Choke","Finisher","Slice"],"picked":"Crippling Poison","floor":22.0}],"player_experience":1095461,"relics_obtained":[{"floor":6.0,"key":"Art of War"},{"floor":8.0,"key":"Happy Flower"},{"floor":9.0,"key":"Meat on the Bone"},{"floor":13.0,"key":"Question Card"}],"event_choices":[{"damage_healed":0.0,"max_hp_gain":0.0,"max_hp_loss":0.0,"gold_gain":0.0,"event_name":"Lab","player_choice":"Got Potions","floor":3.0,"gold_loss":0.0,"damage_taken":0.0},{"damage_healed":0.0,"max_hp_gain":0.0,"max_hp_loss":0.0,"gold_gain":0.0,"event_name":"Scrap Ooze","player_choice":"Success","floor":5.0,"gold_loss":0.0,"damage_taken":18.0,"relics_obtained":["Gremlin Horn"]},{"damage_healed":0.0,"max_hp_gain":0.0,"max_hp_loss":6.0,"gold_gain":0.0,"event_name":"Golden Idol","player_choice":"Lose Max HP","floor":12.0,"gold_loss":0.0,"damage_taken":0.0,"relics_obtained":["Golden Idol"]},{"cards_removed":["Strike_G"],"damage_healed":0.0,"max_hp_gain":0.0,"max_hp_loss":0.0,"gold_gain":0.0,"event_name":"Purifier","player_choice":"Purged","floor":14.0,"gold_loss":0.0,"damage_taken":0.0},{"damage_healed":0.0,"max_hp_gain":0.0,"max_hp_loss":0.0,"gold_gain":0.0,"event_name":"Forgotten Altar","player_choice":"Gave Idol","floor":20.0,"relics_lost":["Golden Idol"],"gold_loss":0.0,"damage_taken":0.0,"relics_obtained":["Bloody Idol"]},{"damage_healed":0.0,"max_hp_gain":0.0,"max_hp_loss":0.0,"gold_gain":0.0,"event_name":"Upgrade Shrine","player_choice":"Upgraded","floor":21.0,"gold_loss":0.0,"damage_taken":0.0,"cards_upgraded":["Noxious Fumes"]}],"is_beta":false,"boss_relics":[{"not_picked":["Busted Crown","WristBlade"],"picked":"HoveringKite"}],"items_purged_floors":[],"is_endless":false,"potions_floor_spawned":[1,6,11,16,19,22],"killed_by":"Slavers","ascension_level":20}