{"gold_per_floor":[109,128,128,148,165,197,197,208,257,290,290,317,332,14,14,111,111,130,130,145,48,61,93,93],"floor_reached":24,"playtime":2359,"items_purged":["Strike_R"],"score":298,"play_id":"f4c2d20a-1320-4714-9e29-d5de67d32481","local_time":"20190325071359","is_ascension_mode":true,"campfire_choices":[{"data":"Flex","floor":7,"key":"SMITH"},{"data":"Armaments","floor":11,"key":"SMITH"},{"floor":15,"key":"REST"}],"neow_cost":"NONE","seed_source_timestamp":487952359096982,"circlet_count":0,"master_deck":["Strike_R","Strike_R","Strike_R","Strike_R","Defend_R+1","Defend_R","Defend_R","Defend_R","Bash+1","Spot Weakness","Cleave","Flex+1","Ghostly Armor+1","Armaments+1","Intimidate","Whirlwind","Battle Trance","Pummel","Offering","Battle Trance","Evolve","Metallicize","Shrug It Off","Inflame"],"relics":["Burning Blood","Ornamental Fan","War Paint","Bottled Flame","Art of War","Membership Card","Lantern","Black Star","Ginger","Magic Flower"],"potions_floor_usage":[6,10,12,12,16,20],"damage_taken":[{"damage":0,"enemies":"Small Slimes","floor":1,"turns":3},{"damage":14,"enemies":"Jaw Worm","floor":2,"turns":3},{"damage":6,"enemies":"Cultist","floor":4,"turns":3},{"damage":8,"enemies":"2 Fungi Beasts","floor":5,"turns":3},{"damage":30,"enemies":"Lagavulin","floor":6,"turns":6},{"damage":1,"enemies":"Exordium Wildlife","floor":8,"turns":3},{"damage":22,"enemies":"3 Sentries","floor":10,"turns":8},{"damage":12,"enemies":"Gremlin Nob","floor":12,"turns":3},{"damage":20,"enemies":"Large Slime","floor":13,"turns":7},{"damage":54,"enemies":"Hexaghost","floor":16,"turns":10},{"damage":10,"enemies":"2 Thieves","floor":18,"turns":3},{"damage":9,"enemies":"Spheric Guardian","floor":20,"turns":4},{"damage":21,"enemies":"Snecko","floor":22,"turns":7},{"damage":44,"enemies":"Slavers","floor":23,"turns":9},{"damage":10,"enemies":"Centurion and Healer","floor":24,"turns":1}],"seed_played":"-93756887832236425","potions_obtained":[{"floor":1,"key":"Fire Potion"},{"floor":5,"key":"GamblersBrew"},{"floor":8,"key":"Regen Potion"},{"floor":10,"key":"SteroidPotion"},{"floor":13,"key":"FearPotion"},{"floor":18,"key":"EssenceOfSteel"}],"is_trial":false,"path_per_floor":["M","M","?","M","M","E","R","M","T","E","R","E","M","$","R","B",null,"M","?","M","$","M","E","M"],"character_chosen":"IRONCLAD","items_purchased":["Pummel","Membership Card","Lantern","Metallicize","Shrug It Off"],"campfire_rested":1,"item_purchase_floors":[14,14,14,21,21],"current_hp_per_floor":[88,80,80,80,78,54,54,59,59,58,58,52,38,38,64,16,70,66,66,63,63,48,10,0],"gold":93,"neow_bonus":"TEN_PERCENT_HP_BONUS","is_prod":false,"is_daily":false,"chose_seed":false,"campfire_upgraded":2,"win_rate":0,"timestamp":1553523239,"path_taken":["M","M","?","M","M","E","R","M","T","E","R","E","M","$","R","BOSS","M","?","M","$","M","E","?"],"build_version":"2019-01-23","purchased_purges":1,"victory":false,"max_hp_per_floor":[88,88,88,88,88,88,88,88,88,88,88,88,88,88,88,88,88,88,88,88,88,88,88,88],"card_choices":[{"not_picked":["Armaments","Seeing Red"],"picked":"Spot Weakness","floor":1},{"not_picked":["Headbutt","Iron Wave","Thunderclap"],"picked":"SKIP","floor":2},{"not_picked":["Armaments","Shockwave"],"picked":"Cleave","floor":4},{"not_picked":["Reckless Charge","Havoc"],"picked":"Flex","floor":5},{"not_picked":["Pommel Strike","Rampage"],"picked":"Ghostly Armor","floor":6},{"not_picked":["Searing Blow","Rampage"],"picked":"Armaments","floor":8},{"not_picked":["Reckless Charge","Sentinel"],"picked":"Intimidate","floor":10},{"not_picked":["Rage","Havoc"],"picked":"Whirlwind","floor":12},{"not_picked":["Armaments","Flex"],"picked":"Battle Trance","floor":13},{"not_picked":["Immolate","Berserk"],"picked":"Offering","floor":16},{"not_picked":["Headbutt","Iron Wave","Sword Boomerang+1"],"picked":"SKIP","floor":18},{"not_picked":["Sever Soul+1","Intimidate"],"picked":"Evolve","floor":20},{"not_picked":["Searing Blow","Twin Strike+1","Anger+1"],"picked":"SKIP","floor":22},{"not_picked":["Intimidate","Headbutt"],"picked":"Inflame","floor":23}],"player_experience":408267,"relics_obtained":[{"floor":6,"key":"Ornamental Fan"},{"floor":9,"key":"War Paint"},{"floor":10,"key":"Bottled Flame"},{"floor":12,"key":"Art of War"},{"floor":23,"key":"Ginger"},{"floor":23,"key":"Magic Flower"}],"event_choices":[{"damage_healed":0,"gold_gain":0,"player_choice":"Grow","damage_taken":0,"max_hp_gain":0,"max_hp_loss":0,"event_name":"Living Wall","floor":3,"gold_loss":0,"cards_upgraded":["Bash"]},{"damage_healed":0,"gold_gain":0,"player_choice":"Copied","damage_taken":0,"max_hp_gain":0,"max_hp_loss":0,"event_name":"Duplicator","floor":19,"gold_loss":0,"cards_obtained":["Battle Trance"]}],"is_beta":false,"boss_relics":[{"not_picked":["Busted Crown","Philosopher\u0027s Stone"],"picked":"Black Star"}],"items_purged_floors":[21],"is_endless":false,"potions_floor_spawned":[1,5,8,10,13,18],"killed_by":"Centurion and Healer","ascension_level":5}