{"gold_per_floor":[114,132,97,107,117,150,150,170,170,187,187,187,212,226,226,226],"floor_reached":16,"playtime":566,"items_purged":[],"score":200,"play_id":"92b44b14-54ab-448b-bf5a-ca79a695e144","local_time":"20181012004157","is_ascension_mode":true,"campfire_choices":[{"data":"Genetic Algorithm","floor":7,"key":"SMITH"},{"floor":15,"key":"REST"}],"neow_cost":"PERCENT_DAMAGE","seed_source_timestamp":59433519908987,"circlet_count":0,"master_deck":["Strike_B","Strike_B","Strike_B","Strike_B","Defend_B","Defend_B","Defend_B","Defend_B","Zap","Dualcast","AscendersBane","Glacier","Rebound","Leap","Genetic Algorithm+1","Beam Cell","Go for the Eyes","Cold Snap","Coolheaded","Lockon"],"relics":["Cracked Core","Gremlin Horn","Art of War","Blood Vial"],"potions_floor_usage":[13],"damage_taken":[{"damage":0,"enemies":"Small Slimes","floor":1,"turns":3},{"damage":2,"enemies":"Jaw Worm","floor":2,"turns":5},{"damage":7,"enemies":"2 Louse","floor":4,"turns":2},{"damage":2,"enemies":"Looter","floor":5,"turns":3},{"damage":28,"enemies":"3 Sentries","floor":6,"turns":10},{"damage":1,"enemies":"Blue Slaver","floor":8,"turns":4},{"damage":21,"enemies":"Gremlin Gang","floor":10,"turns":5},{"damage":13,"enemies":"Gremlin Nob","floor":13,"turns":6},{"damage":1,"enemies":"Red Slaver","floor":14,"turns":4},{"damage":45,"enemies":"Slime Boss","floor":16,"turns":7}],"seed_played":"6341330057812658349","potions_obtained":[{"floor":1,"key":"Ancient Potion"},{"floor":4,"key":"LiquidBronze"}],"is_trial":false,"path_per_floor":["M","M","?","M","M","E","R","M","T","M","?","?","E","M","R"],"character_chosen":"DEFECT","items_purchased":[],"campfire_rested":1,"item_purchase_floors":[],"current_hp_per_floor":[60,58,79,72,70,42,42,41,41,20,20,20,7,8,33,0],"gold":226,"neow_bonus":"TWENTY_PERCENT_HP_BONUS","is_prod":false,"is_daily":false,"chose_seed":false,"campfire_upgraded":1,"win_rate":0,"timestamp":1539297717,"path_taken":["M","M","?","M","M","E","R","M","T","M","?","?","E","M","R","BOSS"],"build_version":"2018-10-10","purchased_purges":0,"victory":false,"max_hp_per_floor":[85,85,85,85,85,85,85,85,85,85,85,85,85,85,85,85],"card_choices":[{"not_picked":["Undo","Melter"],"picked":"Glacier","floor":1},{"not_picked":["Heatsinks","Steam"],"picked":"Rebound","floor":2},{"not_picked":["Steam","Ball Lightning"],"picked":"Leap","floor":4},{"not_picked":["Rip and Tear","Seek"],"picked":"Genetic Algorithm","floor":5},{"not_picked":["Tempest","Cold Snap"],"picked":"Beam Cell","floor":6},{"not_picked":["Scrape","Leap"],"picked":"Go for the Eyes","floor":8},{"not_picked":["Tempest","Chaos"],"picked":"Cold Snap","floor":10},{"not_picked":["Leap","Ball Lightning"],"picked":"Coolheaded","floor":13},{"not_picked":["Hologram","Doom and Gloom"],"picked":"Lockon","floor":14}],"player_experience":596636,"relics_obtained":[{"floor":6,"key":"Gremlin Horn"},{"floor":9,"key":"Art of War"},{"floor":13,"key":"Blood Vial"}],"event_choices":[{"event_name":"The Cleric","player_choice":"Healed","floor":3,"damage_taken":0},{"event_name":"Liars Game","player_choice":"disagreed","floor":11,"damage_taken":0},{"event_name":"Golden Wing","player_choice":"Ignored","floor":12,"damage_taken":0}],"is_beta":true,"boss_relics":[],"items_purged_floors":[],"is_endless":false,"potions_floor_spawned":[1,4,5,8],"killed_by":"Slime Boss","ascension_level":15}