{"path_per_floor":["M","M","$","M","M","R","E","?","T","$","R","?","R","E","R","B",null,"M","?","?","$","$","R","E","R","T","E","M","R","M","M","R","B",null,"M","?","M","?","$","R","M","M","T","M","M","R","M","E","R","B"],"character_chosen":"DEFECT","items_purchased":["Storm","Self Repair","Storm"],"gold_per_floor":[119,136,61,77,92,92,121,121,121,40,40,40,40,73,73,170,170,125,125,125,52,14,14,14,14,14,14,14,14,14,14,14,14,14,14,14,14,14,14,14,14,14,14,14,14,14,14,14,14,14],"floor_reached":51,"campfire_rested":4,"playtime":2133,"item_purchase_floors":[10,21,22],"current_hp_per_floor":[63,52,52,50,49,49,36,36,36,36,36,24,46,31,31,31,64,42,42,19,19,19,41,27,49,49,15,15,15,22,13,35,50,69,61,61,50,37,37,37,43,32,32,43,51,51,74,48,48,12],"items_purged":["Pain"],"gold":14,"score":1020,"play_id":"63c5417b-bab7-45bd-b15f-0fa514e877d0","local_time":"20180612121436","is_prod":false,"is_daily":false,"chose_seed":false,"is_ascension_mode":true,"campfire_upgraded":7,"win_rate":0,"timestamp":1528798476,"campfire_choices":[{"data":"Zap","floor":6,"key":"SMITH"},{"data":"Storm","floor":11,"key":"SMITH"},{"floor":13,"key":"REST"},{"data":"Hello World","floor":15,"key":"SMITH"},{"floor":23,"key":"REST"},{"floor":25,"key":"REST"},{"data":"Buffer","floor":29,"key":"SMITH"},{"floor":32,"key":"REST"},{"data":"Storm","floor":40,"key":"SMITH"},{"data":"Capacitor","floor":46,"key":"SMITH"},{"data":"Thunder Strike","floor":49,"key":"SMITH"}],"path_taken":["M","M","$","?","M","R","E","?","T","$","R","?","R","E","R","BOSS","M","?","?","?","$","R","E","R","T","E","M","R","M","M","R","BOSS","M","?","M","?","$","R","?","M","T","?","M","R","M","E","R","BOSS"],"build_version":"2018-06-11","seed_source_timestamp":6140147974553,"purchased_purges":1,"victory":true,"master_deck":["Strike_B","Defend_B","Defend_B","Zap+1","Dualcast","Beam Cell","Barrage","Sweeping Beam","Static Discharge","Hello World+1","Lockon","Thunder Strike+1","Storm+1","Capacitor+1","Buffer+1","Auto Shields","Darkness","Undo+1","Self Repair","Storm+1","Multi-Cast","Cold Snap","Tempest","Multi-Cast","Conserve Battery+1","Echo Form","Static Discharge","Steam+1","Leap+1","White Noise+1","Electrodynamics","Static Discharge","Hello World+1","Chaos+1","Force Field+1"],"max_hp_per_floor":[75,75,75,75,75,75,75,75,75,75,75,75,75,75,75,75,75,75,75,75,75,75,75,75,75,75,75,75,75,75,75,75,75,75,75,75,75,75,75,75,75,75,75,75,75,75,80,80,80,80],"special_seed":0,"relics":["Cracked Core","Symbiotic Virus","Pantograph","Mummified Hand","Boot","Ectoplasm","Red Mask","Tiny Chest","Calipers","Darkstone Periapt","Velvet Choker","Bird Faced Urn","Mercury Hourglass","Ornamental Fan"],"card_choices":[{"not_picked":["Turbo","Gash"],"picked":"Sweeping Beam","floor":1},{"not_picked":["Hologram","Turbo"],"picked":"Static Discharge","floor":2},{"not_picked":["Reinforced Body","Leap"],"picked":"Hello World","floor":4},{"not_picked":["Hologram","Streamline"],"picked":"Lockon","floor":5},{"not_picked":["Hello World","Undo"],"picked":"Thunder Strike","floor":7},{"not_picked":["Gash","Rebound"],"picked":"Capacitor","floor":14},{"not_picked":["Thunder Strike","Rainbow"],"picked":"Buffer","floor":16},{"not_picked":["Turbo","Rebound"],"picked":"Auto Shields","floor":18},{"not_picked":["Redo","Genetic Algorithm"],"picked":"Undo+1","floor":20},{"not_picked":["Aggregate","Compile Driver+1"],"picked":"Multi-Cast","floor":24},{"not_picked":["Compile Driver","Barrage"],"picked":"Cold Snap","floor":27},{"not_picked":["Reprogram","Reinforced Body"],"picked":"Tempest","floor":28},{"not_picked":["Chaos","Redo"],"picked":"Multi-Cast","floor":30},{"not_picked":["Gash","Streamline+1"],"picked":"Conserve Battery+1","floor":31},{"not_picked":["Seek","Electrodynamics"],"picked":"Echo Form","floor":33},{"not_picked":["Hello World","Rebound"],"picked":"Static Discharge","floor":35},{"not_picked":["Cold Snap","Hologram+1"],"picked":"Steam+1","floor":37},{"not_picked":["Hologram+1","Redo"],"picked":"Leap+1","floor":38},{"not_picked":["Fusion","Leap"],"picked":"White Noise+1","floor":41},{"not_picked":["Compile Driver+1","Conserve Battery+1"],"picked":"Electrodynamics","floor":42},{"not_picked":["Go for the Eyes","Ball Lightning+1"],"picked":"Static Discharge","floor":44},{"not_picked":["Turbo","Steam+1"],"picked":"Hello World+1","floor":45},{"not_picked":["Stack+1","Coolheaded"],"picked":"Chaos+1","floor":47},{"not_picked":["Stack","Turbo"],"picked":"Force Field+1","floor":48}],"player_experience":314946,"potions_floor_usage":[7,20,27,31,33,33,38,38,41,47,50,50],"damage_taken":[{"damage":5,"enemies":"Cultist","floor":1,"turns":3},{"damage":11,"enemies":"2 Louse","floor":2,"turns":2},{"damage":2,"enemies":"Jaw Worm","floor":4,"turns":3},{"damage":1,"enemies":"3 Louse","floor":5,"turns":3},{"damage":13,"enemies":"3 Sentries","floor":7,"turns":3},{"damage":15,"enemies":"Lagavulin","floor":14,"turns":4},{"damage":25,"enemies":"The Guardian","floor":16,"turns":4},{"damage":22,"enemies":"2 Thieves","floor":18,"turns":3},{"damage":23,"floor":20,"turns":3},{"damage":21,"enemies":"Book of Stabbing","floor":24,"turns":4},{"damage":41,"enemies":"Gremlin Leader","floor":27,"turns":4},{"damage":0,"enemies":"Chosen","floor":28,"turns":3},{"damage":0,"enemies":"Snecko","floor":30,"turns":4},{"damage":16,"enemies":"Centurion and Healer","floor":31,"turns":4},{"damage":17,"enemies":"Champ","floor":33,"turns":7},{"damage":8,"enemies":"Orb Walker","floor":35,"turns":2},{"damage":18,"enemies":"3 Shapes","floor":37,"turns":4},{"damage":20,"floor":38,"turns":3},{"damage":4,"enemies":"Flame Bruiser 2 Orb","floor":41,"turns":3},{"damage":27,"enemies":"Maw","floor":42,"turns":5},{"damage":7,"enemies":"Spire Growth","floor":44,"turns":3},{"damage":4,"enemies":"Sphere and 2 Shapes","floor":45,"turns":2},{"damage":0,"enemies":"Flame Bruiser 2 Orb","floor":47,"turns":3},{"damage":53,"enemies":"2 Orb Walkers","floor":48,"turns":4},{"damage":93,"enemies":"Awakened One","floor":50,"turns":7}],"relics_obtained":[{"floor":7,"key":"Symbiotic Virus"},{"floor":9,"key":"Pantograph"},{"floor":14,"key":"Boot"},{"floor":20,"key":"Red Mask"},{"floor":24,"key":"Tiny Chest"},{"floor":26,"key":"Calipers"},{"floor":27,"key":"Darkstone Periapt"},{"floor":38,"key":"Bird Faced Urn"},{"floor":43,"key":"Mercury Hourglass"},{"floor":48,"key":"Ornamental Fan"}],"event_choices":[{"event_name":"Purifier","player_choice":"One Purge","floor":8,"damage_taken":0},{"event_name":"Scrap Ooze","player_choice":"success","floor":12,"damage_taken":12},{"event_name":"Transmorgrifier","player_choice":"Transform","floor":19,"damage_taken":0},{"event_name":"Masked Bandits","player_choice":"Fought over 125 gold","floor":20,"damage_taken":0},{"event_name":"Falling","player_choice":"Removed Attack","floor":36,"damage_taken":0},{"event_name":"Mysterious Sphere","player_choice":"Fight","floor":38,"damage_taken":0}],"boss_relics":[{"not_picked":["Philosopher\u0027s Stone","Eternal Feather"],"picked":"Ectoplasm"},{"not_picked":["Pandora\u0027s Box","Tiny House"],"picked":"Velvet Choker"}],"items_purged_floors":[3],"potions_floor_spawned":[1,4,5,14,24,27,31,33,37,41,42,45],"seed_played":"-9134143753519426549","ascension_level":8,"potions_obtained":[{"floor":1,"key":"Dexterity Potion"},{"floor":4,"key":"SteroidPotion"},{"floor":5,"key":"Explosive Potion"},{"floor":14,"key":"Weak Potion"},{"floor":24,"key":"GamblersBrew"},{"floor":27,"key":"LiquidBronze"},{"floor":31,"key":"Explosive Potion"},{"floor":33,"key":"Explosive Potion"},{"floor":37,"key":"SkillPotion"},{"floor":41,"key":"EssenceOfSteel"},{"floor":42,"key":"FearPotion"},{"floor":45,"key":"Fruit Juice"}],"is_trial":false}