{"gold_per_floor":[111,6,25,42,62,62,87,102,102,102,137,137,137,163,163,240,240,240,90,90,90,90,90,90],"floor_reached":24,"playtime":751,"items_purged":["Strike_B"],"score":428,"play_id":"761762c5-3b18-4383-a92e-d839f2f53945","local_time":"20190922165555","is_ascension_mode":true,"campfire_choices":[{"data":"Zap","floor":6,"key":"SMITH"},{"floor":10,"key":"REST"},{"floor":13,"key":"REST"},{"data":"Doom and Gloom","floor":15,"key":"SMITH"},{"data":"Biased Cognition","floor":23,"key":"SMITH"}],"neow_cost":"TEN_PERCENT_HP_LOSS","seed_source_timestamp":25098127968789,"circlet_count":0,"master_deck":["AscendersBane","Strike_B","Strike_B","Defend_B","Defend_B","Defend_B","Defend_B+1","Zap+1","Dualcast","Echo Form","Coolheaded","Cold Snap+1","Barrage","Rip and Tear","Doom and Gloom+1","Hologram","Darkness","Coolheaded","Biased Cognition+1","Capacitor","Compile Driver","Coolheaded"],"relics":["Cracked Core","Vajra","Letter Opener","Sundial","Ectoplasm"],"potions_floor_usage":[5,7,24],"damage_taken":[{"damage":1,"enemies":"Cultist","floor":1,"turns":4},{"damage":9,"enemies":"Small Slimes","floor":3,"turns":3},{"damage":12,"enemies":"Jaw Worm","floor":4,"turns":3},{"damage":5,"enemies":"Gremlin Gang","floor":5,"turns":4},{"damage":8,"enemies":"Gremlin Nob","floor":7,"turns":3},{"damage":5,"enemies":"2 Fungi Beasts","floor":8,"turns":3},{"damage":16,"enemies":"3 Sentries","floor":11,"turns":6},{"damage":14,"enemies":"Lagavulin","floor":14,"turns":5},{"damage":1,"enemies":"Hexaghost","floor":16,"turns":9},{"damage":0,"enemies":"Chosen","floor":18,"turns":3},{"damage":12,"enemies":"Shell Parasite","floor":20,"turns":5},{"damage":41,"enemies":"Gremlin Leader","floor":24,"turns":2}],"seed_played":"541112388934110032","potions_obtained":[{"floor":4,"key":"FocusPotion"},{"floor":7,"key":"DuplicationPotion"},{"floor":14,"key":"DuplicationPotion"}],"is_trial":false,"path_per_floor":["M","$","M","M","M","R","E","M","T","R","E","?","R","E","R","B",null,"M","$","M","?","?","R","E"],"character_chosen":"DEFECT","items_purchased":["Cold Snap","Fire Potion","Capacitor"],"campfire_rested":2,"item_purchase_floors":[2,2,19],"current_hp_per_floor":[63,63,54,42,37,37,29,24,24,43,27,8,27,13,13,12,51,51,51,39,39,39,39,0],"gold":90,"neow_bonus":"THREE_RARE_CARDS","is_prod":false,"is_daily":false,"chose_seed":false,"campfire_upgraded":3,"win_rate":0,"timestamp":1569164155,"path_taken":["M","$","M","?","M","R","E","M","T","R","E","?","R","E","R","BOSS","M","$","M","?","?","R","E"],"build_version":"2019-09-20","purchased_purges":1,"victory":false,"max_hp_per_floor":[64,64,64,64,64,64,64,64,64,64,64,64,64,64,64,64,64,64,64,64,64,64,64,64],"card_choices":[{"not_picked":["Buffer","Machine Learning"],"picked":"Echo Form","floor":0},{"not_picked":["Force Field","Conserve Battery"],"picked":"Coolheaded","floor":1},{"not_picked":["Chaos","Rebound"],"picked":"Barrage","floor":3},{"not_picked":["Stack","Turbo"],"picked":"Rip and Tear","floor":4},{"not_picked":["Rebound","Streamline","Stack"],"picked":"SKIP","floor":5},{"not_picked":["Storm","Hyperbeam"],"picked":"Doom and Gloom","floor":7},{"not_picked":["Gash","Redo"],"picked":"Hologram","floor":8},{"not_picked":["Steam","Scrape"],"picked":"Darkness","floor":11},{"not_picked":["Leap","Auto Shields"],"picked":"Coolheaded","floor":14},{"not_picked":["Machine Learning","Fission"],"picked":"Biased Cognition","floor":16},{"not_picked":["Reprogram+1","Scrape","Go for the Eyes"],"picked":"SKIP","floor":18},{"not_picked":["Barrage","Redo"],"picked":"Compile Driver","floor":20}],"player_experience":2093561,"relics_obtained":[{"floor":7,"key":"Vajra"},{"floor":11,"key":"Letter Opener"},{"floor":14,"key":"Sundial"}],"event_choices":[{"damage_healed":0,"gold_gain":0,"player_choice":"Entered Light","damage_taken":19,"max_hp_gain":0,"max_hp_loss":0,"event_name":"Shining Light","floor":12,"gold_loss":0,"cards_upgraded":["Defend_B","Cold Snap"]},{"damage_healed":0,"gold_gain":0,"player_choice":"Ignored","damage_taken":0,"max_hp_gain":0,"max_hp_loss":0,"event_name":"The Mausoleum","floor":21,"gold_loss":0},{"damage_healed":0,"gold_gain":0,"cards_transformed":["Strike_B"],"player_choice":"Transformed","damage_taken":0,"max_hp_gain":0,"max_hp_loss":0,"event_name":"Transmorgrifier","floor":22,"gold_loss":0,"cards_obtained":["Coolheaded"]}],"is_beta":true,"boss_relics":[{"not_picked":["FrozenCore","SlaversCollar"],"picked":"Ectoplasm"}],"items_purged_floors":[19],"is_endless":false,"potions_floor_spawned":[4,7,14,16,18],"killed_by":"Gremlin Leader","ascension_level":20}