{"path_per_floor":["M","M","$","?","?","E","R","?","T","E","T","R","$","?","R","B",null],"character_chosen":"IRONCLAD","items_purchased":["Magnetism"],"gold_per_floor":[217,233,50,50,50,75,75,75,101,128,174,174,114,289,289,392,392,392],"floor_reached":18,"campfire_rested":1,"playtime":774,"item_purchase_floors":[],"current_hp_per_floor":[74,74,74,74,67,36,36,36,36,9,9,33,33,33,33,14,64,64],"items_purged":["Strike_R"],"gold":392,"score":221,"play_id":"04267246-078a-40d5-958f-8d3f648564c6","local_time":"20180528154449","is_prod":false,"is_daily":false,"chose_seed":false,"is_ascension_mode":true,"campfire_upgraded":2,"win_rate":0,"timestamp":1527515089,"campfire_choices":[{"data":"Limit Break","floor":7.0,"key":"SMITH"},{"floor":12.0,"key":"REST"},{"data":"Demon Form","floor":15.0,"key":"SMITH"}],"path_taken":["M","M","$","?","?","E","R","?","T","E","?","R","$","?","R","BOSS","M"],"build_version":"2018-05-27","seed_source_timestamp":0,"purchased_purges":1,"victory":false,"master_deck":["Strike_R","Strike_R","Strike_R","Strike_R","Defend_R","Defend_R","Bash","Seeing Red","Clash","Magnetism+1","Limit Break+1","Demon Form+1","Double Tap"],"max_hp_per_floor":[80,80,80,80,80,80,80,80,80,80,80,80,80,80,80,80,80,80],"relics":["Burning Blood","Bag of Preparation","Omamori","The Courier","Pen Nib","Philosopher\u0027s Stone"],"card_choices":[{"not_picked":["Sword Boomerang","Dual Wield"],"picked":"Seeing Red","floor":1.0},{"not_picked":["Entrench","Heavy Blade"],"picked":"Clash","floor":2.0},{"not_picked":["Evolve","Heavy Blade"],"picked":"Limit Break","floor":6.0},{"not_picked":["Havoc","Disarm"],"picked":"Demon Form","floor":10.0},{"not_picked":["Juggernaut","Berserk"],"picked":"Double Tap","floor":16.0}],"player_experience":233210,"potions_floor_usage":[],"damage_taken":[{"damage":4.0,"enemies":"Jaw Worm","floor":1.0,"turns":4.0},{"damage":6.0,"enemies":"Cultist","floor":2.0,"turns":4.0},{"damage":37.0,"enemies":"Lagavulin","floor":6.0,"turns":6.0},{"damage":33.0,"enemies":"3 Sentries","floor":10.0,"turns":9.0},{"damage":33.0,"enemies":"Slime Boss","floor":16.0,"turns":6.0},{"damage":0,"enemies":"3 Byrds","floor":18,"turns":1}],"relics_obtained":[{"floor":6.0,"key":"Bag of Preparation"},{"floor":9.0,"key":"Omamori"},{"floor":10.0,"key":"The Courier"},{"floor":11.0,"key":"Pen Nib"}],"event_choices":[{"event_name":"Upgrade Shrine","player_choice":"Upgraded","floor":4.0,"damage_taken":0.0},{"event_name":"Golden Wing","player_choice":"Card Removal","floor":5.0,"damage_taken":0.0},{"event_name":"Living Wall","player_choice":"Forget","floor":8.0,"damage_taken":0.0},{"event_name":"Liars Game","player_choice":"agreed","floor":14.0,"damage_taken":0.0}],"boss_relics":[],"items_purged_floors":[],"potions_floor_spawned":[6,10,16],"seed_played":"2532397442911864970","killed_by":"3 Byrds","ascension_level":7,"potions_obtained":[{"floor":6.0,"key":"Swift Potion"},{"floor":10.0,"key":"BloodPotion"},{"floor":16.0,"key":"SkillPotion"}],"is_trial":false}