{"gold_per_floor":[116,133,151,169,169,169,203,219,219,219,235,248,248,277,277,354,354,370,210,222,222,172,172,207,207,207,207,107,127,127,127,127,127],"floor_reached":33,"playtime":1207,"items_purged":["Hologram","Writhe"],"score":550,"play_id":"ef969c28-c8e8-4d4b-8afd-4b91ec7629a2","local_time":"20190326191628","is_ascension_mode":true,"campfire_choices":[{"floor":6,"key":"REST"},{"data":"Electrodynamics","floor":15,"key":"SMITH"},{"data":"Biased Cognition","floor":23,"key":"SMITH"},{"floor":27,"key":"REST"},{"data":"Coolheaded","floor":30,"key":"SMITH"},{"data":"Blizzard","floor":32,"key":"SMITH"}],"neow_cost":"PERCENT_DAMAGE","seed_source_timestamp":123941162782005,"circlet_count":0,"master_deck":["AscendersBane","Zap+1","Dualcast","Electrodynamics+1","Ball Lightning","Conserve Battery","Leap","Undo","Coolheaded+1","Doom and Gloom","Ball Lightning","Rainbow","Sweeping Beam","Undo","hubris:SpecializedCircuitry","hubris:SpecializedCircuitry","Blizzard+1","Hologram","Redo","Biased Cognition+1","Defragment+1","Amplify"],"relics":["Cracked Core","Incense Burner","Pen Nib","Strawberry","Mercury Hourglass","War Paint","Pandora\u0027s Box","Juzu Bracelet","PreservedInsect","Orichalcum"],"potions_floor_usage":[7],"damage_taken":[{"damage":1,"enemies":"Cultist","floor":1,"turns":3},{"damage":14,"enemies":"Jaw Worm","floor":2,"turns":4},{"damage":8,"enemies":"Small Slimes","floor":3,"turns":3},{"damage":8,"enemies":"Red Slaver","floor":4,"turns":4},{"damage":23,"enemies":"Gremlin Nob","floor":7,"turns":4},{"damage":0,"enemies":"Exordium Wildlife","floor":8,"turns":1},{"damage":0,"enemies":"2 Fungi Beasts","floor":11,"turns":2},{"damage":1,"enemies":"Red Slaver","floor":12,"turns":3},{"damage":1,"enemies":"3 Sentries","floor":14,"turns":3},{"damage":8,"enemies":"Hexaghost","floor":16,"turns":9},{"damage":25,"enemies":"3 Byrds","floor":18,"turns":5},{"damage":0,"enemies":"Spheric Guardian","floor":20,"turns":4},{"damage":22,"enemies":"Slavers","floor":24,"turns":3},{"damage":20,"enemies":"Snake Plant","floor":29,"turns":4},{"damage":49,"enemies":"hubris:MusketHawk","floor":33,"turns":6}],"seed_played":"-5517873494491085092","potions_obtained":[{"floor":4,"key":"SkillPotion"},{"floor":7,"key":"Strength Potion"},{"floor":14,"key":"EssenceOfSteel"}],"is_trial":false,"path_per_floor":["M","M","M","M","T","R","E","M","T","?","M","M","$","E","R","B",null,"M","$","M","$","?","R","E","?","T","R","$","M","R","?","R","B"],"character_chosen":"DEFECT","items_purchased":["Mercury Hourglass","Defragment"],"campfire_rested":2,"item_purchase_floors":[13,19],"current_hp_per_floor":[45,31,23,15,15,36,13,13,20,46,46,45,30,29,29,21,64,39,39,39,39,39,39,17,17,17,40,40,20,20,36,36,0],"gold":127,"neow_bonus":"THREE_RARE_CARDS","is_prod":false,"is_daily":false,"chose_seed":false,"campfire_upgraded":4,"win_rate":0,"timestamp":1553624188,"path_taken":["M","M","?","M","?","R","E","M","T","?","M","M","?","E","R","BOSS","M","$","?","$","?","R","E","?","T","R","$","M","R","?","R","BOSS"],"build_version":"2019-01-23","purchased_purges":2,"victory":false,"max_hp_per_floor":[71,71,71,71,71,71,71,71,78,78,78,78,78,78,78,78,78,78,78,78,78,78,78,78,78,78,78,78,78,78,78,78,78],"card_choices":[{"not_picked":["Reboot","hubris:Prefetch"],"picked":"Electrodynamics","floor":0},{"not_picked":["Go for the Eyes","Turbo"],"picked":"Ball Lightning","floor":1},{"not_picked":["Steam","Sweeping Beam"],"picked":"Conserve Battery","floor":2},{"not_picked":["Gash","Steam"],"picked":"Leap","floor":3},{"not_picked":["Tempest","Gash"],"picked":"Undo","floor":4},{"not_picked":["Reboot","Barrage"],"picked":"Coolheaded","floor":7},{"not_picked":["Beam Cell","Streamline"],"picked":"Doom and Gloom","floor":8},{"not_picked":["Storm","Leap"],"picked":"Hologram","floor":11},{"not_picked":["Doom and Gloom","Reinforced Body"],"picked":"Ball Lightning","floor":12},{"not_picked":["Streamline","Stack","Hologram"],"picked":"SKIP","floor":14},{"not_picked":["Buffer","Hyperbeam"],"picked":"Rainbow","floor":16},{"not_picked":["Compile Driver","Conserve Battery","Leap"],"picked":"SKIP","floor":18},{"not_picked":["Cold Snap","Leap","Tempest"],"picked":"SKIP","floor":20},{"not_picked":["White Noise","Stack"],"picked":"Amplify","floor":24},{"not_picked":["Compile Driver","Sweeping Beam","Chaos+1"],"picked":"SKIP","floor":29}],"player_experience":1482784,"relics_obtained":[{"floor":5,"key":"Incense Burner"},{"floor":7,"key":"Pen Nib"},{"floor":9,"key":"Strawberry"},{"floor":14,"key":"War Paint"},{"floor":24,"key":"Juzu Bracelet"},{"floor":26,"key":"Orichalcum"}],"event_choices":[{"damage_healed":26,"gold_gain":0,"player_choice":"Banana","damage_taken":0,"max_hp_gain":0,"max_hp_loss":0,"event_name":"Big Fish","floor":10,"gold_loss":0},{"damage_healed":0,"gold_gain":0,"player_choice":"Upgrade","damage_taken":0,"max_hp_gain":0,"max_hp_loss":0,"event_name":"Designer","floor":22,"gold_loss":50,"cards_upgraded":["Defragment"]},{"damage_healed":0,"gold_gain":0,"player_choice":"Opened","damage_taken":0,"relics_obtained":["PreservedInsect"],"max_hp_gain":0,"max_hp_loss":0,"event_name":"The Mausoleum","floor":25,"gold_loss":0,"cards_obtained":["Writhe"]},{"damage_healed":16,"gold_gain":0,"player_choice":"Heal","damage_taken":0,"max_hp_gain":0,"max_hp_loss":0,"event_name":"The Library","floor":31,"gold_loss":0}],"is_beta":false,"boss_relics":[{"not_picked":["Eternal Feather","Coffee Dripper"],"picked":"Pandora\u0027s Box"}],"items_purged_floors":[19,28],"is_endless":false,"potions_floor_spawned":[4,7,14,16,20],"killed_by":"hubris:MusketHawk","ascension_level":20}