{"gold_per_floor":[114,130,130,148,148,148,98,114,169,199,222,238,277,277,277,277],"floor_reached":16,"playtime":1581,"items_purged":[],"score":102,"play_id":"b79df52b-513b-4ed0-ac8f-5a17081add30","local_time":"20190917023019","is_ascension_mode":false,"campfire_choices":[{"data":"Prepared","floor":6,"key":"SMITH"},{"data":"Finisher","floor":15,"key":"SMITH"}],"neow_cost":"NONE","seed_source_timestamp":449425627117900,"circlet_count":0,"master_deck":["Strike_G","Strike_G","Strike_G","Strike_G","Defend_G+1","Defend_G","Defend_G","Defend_G","Survivor","Neutralize+1","Prepared+1","Dagger Throw","Flying Knee","Finisher+1","Prepared","Blade Dance+1","Dagger Throw"],"relics":["Ring of the Snake","Golden Idol","Strawberry","Oddly Smooth Stone","War Paint"],"potions_floor_usage":[13,16],"damage_taken":[{"damage":0,"enemies":"Jaw Worm","floor":1,"turns":4},{"damage":0,"enemies":"2 Louse","floor":2,"turns":3},{"damage":3,"enemies":"Small Slimes","floor":4,"turns":4},{"damage":0,"enemies":"2 Fungi Beasts","floor":8,"turns":3},{"damage":0,"enemies":"Exordium Wildlife","floor":11,"turns":3},{"damage":5,"enemies":"Lots of Slimes","floor":12,"turns":4},{"damage":30,"enemies":"3 Sentries","floor":13,"turns":7},{"damage":35,"enemies":"Slime Boss","floor":16,"turns":9}],"seed_played":"-6087232784180867886","potions_obtained":[{"floor":11,"key":"Strength Potion"},{"floor":12,"key":"GamblersBrew"},{"floor":13,"key":"FearPotion"}],"is_trial":false,"path_per_floor":["M","M","?","M","?","R","?","M","T","?","M","M","E","?","R","B"],"character_chosen":"THE_SILENT","items_purchased":[],"campfire_rested":0,"item_purchase_floors":[],"current_hp_per_floor":[70,70,63,60,43,43,43,43,50,50,50,45,15,40,40,5],"gold":277,"neow_bonus":"UPGRADE_CARD","is_prod":false,"is_daily":false,"chose_seed":false,"campfire_upgraded":2,"win_rate":0.0,"timestamp":1568698219,"path_taken":["M","M","?","M","?","R","?","M","T","?","M","M","E","?","R","BOSS"],"build_version":"2019-07-17","purchased_purges":0,"victory":false,"max_hp_per_floor":[70,70,70,70,70,70,70,70,77,77,77,77,77,77,77,77],"card_choices":[{"not_picked":["Sucker Punch","Backstab"],"picked":"Prepared","floor":1},{"not_picked":["Deadly Poison","Leg Sweep"],"picked":"Dagger Throw","floor":2},{"not_picked":["Riddle With Holes","Sucker Punch"],"picked":"Flying Knee","floor":4},{"not_picked":["Dodge and Roll","Slice"],"picked":"Finisher","floor":8},{"not_picked":["Blade Dance","Wraith Form v2"],"picked":"Prepared","floor":11},{"not_picked":["Sucker Punch","Quick Slash"],"picked":"Blade Dance","floor":12},{"not_picked":["Flechettes","Night Terror"],"picked":"Dagger Throw","floor":13}],"player_experience":11767,"relics_obtained":[{"floor":9,"key":"Strawberry"},{"floor":13,"key":"War Paint"}],"event_choices":[{"cards_removed":["Strike_G"],"damage_healed":0,"gold_gain":0,"player_choice":"Card Removal","damage_taken":7,"max_hp_gain":0,"max_hp_loss":0,"event_name":"Golden Wing","floor":3,"gold_loss":0},{"damage_healed":0,"gold_gain":0,"player_choice":"Take Damage","damage_taken":17,"relics_obtained":["Golden Idol"],"max_hp_gain":0,"max_hp_loss":0,"event_name":"Golden Idol","floor":5,"gold_loss":0},{"cards_removed":["Defend_G"],"damage_healed":0,"gold_gain":0,"player_choice":"Card Removal","damage_taken":0,"max_hp_gain":0,"max_hp_loss":0,"event_name":"The Cleric","floor":7,"gold_loss":50},{"damage_healed":0,"gold_gain":30,"player_choice":"Searched \u00272\u0027 times","damage_taken":0,"relics_obtained":["Oddly Smooth Stone"],"max_hp_gain":0,"max_hp_loss":0,"event_name":"Dead Adventurer","floor":10,"gold_loss":0},{"damage_healed":25,"gold_gain":0,"player_choice":"Banana","damage_taken":0,"max_hp_gain":0,"max_hp_loss":0,"event_name":"Big Fish","floor":14,"gold_loss":0}],"is_beta":false,"boss_relics":[],"items_purged_floors":[],"is_endless":false,"potions_floor_spawned":[11,12,13],"killed_by":"Slime Boss","ascension_level":0}