{"gold_per_floor":[213,228,228,137,151,151,326,353,353,353,370,402,416,42,42,143,143,153,133,144,154,170,203,203,203,259,259,8,38,38,57,57,162,162,172,191,206,218,218,218,179,179,179,179,179,195,195,214,214,214],"floor_reached":51,"playtime":2304,"items_purged":[],"score":1089,"play_id":"b7606dec-60a6-40af-bea7-234b47c3d569","local_time":"20180914011504","is_ascension_mode":true,"campfire_choices":[{"data":"Neutralize","floor":6,"key":"SMITH"},{"floor":10,"key":"REST"},{"floor":15,"key":"REST"},{"data":"Adrenaline","floor":25,"key":"SMITH"},{"floor":27,"key":"REST"},{"floor":30,"key":"REST"},{"floor":32,"key":"REST"},{"floor":40,"key":"REST"},{"floor":42,"key":"REST"},{"data":"Adrenaline","floor":45,"key":"SMITH"},{"data":"Burst","floor":47,"key":"SMITH"},{"floor":49,"key":"REST"}],"neow_cost":"NONE","seed_source_timestamp":52880206135725,"circlet_count":0,"master_deck":["Defend_G","Defend_G","Defend_G","Defend_G","Defend_G","Strike_G","Strike_G","Strike_G","Strike_G","Strike_G","Survivor","Neutralize+1","Dagger Spray","Terror+1","Footwork","Blade Dance","Bouncing Flask","Doubt","Crippling Poison","Escape Plan","Blade Dance","Deadly Poison","Accuracy","Die Die Die","Adrenaline+1","Infinite Blades+1","Flying Knee","Finisher","Adrenaline+1","Backflip","Dodge and Roll","Endless Agony","Flying Knee+1","Burst+1","Outmaneuver+1","Catalyst+1","Dodge and Roll+1","Flechettes","Blade Dance"],"relics":["Ring of the Snake","Sundial","Ninja Scroll","Bag of Marbles","Orichalcum","Runic Pyramid","Gremlin Horn","Tiny Chest","Bottled Lightning","Turnip","Busted Crown","The Specimen","Mummified Hand","Bird Faced Urn"],"potions_floor_usage":[16,22,37,38,38,50,50,50],"damage_taken":[{"damage":0,"enemies":"Small Slimes","floor":1,"turns":3},{"damage":0,"enemies":"Cultist","floor":2,"turns":4},{"damage":1,"enemies":"2 Louse","floor":5,"turns":3},{"damage":42,"enemies":"3 Sentries","floor":8,"turns":11},{"damage":0,"enemies":"2 Fungi Beasts","floor":11,"turns":2},{"damage":25,"enemies":"Lagavulin","floor":12,"turns":6},{"damage":13,"enemies":"Exordium Thugs","floor":13,"turns":3},{"damage":20,"enemies":"Slime Boss","floor":16,"turns":11},{"damage":12,"enemies":"3 Byrds","floor":18,"turns":5},{"damage":17,"enemies":"2 Thieves","floor":19,"turns":4},{"damage":3,"enemies":"Shelled Parasite and Fungi","floor":20,"turns":3},{"damage":14,"enemies":"Cultist and Chosen","floor":21,"turns":6},{"damage":11,"enemies":"Snecko","floor":22,"turns":5},{"damage":0,"enemies":"Gremlin Leader","floor":23,"turns":4},{"damage":47,"enemies":"Book of Stabbing","floor":29,"turns":6},{"damage":2,"enemies":"Chosen and Byrds","floor":31,"turns":2},{"damage":36,"enemies":"Collector","floor":33,"turns":9},{"damage":2,"enemies":"Orb Walker","floor":35,"turns":3},{"damage":35,"enemies":"3 Shapes","floor":36,"turns":3},{"damage":12,"enemies":"Sphere and 2 Shapes","floor":37,"turns":9},{"damage":0,"enemies":"3 Darklings","floor":38,"turns":4},{"damage":2,"enemies":"Mind Bloom Boss Battle","floor":44,"turns":3},{"damage":16,"enemies":"Jaw Worm Horde","floor":46,"turns":3},{"damage":8,"enemies":"Spire Growth","floor":48,"turns":3},{"damage":50,"enemies":"Donu and Deca","floor":50,"turns":8}],"seed_played":"-9121194439559214785","potions_obtained":[{"floor":8,"key":"Explosive Potion"},{"floor":13,"key":"FairyPotion"},{"floor":18,"key":"Ancient Potion"},{"floor":21,"key":"SkillPotion"},{"floor":29,"key":"Poison Potion"},{"floor":31,"key":"FearPotion"},{"floor":37,"key":"AttackPotion"},{"floor":38,"key":"AttackPotion"},{"floor":48,"key":"Ancient Potion"}],"is_trial":false,"path_per_floor":["M","M","?","$","M","R","?","E","T","R","M","E","M","$","R","B",null,"M","M","M","M","M","E","?","R","T","R","$","E","R","M","R","B",null,"M","M","M","M","T","R","$","R","T","?","R","M","R","M","R","B"],"character_chosen":"THE_SILENT","items_purchased":["Footwork","Blade Dance","Orichalcum","Accuracy","Die Die Die","Bottled Lightning","Flechettes"],"campfire_rested":8,"item_purchase_floors":[4,4,14,14,14,28,41],"current_hp_per_floor":[63,63,63,63,62,62,62,20,20,41,41,16,3,3,24,4,54,42,25,22,8,7,7,30,30,30,51,51,4,25,23,44,8,55,53,18,6,6,6,27,27,48,48,46,46,34,34,30,51,7],"gold":214,"neow_bonus":"HUNDRED_GOLD","is_prod":false,"is_daily":false,"chose_seed":false,"campfire_upgraded":4,"win_rate":0,"timestamp":1536880504,"path_taken":["M","M","?","$","M","R","?","E","T","R","M","E","M","$","R","BOSS","M","M","?","M","M","E","?","R","T","R","?","E","R","M","R","BOSS","M","?","M","M","?","R","$","R","T","?","R","M","R","?","R","BOSS"],"build_version":"2018-09-12","purchased_purges":0,"victory":true,"max_hp_per_floor":[70,70,70,70,70,70,70,70,70,70,70,70,70,70,70,70,70,70,70,70,70,70,70,70,70,70,70,70,70,70,70,70,70,70,70,70,70,70,70,70,70,70,70,70,70,70,70,70,70,70],"card_choices":[{"not_picked":["PiercingWail","Bane"],"picked":"Dagger Spray","floor":1},{"not_picked":["Dagger Spray","Underhanded Strike"],"picked":"Terror","floor":2},{"not_picked":["Dodge and Roll","Sucker Punch"],"picked":"Bouncing Flask","floor":5},{"not_picked":["Backflip","Bouncing Flask"],"picked":"Crippling Poison","floor":8},{"not_picked":["Deflect","Underhanded Strike"],"picked":"Escape Plan","floor":11},{"not_picked":["Choke","Sucker Punch"],"picked":"Blade Dance","floor":12},{"not_picked":["Slice","Dagger Throw"],"picked":"Deadly Poison","floor":13},{"not_picked":["Venomology","Wraith Form v2"],"picked":"Adrenaline","floor":16},{"not_picked":["Choke","Poisoned Stab"],"picked":"Infinite Blades+1","floor":18},{"not_picked":["Tactician+1","Skewer"],"picked":"Flying Knee","floor":19},{"not_picked":["Slice","Quick Slash"],"picked":"Finisher","floor":20},{"not_picked":["Slice","Heel Hook"],"picked":"Adrenaline","floor":21},{"not_picked":["Setup","PiercingWail"],"picked":"Backflip","floor":22},{"not_picked":["Well Laid Plans","Underhanded Strike"],"picked":"Dodge and Roll","floor":23},{"not_picked":["Acrobatics","Dagger Throw"],"picked":"Endless Agony","floor":29},{"not_picked":["Quick Slash+1","Footwork"],"picked":"Flying Knee+1","floor":31},{"not_picked":["Doppelganger","Unload"],"picked":"Burst","floor":33},{"not_picked":[],"picked":"Outmaneuver+1","floor":35},{"not_picked":["Acrobatics"],"picked":"SKIP","floor":36},{"not_picked":[],"picked":"Catalyst+1","floor":37},{"not_picked":[],"picked":"Dodge and Roll+1","floor":38},{"not_picked":[],"picked":"Blade Dance","floor":44},{"not_picked":["Heel Hook"],"picked":"SKIP","floor":46},{"not_picked":["Slice"],"picked":"SKIP","floor":48}],"player_experience":427422,"relics_obtained":[{"floor":8,"key":"Sundial"},{"floor":9,"key":"Ninja Scroll"},{"floor":12,"key":"Bag of Marbles"},{"floor":23,"key":"Gremlin Horn"},{"floor":26,"key":"Tiny Chest"},{"floor":29,"key":"Turnip"},{"floor":39,"key":"The Specimen"},{"floor":43,"key":"Mummified Hand"},{"floor":44,"key":"Bird Faced Urn"}],"event_choices":[{"event_name":"Upgrade Shrine","player_choice":"Upgraded","floor":3,"damage_taken":0},{"event_name":"Liars Game","player_choice":"agreed","floor":7,"damage_taken":0},{"event_name":"The Library","player_choice":"Heal","floor":24,"damage_taken":0},{"event_name":"MindBloom","player_choice":"Fight","floor":44,"damage_taken":0}],"is_beta":true,"boss_relics":[{"not_picked":["Velvet Choker","Empty Cage"],"picked":"Runic Pyramid"},{"not_picked":["Astrolabe","Ring of the Serpent"],"picked":"Busted Crown"}],"items_purged_floors":[],"is_endless":false,"potions_floor_spawned":[8,13,18,21,29,31,35,37,38,48],"ascension_level":9}