{"gold_per_floor":[117,166,90,110,185,212,212,137,137,137,168,185,185,199,199,272,272,283,299,299,318,160,190,190,218,218,218,231,247,427,442,442,514,514,528,554,565,565,565,565,590,590,590,623,723,758,770,790,790,790],"floor_reached":50,"playtime":2076,"items_purged":["Strike_B"],"score":1531,"play_id":"f3a87701-ac0b-490f-b7b6-b8dff6040100","local_time":"20190115215217","is_ascension_mode":true,"campfire_choices":[{"data":"Electrodynamics","floor":7,"key":"SMITH"},{"data":"Loop","floor":13,"key":"SMITH"},{"data":"Sunder","floor":15,"key":"SMITH"},{"floor":24,"key":"REST"},{"data":"Echo Form","floor":27,"key":"SMITH"},{"floor":32,"key":"REST"},{"floor":40,"key":"RECALL"},{"data":"Strike_B","floor":42,"key":"SMITH"},{"floor":49,"key":"REST"}],"neow_cost":"NONE","seed_source_timestamp":495229627666,"circlet_count":0,"master_deck":["AscendersBane","Strike_B+1","Strike_B+1","Strike_B","Defend_B","Defend_B","Defend_B","Defend_B","Zap+1","Dualcast","Sunder+1","Conserve Battery+1","Electrodynamics+1","Loop+1","Echo Form+1","Coolheaded+1","Coolheaded+1","Glacier+1","Hologram+1","Chill+1","Consume+1","Amplify+1","FTL+1","Chaos+1","Blizzard","Heatsinks+1","Reinforced Body+1"],"relics":["Cracked Core","NeowsBlessing","Lantern","Toxic Egg 2","Omamori","Dream Catcher","Matryoshka","Snecko Eye","DataDisk","Anchor","Symbiotic Virus","Cables","Velvet Choker","Juzu Bracelet","Pen Nib","Art of War","The Courier","Frozen Egg 2","StoneCalendar","Boot"],"potions_floor_usage":[23,31,50],"damage_taken":[{"damage":0,"enemies":"Cultist","floor":1,"turns":1},{"damage":0,"enemies":"2 Louse","floor":4,"turns":1},{"damage":0,"enemies":"Gremlin Nob","floor":6,"turns":1},{"damage":0,"enemies":"3 Sentries","floor":11,"turns":3},{"damage":0,"enemies":"Jaw Worm","floor":12,"turns":3},{"damage":0,"enemies":"3 Louse","floor":14,"turns":1},{"damage":0,"enemies":"Slime Boss","floor":16,"turns":6},{"damage":12,"enemies":"2 Thieves","floor":18,"turns":2},{"damage":3,"enemies":"3 Byrds","floor":19,"turns":2},{"damage":11,"enemies":"Snecko","floor":21,"turns":3},{"damage":7,"enemies":"Book of Stabbing","floor":23,"turns":4},{"damage":8,"enemies":"Slavers","floor":25,"turns":3},{"damage":5,"enemies":"Centurion and Healer","floor":28,"turns":3},{"damage":0,"enemies":"Snake Plant","floor":29,"turns":2},{"damage":7,"enemies":"Sentry and Sphere","floor":31,"turns":3},{"damage":0,"enemies":"Automaton","floor":33,"turns":11},{"damage":0,"enemies":"3 Darklings","floor":35,"turns":3},{"damage":0,"enemies":"3 Shapes","floor":37,"turns":3},{"damage":0,"enemies":"Nemesis","floor":41,"turns":7},{"damage":27,"enemies":"Reptomancer","floor":44,"turns":6},{"damage":0,"enemies":"Mind Bloom Boss Battle","floor":45,"turns":3},{"damage":32,"enemies":"Giant Head","floor":46,"turns":9},{"damage":0,"enemies":"Maw","floor":47,"turns":6},{"damage":0,"enemies":"Jaw Worm Horde","floor":48,"turns":3},{"damage":57,"enemies":"Time Eater","floor":50,"turns":16}],"seed_played":"-2992404521532543041","potions_obtained":[{"floor":6,"key":"SkillPotion"},{"floor":12,"key":"Ancient Potion"},{"floor":14,"key":"Block Potion"},{"floor":28,"key":"Strength Potion"},{"floor":37,"key":"FearPotion"},{"floor":45,"key":"Regen Potion"}],"is_trial":false,"path_per_floor":["M","T","?","M","?","E","R","$","T","?","E","M","R","M","R","B",null,"M","M","?","M","$","E","R","E","T","R","M","M","?","M","R","B",null,"M","T","M","?","?","R","E","R","T","E","?","E","M","M","R","B"],"character_chosen":"DEFECT","items_purchased":["DataDisk"],"campfire_rested":3,"item_purchase_floors":[22],"current_hp_per_floor":[64,64,64,64,53,53,53,53,53,32,32,32,32,32,32,32,61,49,46,46,35,35,28,49,41,41,41,36,36,15,8,29,29,61,61,61,61,71,71,71,71,71,71,44,44,12,12,12,33,0],"gold":790,"neow_bonus":"THREE_ENEMY_KILL","is_prod":false,"is_daily":false,"chose_seed":false,"campfire_upgraded":5,"win_rate":0,"timestamp":1547585537,"path_taken":["M","?","?","?","?","E","R","$","T","?","E","M","R","M","R","BOSS","M","M","?","M","$","E","R","E","T","R","M","M","?","M","R","BOSS","M","?","M","?","?","R","E","R","T","E","?","E","M","M","R","BOSS"],"build_version":"2019-01-10","purchased_purges":1,"victory":false,"max_hp_per_floor":[71,71,71,71,71,71,71,71,71,71,71,71,71,71,71,71,71,71,71,71,71,71,71,71,71,71,71,71,71,71,71,71,71,71,71,71,71,71,71,71,71,71,71,71,71,71,71,71,71,71],"card_choices":[{"not_picked":["Conserve Battery","Chaos"],"picked":"Sunder","floor":1},{"not_picked":["Barrage","Hologram+1"],"picked":"Conserve Battery+1","floor":4},{"not_picked":["Conserve Battery+1","Melter"],"picked":"Electrodynamics","floor":6},{"not_picked":["Stack+1","Redo+1","Static Discharge"],"picked":"SKIP","floor":11},{"not_picked":["Chaos+1","Turbo+1"],"picked":"Loop","floor":12},{"not_picked":["Beam Cell","Scrape","Streamline"],"picked":"SKIP","floor":14},{"not_picked":["Amplify+1","Hyperbeam"],"picked":"Echo Form","floor":16},{"not_picked":["Gash","Undo+1","Turbo+1"],"picked":"SKIP","floor":18},{"not_picked":["Recycle+1","Barrage","Aggregate+1"],"picked":"SKIP","floor":19},{"not_picked":["Recycle+1","Barrage","Aggregate+1"],"picked":"SKIP","floor":19},{"not_picked":["Reinforced Body+1","Recycle+1"],"picked":"Coolheaded+1","floor":21},{"not_picked":["Steam+1","Fusion+1","Blizzard"],"picked":"SKIP","floor":23},{"not_picked":["Doom and Gloom","Undo+1"],"picked":"Glacier+1","floor":24},{"not_picked":["Gash","Steam+1"],"picked":"Hologram+1","floor":25},{"not_picked":["Hologram+1","Amplify+1"],"picked":"Chill+1","floor":28},{"not_picked":["Ball Lightning","Leap+1","Redo+1"],"picked":"SKIP","floor":29},{"not_picked":["Coolheaded+1","Conserve Battery+1"],"picked":"Consume+1","floor":31},{"not_picked":["Biased Cognition","Rainbow+1"],"picked":"Amplify+1","floor":33},{"not_picked":["Scrape+1","Rebound","Streamline"],"picked":"SKIP","floor":35},{"not_picked":["Scrape","Cold Snap+1","Stack+1"],"picked":"SKIP","floor":37},{"not_picked":["Melter","Ball Lightning"],"picked":"FTL+1","floor":41},{"not_picked":["Turbo+1","Amplify+1","Compile Driver"],"picked":"SKIP","floor":44},{"not_picked":["Gash","BootSequence+1"],"picked":"Chaos+1","floor":45},{"not_picked":["Go for the Eyes","Skim+1"],"picked":"Blizzard","floor":46},{"not_picked":["Turbo+1","Leap+1"],"picked":"Heatsinks+1","floor":47},{"not_picked":["Rebound+1","Hello World+1"],"picked":"Reinforced Body+1","floor":48}],"player_experience":1122285,"relics_obtained":[{"floor":2,"key":"Lantern"},{"floor":6,"key":"Omamori"},{"floor":9,"key":"Dream Catcher"},{"floor":11,"key":"Matryoshka"},{"floor":23,"key":"Anchor"},{"floor":25,"key":"Symbiotic Virus"},{"floor":26,"key":"Cables"},{"floor":36,"key":"Juzu Bracelet"},{"floor":36,"key":"Pen Nib"},{"floor":41,"key":"Art of War"},{"floor":43,"key":"The Courier"},{"floor":44,"key":"Frozen Egg 2"},{"floor":45,"key":"StoneCalendar"},{"floor":46,"key":"Boot"}],"event_choices":[{"damage_healed":0,"gold_gain":0,"player_choice":"Paid Gold","damage_taken":0,"relics_obtained":["Toxic Egg 2"],"max_hp_gain":0,"max_hp_loss":0,"event_name":"WeMeetAgain","floor":3,"gold_loss":76},{"damage_healed":0,"gold_gain":75,"player_choice":"Gather Gold","damage_taken":11,"max_hp_gain":0,"max_hp_loss":0,"event_name":"World of Goop","floor":5,"gold_loss":0},{"damage_healed":0,"gold_gain":0,"player_choice":"Entered Light","damage_taken":21,"max_hp_gain":0,"max_hp_loss":0,"event_name":"Shining Light","floor":10,"gold_loss":0,"cards_upgraded":["Zap","Strike_B"]},{"damage_healed":0,"gold_gain":0,"player_choice":"Read","damage_taken":0,"max_hp_gain":0,"max_hp_loss":0,"event_name":"The Library","floor":20,"gold_loss":0,"cards_obtained":["Coolheaded"]},{"damage_healed":0,"gold_gain":180,"player_choice":"GOLD GOLD ","damage_taken":21,"max_hp_gain":0,"max_hp_loss":0,"event_name":"Knowing Skull","floor":30,"potions_obtained":[],"gold_loss":0,"cards_obtained":[]},{"damage_healed":14,"gold_gain":0,"player_choice":"Writhe","damage_taken":0,"max_hp_gain":0,"max_hp_loss":0,"event_name":"Winding Halls","floor":38,"gold_loss":0,"cards_obtained":["Writhe"]},{"damage_healed":0,"gold_gain":0,"player_choice":"Ignored","damage_taken":0,"max_hp_gain":0,"max_hp_loss":0,"event_name":"Tomb of Lord Red Mask","floor":39,"gold_loss":0},{"damage_healed":0,"gold_gain":0,"player_choice":"Fight","damage_taken":0,"max_hp_gain":0,"max_hp_loss":0,"event_name":"MindBloom","floor":45,"gold_loss":0}],"is_beta":false,"boss_relics":[{"not_picked":["Ectoplasm","Orrery"],"picked":"Snecko Eye"},{"not_picked":["Black Star","Runic Pyramid"],"picked":"Velvet Choker"}],"items_purged_floors":[8],"is_endless":false,"potions_floor_spawned":[6,12,14,18,28,29,37,45,48],"killed_by":"Time Eater","ascension_level":20}