{"gold_per_floor":[110,120,132,282,42,72,72,172,196,224,224,244,270,287,287,360,360,376,376,390,54,54,80,92,92,92,117,127,77,77,107,107,183,183,203,221,7,56,56,56,56,81,151,151,151],"floor_reached":45,"playtime":1790,"items_purged":["Doubt","Strike_B","Strike_B+1"],"score":1094,"play_id":"3b48f4ca-41bf-498d-9800-75f8bb1b0274","local_time":"20190410173948","is_ascension_mode":true,"campfire_choices":[{"data":"Zap","floor":7,"key":"SMITH"},{"floor":11,"key":"REST"},{"data":"Rainbow","floor":15,"key":"SMITH"},{"floor":30,"key":"REST"},{"floor":32,"key":"REST"},{"floor":41,"key":"REST"},{"floor":44,"key":"REST"}],"neow_cost":"NONE","seed_source_timestamp":25491176269798,"circlet_count":0,"master_deck":["AscendersBane","Defend_B+1","Defend_B+1","Defend_B+1","Defend_B+1","Zap+1","Dualcast+1","Chill","Gash","Ball Lightning+1","Rip and Tear+1","Coolheaded","Static Discharge","Glacier+1","Rainbow+1","Thunder Strike+1","Electrodynamics","Loop","Auto Shields","Amplify+1","Conserve Battery","Capacitor","Creative AI","Genetic Algorithm","Reinforced Body","Creative AI","Reinforced Body+1","Consume+1"],"relics":["Cracked Core","Art of War","Potion Belt","War Paint","Velvet Choker","PreservedInsect","Letter Opener","Thread and Needle","Question Card","Pen Nib","Whetstone","Nuclear Battery","Nunchaku","Symbiotic Virus"],"potions_floor_usage":[10,10,16,23,40,42,42,42],"damage_taken":[{"damage":1,"enemies":"Cultist","floor":1,"turns":3},{"damage":2,"enemies":"Jaw Worm","floor":2,"turns":4},{"damage":12,"enemies":"2 Louse","floor":3,"turns":3},{"damage":23,"enemies":"Lagavulin","floor":6,"turns":6},{"damage":8,"enemies":"Gremlin Nob","floor":10,"turns":3},{"damage":0,"enemies":"Blue Slaver","floor":12,"turns":3},{"damage":8,"enemies":"Lagavulin","floor":13,"turns":5},{"damage":0,"enemies":"Large Slime","floor":14,"turns":4},{"damage":6,"enemies":"Hexaghost","floor":16,"turns":9},{"damage":5,"enemies":"Chosen","floor":18,"turns":4},{"damage":0,"enemies":"Spheric Guardian","floor":20,"turns":4},{"damage":19,"enemies":"Book of Stabbing","floor":23,"turns":4},{"damage":6,"enemies":"Centurion and Healer","floor":24,"turns":5},{"damage":12,"enemies":"Gremlin Leader","floor":27,"turns":4},{"damage":0,"enemies":"3 Cultists","floor":28,"turns":2},{"damage":30,"enemies":"Book of Stabbing","floor":31,"turns":4},{"damage":3,"enemies":"Champ","floor":33,"turns":13},{"damage":14,"enemies":"3 Shapes","floor":35,"turns":4},{"damage":23,"enemies":"3 Darklings","floor":36,"turns":4},{"damage":13,"enemies":"2 Orb Walkers","floor":38,"turns":4},{"damage":0,"enemies":"Reptomancer","floor":40,"turns":2},{"damage":34,"enemies":"Nemesis","floor":42,"turns":9},{"damage":51,"enemies":"Reptomancer","floor":45,"turns":2}],"seed_played":"4281911145420649489","potions_obtained":[{"floor":2,"key":"Poison Potion"},{"floor":3,"key":"Fire Potion"},{"floor":14,"key":"SkillPotion"},{"floor":20,"key":"FocusPotion"},{"floor":23,"key":"EssenceOfSteel"},{"floor":24,"key":"SmokeBomb"},{"floor":35,"key":"Explosive Potion"},{"floor":36,"key":"Dexterity Potion"}],"is_trial":false,"path_per_floor":["M","M","M","?","$","E","R","?","T","E","R","M","E","M","R","B",null,"M","?","M","$","?","E","M","T","T","E","M","?","R","E","R","B",null,"M","M","$","?","?","E","R","E","T","R","E"],"character_chosen":"DEFECT","items_purchased":["Rip and Tear","Coolheaded","Static Discharge","PreservedInsect","Capacitor","Consume"],"campfire_rested":5,"item_purchase_floors":[5,5,5,21,21,37],"current_hp_per_floor":[70,68,56,56,56,33,33,33,33,25,48,48,40,40,40,34,67,62,62,62,62,62,43,37,37,37,25,25,25,48,18,41,38,68,54,31,31,18,18,18,41,7,7,30,0],"gold":151,"neow_bonus":"TEN_PERCENT_HP_BONUS","is_prod":false,"is_daily":false,"chose_seed":false,"campfire_upgraded":2,"win_rate":0,"timestamp":1554910788,"path_taken":["M","M","?","?","$","E","R","?","T","E","R","?","E","M","R","BOSS","M","?","M","$","?","E","M","?","T","E","M","?","R","E","R","BOSS","M","M","$","?","?","E","R","E","T","R","E"],"build_version":"2019-01-23","purchased_purges":3,"victory":false,"max_hp_per_floor":[78,78,78,78,78,78,78,78,78,78,78,78,78,78,78,78,78,78,78,78,78,78,78,78,78,78,78,78,78,78,78,78,78,78,78,78,78,78,78,78,78,78,78,78,78],"card_choices":[{"not_picked":["Turbo","Recycle"],"picked":"Chill","floor":1},{"not_picked":["Hologram","Turbo"],"picked":"Gash","floor":2},{"not_picked":["Streamline","Recycle"],"picked":"Ball Lightning","floor":3},{"not_picked":["Leap","Streamline"],"picked":"Glacier","floor":6},{"not_picked":["Sweeping Beam","Cold Snap"],"picked":"Rainbow","floor":10},{"not_picked":["Turbo","Barrage","Redo"],"picked":"SKIP","floor":12},{"not_picked":["Melter","Leap","Turbo"],"picked":"SKIP","floor":13},{"not_picked":["Fusion","Reprogram"],"picked":"Thunder Strike","floor":14},{"not_picked":["Rainbow","Reboot"],"picked":"Electrodynamics","floor":16},{"not_picked":["Turbo","Beam Cell"],"picked":"Loop","floor":18},{"not_picked":["White Noise","Redo"],"picked":"Conserve Battery","floor":20},{"not_picked":["Steam","Undo"],"picked":"Creative AI","floor":23},{"not_picked":["Leap+1","Gash+1","Sweeping Beam"],"picked":"SKIP","floor":24},{"not_picked":["Reboot","Redo","Turbo"],"picked":"Genetic Algorithm","floor":27},{"not_picked":["Gash","Beam Cell","Ball Lightning","Cold Snap"],"picked":"SKIP","floor":28},{"not_picked":["All For One","Tempest","Compile Driver"],"picked":"Reinforced Body","floor":31},{"not_picked":["All For One","Rainbow","Core Surge"],"picked":"Creative AI","floor":33},{"not_picked":["Streamline","Skim","Lockon","Stack"],"picked":"SKIP","floor":35},{"not_picked":["Sweeping Beam+1","Force Field","Gash"],"picked":"Reinforced Body+1","floor":36},{"not_picked":["White Noise","Steam","Genetic Algorithm","Tempest"],"picked":"SKIP","floor":42}],"player_experience":1577412,"relics_obtained":[{"floor":6,"key":"Art of War"},{"floor":9,"key":"Potion Belt"},{"floor":13,"key":"War Paint"},{"floor":23,"key":"Letter Opener"},{"floor":25,"key":"Thread and Needle"},{"floor":26,"key":"Question Card"},{"floor":27,"key":"Pen Nib"},{"floor":31,"key":"Whetstone"},{"floor":38,"key":"Nunchaku"},{"floor":42,"key":"Symbiotic Virus"}],"event_choices":[{"damage_healed":0,"gold_gain":150,"player_choice":"AGREE","damage_taken":0,"max_hp_gain":0,"max_hp_loss":0,"event_name":"Liars Game","floor":4,"gold_loss":0,"cards_obtained":["Doubt"]},{"damage_healed":0,"gold_gain":100,"player_choice":"Gold","damage_taken":0,"max_hp_gain":0,"max_hp_loss":0,"event_name":"Wheel of Change","floor":8,"gold_loss":0},{"damage_healed":0,"gold_gain":0,"cards_transformed":["Strike_B","Strike_B"],"player_choice":"Became Test Subject","damage_taken":0,"max_hp_gain":0,"max_hp_loss":0,"event_name":"Drug Dealer","floor":19,"gold_loss":0,"cards_obtained":["Auto Shields","Amplify"]},{"damage_healed":0,"gold_gain":0,"player_choice":"Simplicity","damage_taken":0,"max_hp_gain":0,"max_hp_loss":0,"event_name":"Back to Basics","floor":22,"gold_loss":0,"cards_upgraded":["Strike_B","Defend_B","Defend_B","Defend_B","Defend_B"]},{"damage_healed":0,"gold_gain":0,"player_choice":"Upgraded Two","damage_taken":0,"max_hp_gain":0,"max_hp_loss":0,"event_name":"Designer","floor":29,"gold_loss":50,"cards_upgraded":["Ball Lightning","Amplify"]},{"damage_healed":0,"gold_gain":0,"player_choice":"Fight","damage_taken":0,"max_hp_gain":0,"max_hp_loss":0,"event_name":"Mysterious Sphere","floor":38,"gold_loss":0},{"damage_healed":0,"gold_gain":0,"player_choice":"Upgraded","damage_taken":0,"max_hp_gain":0,"max_hp_loss":0,"event_name":"Upgrade Shrine","floor":39,"gold_loss":0,"cards_upgraded":["Consume"]}],"is_beta":false,"boss_relics":[{"not_picked":["Calling Bell","Philosopher\u0027s Stone"],"picked":"Velvet Choker"},{"not_picked":["Tiny House","Astrolabe"],"picked":"Nuclear Battery"}],"items_purged_floors":[5,21,37],"is_endless":false,"potions_floor_spawned":[2,3,14,20,23,24,35,36],"killed_by":"Reptomancer","ascension_level":20}