{"gold_per_floor":[113,130,149,200,211,211,244,244,244,209,209,226,226,239,239,239],"floor_reached":16,"playtime":379,"items_purged":[],"score":204,"play_id":"5835a7f6-976d-4c4f-841d-79a46f8b5819","local_time":"20190313143334","is_ascension_mode":true,"campfire_choices":[{"data":"Zap","floor":6,"key":"SMITH"},{"data":"Static Discharge","floor":8,"key":"SMITH"},{"data":"Genetic Algorithm","floor":11,"key":"SMITH"},{"data":"Rip and Tear","floor":15,"key":"SMITH"}],"neow_cost":"NONE","seed_source_timestamp":18092800043669,"circlet_count":0,"master_deck":["AscendersBane","Strike_B","Strike_B","Strike_B","Strike_B","Defend_B","Defend_B","Defend_B","Defend_B","Zap+1","Dualcast","Meteor Strike","Melter","Rip and Tear+1","Auto Shields","Static Discharge+1","Genetic Algorithm+1","Self Repair"],"relics":["Cracked Core","Blood Vial","Juzu Bracelet"],"potions_floor_usage":[16,16],"damage_taken":[{"damage":6,"enemies":"2 Louse","floor":1,"turns":2},{"damage":4,"enemies":"Jaw Worm","floor":2,"turns":3},{"damage":0,"enemies":"Small Slimes","floor":3,"turns":2},{"damage":2,"enemies":"2 Fungi Beasts","floor":5,"turns":3},{"damage":20,"enemies":"3 Sentries","floor":7,"turns":7},{"damage":31,"enemies":"Exordium Thugs","floor":12,"turns":5},{"damage":6,"enemies":"Looter","floor":14,"turns":3},{"damage":30,"enemies":"Hexaghost","floor":16,"turns":9}],"seed_played":"3959646070504871659","potions_obtained":[{"floor":1,"key":"GamblersBrew"},{"floor":3,"key":"EssenceOfSteel"},{"floor":5,"key":"Dexterity Potion"},{"floor":14,"key":"Strength Potion"}],"is_trial":false,"path_per_floor":["M","M","M","?","M","R","E","R","T","?","R","M","?","M","R","B"],"character_chosen":"DEFECT","items_purchased":[],"campfire_rested":0,"item_purchase_floors":[],"current_hp_per_floor":[58,54,54,54,52,52,32,32,32,49,49,20,20,23,23,0],"gold":239,"neow_bonus":"ONE_RANDOM_RARE_CARD","is_prod":false,"is_daily":false,"chose_seed":false,"campfire_upgraded":4,"win_rate":0,"timestamp":1552484014,"path_taken":["M","M","M","?","M","R","E","R","T","?","R","M","?","M","R","BOSS"],"build_version":"2019-01-23","purchased_purges":0,"victory":false,"max_hp_per_floor":[71,71,71,71,71,71,71,71,71,71,71,71,71,71,71,71],"card_choices":[{"not_picked":["Rebound","Reprogram"],"picked":"Melter","floor":1},{"not_picked":["Barrage","Steam"],"picked":"Rip and Tear","floor":2},{"not_picked":["Compile Driver","Cold Snap"],"picked":"Auto Shields","floor":3},{"not_picked":["Multi-Cast","Compile Driver"],"picked":"Static Discharge","floor":5},{"not_picked":["Amplify","Loop"],"picked":"Genetic Algorithm","floor":7},{"not_picked":["Streamline","Hologram"],"picked":"Self Repair","floor":12},{"not_picked":["Fusion","Barrage","Turbo"],"picked":"SKIP","floor":14}],"player_experience":1402704,"relics_obtained":[{"floor":7,"key":"Blood Vial"},{"floor":9,"key":"Juzu Bracelet"}],"event_choices":[{"damage_healed":0,"gold_gain":51,"player_choice":"Gained Gold","damage_taken":0,"max_hp_gain":0,"max_hp_loss":0,"event_name":"Golden Wing","floor":4,"gold_loss":0},{"damage_healed":17,"gold_gain":0,"player_choice":"Healed","damage_taken":0,"max_hp_gain":0,"max_hp_loss":0,"event_name":"The Cleric","floor":10,"gold_loss":35},{"damage_healed":0,"gold_gain":0,"player_choice":"Ignored","damage_taken":0,"max_hp_gain":0,"max_hp_loss":0,"event_name":"Shining Light","floor":13,"gold_loss":0}],"is_beta":false,"boss_relics":[],"items_purged_floors":[],"is_endless":false,"potions_floor_spawned":[1,3,5,12,14],"killed_by":"Hexaghost","ascension_level":20}