{"gold_per_floor":[366,382,398,452,452,452,58,75,75,85,85,112,130,140,140,213,213,225,236,236,236,236],"floor_reached":22,"playtime":1095,"items_purged":[],"score":310,"play_id":"36cdcc45-8532-4730-aa70-64f2036d4d7c","local_time":"20181025102754","is_ascension_mode":true,"campfire_choices":[{"data":"Sucker Punch","floor":6,"key":"SMITH"},{"data":"Neutralize","floor":11,"key":"SMITH"},{"data":"Dash","floor":15,"key":"SMITH"}],"neow_cost":"TEN_PERCENT_HP_LOSS","seed_source_timestamp":8333157313448,"circlet_count":0,"master_deck":["Defend_G","Defend_G","Defend_G","Defend_G","Defend_G","Strike_G","Strike_G","Strike_G","Strike_G","Strike_G","Survivor","Neutralize+1","AscendersBane","Dash+1","Sucker Punch+1","Quick Slash","Cloak And Dagger","PiercingWail","Flying Knee","Backflip","Finisher","A Thousand Cuts","Blade Dance","Cloak And Dagger"],"relics":["Ring of the Snake","The Courier","Mercury Hourglass","Kunai","Pantograph","Question Card","Eternal Feather"],"potions_floor_usage":[12,18,20],"damage_taken":[{"damage":5,"enemies":"Small Slimes","floor":1,"turns":6},{"damage":0,"enemies":"2 Louse","floor":2,"turns":3},{"damage":0,"enemies":"Cultist","floor":3,"turns":4},{"damage":1,"enemies":"Red Slaver","floor":8,"turns":4},{"damage":2,"enemies":"Exordium Thugs","floor":10,"turns":5},{"damage":28,"enemies":"Gremlin Nob","floor":12,"turns":5},{"damage":2,"enemies":"Lots of Slimes","floor":13,"turns":3},{"damage":0,"enemies":"2 Fungi Beasts","floor":14,"turns":3},{"damage":8,"enemies":"Hexaghost","floor":16,"turns":15},{"damage":2,"enemies":"Chosen","floor":18,"turns":6},{"damage":19,"enemies":"2 Thieves","floor":19,"turns":4},{"damage":24,"enemies":"Colosseum Slavers","floor":20,"turns":6},{"damage":15,"enemies":"3 Cultists","floor":22,"turns":3}],"seed_played":"-8980739692359351276","potions_obtained":[{"floor":1,"key":"AttackPotion"},{"floor":12,"key":"Weak Potion"},{"floor":14,"key":"EssenceOfSteel"},{"floor":18,"key":"SpeedPotion"}],"is_trial":false,"path_per_floor":["M","M","M","?","T","R","$","M","T","M","R","E","M","M","R","B",null,"M","M","?","?"],"character_chosen":"THE_SILENT","items_purchased":["Mercury Hourglass","Kunai"],"campfire_rested":0,"item_purchase_floors":[7,7],"current_hp_per_floor":[58,58,58,58,58,58,58,57,57,55,55,27,25,25,25,42,58,56,37,13,13,0],"gold":236,"neow_bonus":"TWO_FIFTY_GOLD","is_prod":false,"is_daily":false,"chose_seed":false,"campfire_upgraded":3,"win_rate":0,"timestamp":1540456074,"path_taken":["M","M","M","?","?","R","$","M","T","M","R","E","?","?","R","BOSS","M","M","?","?","M"],"build_version":"2018-10-24","purchased_purges":0,"victory":false,"max_hp_per_floor":[63,63,63,63,63,63,63,63,63,63,63,63,63,63,63,63,63,63,63,63,63,63],"card_choices":[{"not_picked":["Caltrops","Blade Dance"],"picked":"Dash","floor":1},{"not_picked":["Dagger Throw","Dodge and Roll"],"picked":"Sucker Punch","floor":2},{"not_picked":["Slice","Deflect"],"picked":"Quick Slash","floor":3},{"not_picked":["Dagger Spray","PiercingWail"],"picked":"Cloak And Dagger","floor":8},{"not_picked":["Wraith Form v2","Deadly Poison"],"picked":"PiercingWail","floor":10},{"not_picked":["Dodge and Roll","Calculated Gamble"],"picked":"Flying Knee","floor":12},{"not_picked":["Reflex","Deflect","Deadly Poison"],"picked":"Backflip","floor":13},{"not_picked":["Venomology","Quick Slash","Acrobatics"],"picked":"Finisher","floor":14},{"not_picked":["Phantasmal Killer","Bullet Time","Malaise"],"picked":"A Thousand Cuts","floor":16},{"not_picked":["Sucker Punch","Eviscerate","Tactician","Prepared"],"picked":"SKIP","floor":18},{"not_picked":["Outmaneuver","Dagger Throw","Sucker Punch"],"picked":"Blade Dance","floor":19}],"player_experience":677651,"relics_obtained":[{"floor":5,"key":"The Courier"},{"floor":9,"key":"Pantograph"},{"floor":12,"key":"Question Card"}],"event_choices":[{"damage_healed":0,"gold_gain":54,"player_choice":"Gained Gold","damage_taken":0,"max_hp_gain":0,"max_hp_loss":0,"event_name":"Golden Wing","floor":4,"gold_loss":0},{"damage_healed":0,"gold_gain":0,"player_choice":"Fight","damage_taken":0,"max_hp_gain":0,"max_hp_loss":0,"event_name":"Colosseum","floor":20,"gold_loss":0},{"damage_healed":0,"gold_gain":0,"player_choice":"Fled From Nobs","damage_taken":0,"max_hp_gain":0,"max_hp_loss":0,"event_name":"Colosseum","floor":20,"gold_loss":0},{"damage_healed":0,"gold_gain":0,"player_choice":"Copied","damage_taken":0,"max_hp_gain":0,"max_hp_loss":0,"event_name":"Duplicator","floor":21,"gold_loss":0,"cards_obtained":["Cloak And Dagger"]}],"is_beta":true,"boss_relics":[{"not_picked":["Snecko Eye","White Beast Statue"],"picked":"Eternal Feather"}],"items_purged_floors":[],"is_endless":false,"potions_floor_spawned":[1,12,14,18],"killed_by":"3 Cultists","ascension_level":13}