{"gold_per_floor":[116,41,60,60,60,89,89,109,109,160,188,202,236,247,247,325,325,336,261,261,261],"floor_reached":21,"playtime":863,"items_purged":["Strike_G"],"score":444,"play_id":"9ba11046-5718-4efe-8f85-7e365478b9b8","local_time":"20190326122353","is_ascension_mode":true,"campfire_choices":[{"data":"Predator","floor":7,"key":"SMITH"},{"data":"Footwork","floor":15,"key":"SMITH"}],"neow_cost":"NONE","seed_source_timestamp":99531557939531,"circlet_count":0,"master_deck":["AscendersBane","Defend_G","Defend_G","Defend_G","Defend_G","Defend_G","Strike_G","Strike_G","Strike_G","Survivor","Neutralize","Predator+1","Footwork+1","Corpse Explosion","Backflip","Deadly Poison","Crippling Poison","PiercingWail","After Image","Deadly Poison","Necronomicurse"],"relics":["Ring of the Snake","NeowsBlessing","Pear","Vajra","Pantograph","Bag of Marbles","Velvet Choker","Necronomicon"],"potions_floor_usage":[16,18],"damage_taken":[{"damage":0,"enemies":"Jaw Worm","floor":1,"turns":1},{"damage":0,"enemies":"2 Louse","floor":3,"turns":1},{"damage":0,"enemies":"Gremlin Nob","floor":6,"turns":1},{"damage":0,"enemies":"Small Slimes","floor":8,"turns":3},{"damage":12,"enemies":"3 Sentries","floor":11,"turns":5},{"damage":0,"enemies":"Blue Slaver","floor":12,"turns":4},{"damage":25,"enemies":"Lagavulin","floor":13,"turns":7},{"damage":0,"enemies":"Red Slaver","floor":14,"turns":6},{"damage":54,"enemies":"Slime Boss","floor":16,"turns":12},{"damage":9,"enemies":"2 Thieves","floor":18,"turns":4},{"damage":21,"enemies":"Colosseum Slavers","floor":21,"turns":4},{"damage":14,"enemies":"Colosseum Nobs","floor":21,"turns":3}],"seed_played":"8844041760350963054","potions_obtained":[{"floor":6,"key":"Ancient Potion"},{"floor":11,"key":"GhostInAJar"},{"floor":14,"key":"Dexterity Potion"},{"floor":16,"key":"Fire Potion"},{"floor":18,"key":"SpeedPotion"}],"is_trial":false,"path_per_floor":["M","?","M","$","?","E","R","M","T","T","E","M","E","M","R","B",null,"M","$","?","?"],"character_chosen":"THE_SILENT","items_purchased":[],"campfire_rested":0,"item_purchase_floors":[],"current_hp_per_floor":[59,59,59,59,64,64,64,64,74,74,62,62,37,37,37,8,63,54,54,33,0],"gold":261,"neow_bonus":"THREE_ENEMY_KILL","is_prod":false,"is_daily":false,"chose_seed":false,"campfire_upgraded":2,"win_rate":0,"timestamp":1553599433,"path_taken":["M","?","M","$","?","E","R","M","T","?","E","M","E","M","R","BOSS","M","$","?","?"],"build_version":"2019-01-23","purchased_purges":1,"victory":false,"max_hp_per_floor":[66,66,66,66,71,71,71,71,81,81,81,81,81,81,81,81,81,81,81,81,81],"card_choices":[{"not_picked":["Flying Knee","Sucker Punch"],"picked":"Predator","floor":1},{"not_picked":["Bane","Underhanded Strike"],"picked":"Footwork","floor":3},{"not_picked":["Escape Plan","Burst"],"picked":"Corpse Explosion","floor":6},{"not_picked":["Quick Slash","Heel Hook"],"picked":"Backflip","floor":8},{"not_picked":["Backflip","Masterful Stab"],"picked":"Deadly Poison","floor":11},{"not_picked":["Dagger Spray","Outmaneuver"],"picked":"Crippling Poison","floor":12},{"not_picked":["Deadly Poison","Poisoned Stab"],"picked":"PiercingWail","floor":13},{"not_picked":["Cloak And Dagger","Acrobatics","Riddle With Holes"],"picked":"SKIP","floor":14},{"not_picked":["Venomology","Tools of the Trade"],"picked":"After Image","floor":16},{"not_picked":["Poisoned Stab","Flechettes"],"picked":"Deadly Poison","floor":18}],"player_experience":1478480,"relics_obtained":[{"floor":9,"key":"Pear"},{"floor":10,"key":"Vajra"},{"floor":11,"key":"Pantograph"},{"floor":13,"key":"Bag of Marbles"},{"floor":20,"key":"Necronomicon"}],"event_choices":[{"cards_removed":["Strike_G"],"damage_healed":0,"gold_gain":0,"player_choice":"Card Removal","damage_taken":0,"max_hp_gain":0,"max_hp_loss":0,"event_name":"The Cleric","floor":2,"gold_loss":75},{"damage_healed":0,"gold_gain":0,"player_choice":"Donut","damage_taken":0,"max_hp_gain":5,"max_hp_loss":0,"event_name":"Big Fish","floor":5,"gold_loss":0},{"damage_healed":0,"gold_gain":0,"player_choice":"Obtained Book","damage_taken":21,"max_hp_gain":0,"max_hp_loss":0,"event_name":"Cursed Tome","floor":20,"gold_loss":0},{"damage_healed":0,"gold_gain":0,"player_choice":"Fight","damage_taken":0,"max_hp_gain":0,"max_hp_loss":0,"event_name":"Colosseum","floor":21,"gold_loss":0},{"damage_healed":0,"gold_gain":0,"player_choice":"Fought Nobs","damage_taken":0,"max_hp_gain":0,"max_hp_loss":0,"event_name":"Colosseum","floor":21,"gold_loss":0}],"is_beta":false,"boss_relics":[{"not_picked":["Busted Crown","Cursed Key"],"picked":"Velvet Choker"}],"items_purged_floors":[19],"is_endless":false,"potions_floor_spawned":[6,11,12,14,16,18],"killed_by":"Colosseum Nobs","ascension_level":20}