{"gold_per_floor":[112,187,200,218,297,331,331,345,345,345,358,323,350,368,368,368],"floor_reached":16,"playtime":4332,"items_purged":[],"score":224,"play_id":"0ef7c2b5-56b7-4929-a5b0-91640c21098b","local_time":"20190217230217","is_ascension_mode":true,"campfire_choices":[{"floor":7,"key":"REST"},{"data":"Dash","floor":10,"key":"SMITH"},{"data":"Infinite Blades","floor":15,"key":"SMITH"}],"neow_cost":"NONE","seed_source_timestamp":43115054741296,"circlet_count":0,"master_deck":["AscendersBane","Defend_G","Defend_G","Defend_G","Defend_G","Defend_G","Strike_G","Strike_G","Strike_G","Strike_G","Strike_G","Survivor","Neutralize","Backflip","Backflip","Dash+1","Flechettes","Infinite Blades+1"],"relics":["Ring of the Snake","Matryoshka","Singing Bowl","PreservedInsect","Tingsha","Turnip"],"potions_floor_usage":[6,6,6,6,13,16,16],"damage_taken":[{"damage":1,"enemies":"Small Slimes","floor":1,"turns":4},{"damage":7,"enemies":"Jaw Worm","floor":3,"turns":7},{"damage":0,"enemies":"Cultist","floor":4,"turns":5},{"damage":34,"enemies":"3 Sentries","floor":6,"turns":13},{"damage":1,"enemies":"2 Fungi Beasts","floor":8,"turns":5},{"damage":1,"enemies":"3 Louse","floor":11,"turns":4},{"damage":14,"enemies":"Lagavulin","floor":13,"turns":9},{"damage":4,"enemies":"Large Slime","floor":14,"turns":8},{"damage":30,"enemies":"Slime Boss","floor":16,"turns":10}],"seed_played":"5968177159164045700","potions_obtained":[{"floor":0,"key":"AttackPotion"},{"floor":0,"key":"EntropicBrew"},{"floor":8,"key":"Weak Potion"},{"floor":11,"key":"Explosive Potion"},{"floor":14,"key":"Swift Potion"}],"is_trial":false,"path_per_floor":["M","?","M","M","T","E","R","M","T","R","M","?","E","M","R","B"],"character_chosen":"THE_SILENT","items_purchased":[],"campfire_rested":1,"item_purchase_floors":[],"current_hp_per_floor":[58,47,40,40,40,6,25,26,26,26,25,42,28,26,26,0],"gold":368,"neow_bonus":"THREE_SMALL_POTIONS","is_prod":false,"is_daily":false,"chose_seed":false,"campfire_upgraded":2,"win_rate":0,"timestamp":1550440937,"path_taken":["M","?","M","M","?","E","R","M","T","R","?","?","E","M","R","BOSS"],"build_version":"2019-01-23","purchased_purges":0,"victory":false,"max_hp_per_floor":[66,66,66,66,66,66,66,68,68,68,68,68,68,70,70,70],"card_choices":[{"not_picked":["Blade Dance","Deflect"],"picked":"Backflip","floor":1},{"not_picked":["Dodge and Roll","Escape Plan"],"picked":"Backflip","floor":3},{"not_picked":["Distraction","Heel Hook","Prepared"],"picked":"SKIP","floor":4},{"not_picked":["Die Die Die","Quick Slash"],"picked":"Dash","floor":6},{"not_picked":["Slice","Prepared","Bane"],"picked":"Singing Bowl","floor":8},{"not_picked":["Slice","Cloak And Dagger"],"picked":"Flechettes","floor":11},{"not_picked":["Underhanded Strike","Bouncing Flask"],"picked":"Infinite Blades","floor":13},{"not_picked":["Dagger Throw","Expertise","Choke"],"picked":"Singing Bowl","floor":14}],"player_experience":1284277,"relics_obtained":[{"floor":5,"key":"Matryoshka"},{"floor":6,"key":"Singing Bowl"},{"floor":9,"key":"PreservedInsect"},{"floor":9,"key":"Tingsha"},{"floor":13,"key":"Turnip"}],"event_choices":[{"damage_healed":0,"gold_gain":75,"player_choice":"Gather Gold","damage_taken":11,"max_hp_gain":0,"max_hp_loss":0,"event_name":"World of Goop","floor":2,"gold_loss":0},{"damage_healed":17,"gold_gain":0,"player_choice":"Healed","damage_taken":0,"max_hp_gain":0,"max_hp_loss":0,"event_name":"The Cleric","floor":12,"gold_loss":35}],"is_beta":false,"boss_relics":[],"items_purged_floors":[],"is_endless":false,"potions_floor_spawned":[3,8,11,14],"killed_by":"Slime Boss","ascension_level":20}