{"gold_per_floor":[109,109,119,119,119,119,137,162,162,177,212,222,239,239,239,315,315,327,252,272,286,286,315,315],"floor_reached":24,"playtime":676,"items_purged":[],"score":606,"play_id":"6c133c58-67e9-4a05-859e-90027633007d","local_time":"20190506082711","is_ascension_mode":true,"campfire_choices":[{"data":"Doom and Gloom","floor":6.0,"key":"SMITH"},{"floor":15.0,"key":"REST"}],"neow_cost":"TEN_PERCENT_HP_LOSS","seed_source_timestamp":0,"circlet_count":0,"master_deck":["AscendersBane","Strike_B","Strike_B","Defend_B+1","Defend_B","Defend_B","Defend_B","Zap+1","Dualcast","Echo Form","Seek","Doom and Gloom+1","Darkness","Sunder","Conserve Battery","Cold Snap","Seek+1","Coolheaded","Self Repair+1","Redo+1","Coolheaded"],"special_seed":0,"relics":["Cracked Core","Symbiotic Virus","Mercury Hourglass","Dream Catcher","Regal Pillow","Coffee Dripper","Gremlin Horn"],"potions_floor_usage":[],"damage_taken":[{"damage":4.0,"enemies":"Small Slimes","floor":1.0,"turns":5.0},{"damage":1.0,"enemies":"Cultist","floor":3.0,"turns":3.0},{"damage":7.0,"enemies":"Jaw Worm","floor":7.0,"turns":2.0},{"damage":8.0,"enemies":"Gremlin Nob","floor":8.0,"turns":3.0},{"damage":6.0,"enemies":"2 Fungi Beasts","floor":10.0,"turns":2.0},{"damage":0.0,"enemies":"Lagavulin","floor":11.0,"turns":4.0},{"damage":0.0,"enemies":"3 Louse","floor":12.0,"turns":1.0},{"damage":1.0,"enemies":"Exordium Wildlife","floor":13.0,"turns":4.0},{"damage":0.0,"enemies":"Slime Boss","floor":16.0,"turns":4.0},{"damage":15.0,"enemies":"Shell Parasite","floor":18.0,"turns":3.0},{"damage":9.0,"enemies":"2 Thieves","floor":20.0,"turns":3.0},{"damage":2.0,"enemies":"Centurion and Healer","floor":21.0,"turns":5.0},{"damage":39.0,"enemies":"Book of Stabbing","floor":23.0,"turns":4.0},{"damage":0,"enemies":"Snake Plant","floor":24,"turns":1}],"seed_played":"6991643987602042855","potions_obtained":[{"floor":3.0,"key":"AttackPotion"},{"floor":10.0,"key":"Strength Potion"},{"floor":11.0,"key":"LiquidBronze"},{"floor":12.0,"key":"Swift Potion"},{"floor":21.0,"key":"SkillPotion"},{"floor":23.0,"key":"EssenceOfSteel"}],"is_trial":false,"path_per_floor":["M","?","M","?","T","R","M","E","T","M","E","M","M","?","R","B",null,"M","?","M","M","?","E","M"],"character_chosen":"DEFECT","items_purchased":[],"campfire_rested":1,"item_purchase_floors":[],"current_hp_per_floor":[60,60,59,40,40,40,33,25,25,19,19,19,18,11,45,45,59,44,44,35,43,43,4,4],"gold":315,"neow_bonus":"THREE_RARE_CARDS","is_prod":false,"is_daily":false,"chose_seed":false,"campfire_upgraded":1,"win_rate":0,"timestamp":1557124031,"path_taken":["M","?","?","?","?","R","M","E","T","M","E","M","M","?","R","BOSS","M","?","M","M","?","E","M"],"build_version":"2019-01-23","purchased_purges":0,"victory":false,"max_hp_per_floor":[64,64,64,64,64,64,64,64,64,64,64,64,64,64,64,64,64,64,64,64,64,64,64,64],"card_choices":[{"not_picked":["Reboot","Seek"],"picked":"Echo Form","floor":0.0},{"not_picked":["Rebound","Beam Cell","Hologram"],"picked":"SKIP","floor":1.0},{"not_picked":["Gash","Consume"],"picked":"Doom and Gloom","floor":3.0},{"not_picked":["Rip and Tear","Sweeping Beam"],"picked":"Darkness","floor":7.0},{"not_picked":["Chill","Steam"],"picked":"Sunder","floor":8.0},{"not_picked":["Aggregate","Stack"],"picked":"Conserve Battery","floor":10.0},{"not_picked":["Go for the Eyes","Heatsinks","Blizzard"],"picked":"SKIP","floor":11.0},{"not_picked":["Reinforced Body","BootSequence"],"picked":"Cold Snap","floor":12.0},{"not_picked":["Recycle","Gash","Rebound"],"picked":"SKIP","floor":13.0},{"not_picked":["Rainbow","Echo Form"],"picked":"Seek","floor":16.0},{"not_picked":["Gash","Redo"],"picked":"Coolheaded","floor":18.0},{"not_picked":["Ball Lightning","Redo"],"picked":"Self Repair+1","floor":20.0},{"not_picked":["Barrage","Hologram"],"picked":"Redo+1","floor":21.0},{"not_picked":["Fusion","Tempest"],"picked":"Coolheaded","floor":23.0}],"player_experience":1659755,"relics_obtained":[{"floor":5.0,"key":"Symbiotic Virus"},{"floor":8.0,"key":"Mercury Hourglass"},{"floor":9.0,"key":"Dream Catcher"},{"floor":11.0,"key":"Regal Pillow"},{"floor":23.0,"key":"Gremlin Horn"}],"event_choices":[{"damage_healed":0.0,"max_hp_gain":0.0,"max_hp_loss":0.0,"gold_gain":0.0,"event_name":"Match and Keep!","player_choice":"1 cards matched","floor":2.0,"gold_loss":0.0,"damage_taken":0.0,"cards_obtained":["Seek"]},{"damage_healed":0.0,"max_hp_gain":0.0,"max_hp_loss":0.0,"gold_gain":0.0,"event_name":"Shining Light","player_choice":"Entered Light","floor":4.0,"gold_loss":0.0,"damage_taken":19.0,"cards_upgraded":["Zap","Defend_B"]},{"cards_removed":["Strike_B"],"damage_healed":0.0,"max_hp_gain":0.0,"max_hp_loss":0.0,"gold_gain":0.0,"event_name":"Golden Wing","player_choice":"Card Removal","floor":14.0,"gold_loss":0.0,"damage_taken":7.0},{"cards_removed":["Strike_B"],"damage_healed":0.0,"max_hp_gain":0.0,"max_hp_loss":0.0,"gold_gain":0.0,"event_name":"Beggar","player_choice":"Gave Gold","floor":19.0,"gold_loss":75.0,"damage_taken":0.0},{"damage_healed":0.0,"max_hp_gain":0.0,"max_hp_loss":0.0,"gold_gain":0.0,"event_name":"Accursed Blacksmith","player_choice":"Forge","floor":22.0,"gold_loss":0.0,"damage_taken":0.0,"cards_upgraded":["Seek"]}],"is_beta":false,"boss_relics":[{"not_picked":["Eternal Feather","Orrery"],"picked":"Coffee Dripper"}],"items_purged_floors":[],"is_endless":false,"potions_floor_spawned":[3,10,11,12,21,23],"killed_by":"Snake Plant","ascension_level":20}