{"gold_per_floor":[118,118,129,139,104,104,120,154,154,154,11,24,39,102,102,178,178,197,217,73,73,84,84],"floor_reached":23,"playtime":1796,"items_purged":[],"score":328,"play_id":"b201d67e-76ad-4e42-b1cf-0063c5fe56d8","local_time":"20180928101311","is_ascension_mode":true,"campfire_choices":[{"data":"Sunder","floor":6,"key":"SMITH"},{"data":"Self Repair","floor":10,"key":"SMITH"},{"data":"Consume","floor":15,"key":"SMITH"}],"neow_cost":"NONE","seed_source_timestamp":4829550991600,"circlet_count":0,"master_deck":["Strike_B","Strike_B","Strike_B","Strike_B","Defend_B","Defend_B","Defend_B","Defend_B","Zap","Dualcast","AscendersBane","Sunder+1","Self Repair+1","BootSequence","Ball Lightning","Auto Shields","Electrodynamics","Consume+1","Biased Cognition","Leap","Buffer","Hello World","Ball Lightning","Double Energy"],"relics":["Cracked Core","Blood Vial","Matryoshka","Pantograph","Gremlin Horn","Nuclear Battery","PreservedInsect","MutagenicStrength"],"potions_floor_usage":[],"damage_taken":[{"damage":16,"enemies":"Jaw Worm","floor":1,"turns":4},{"damage":7,"enemies":"2 Louse","floor":3,"turns":3},{"damage":1,"enemies":"Cultist","floor":4,"turns":3},{"damage":14,"enemies":"Exordium Wildlife","floor":7,"turns":3},{"damage":30,"enemies":"3 Sentries","floor":8,"turns":7},{"damage":0,"enemies":"3 Louse","floor":12,"turns":2},{"damage":5,"enemies":"2 Fungi Beasts","floor":13,"turns":3},{"damage":39,"enemies":"Slime Boss","floor":16,"turns":8},{"damage":22,"enemies":"Spheric Guardian","floor":18,"turns":4},{"damage":24,"enemies":"2 Thieves","floor":19,"turns":4},{"damage":30,"enemies":"Snake Plant","floor":22,"turns":4},{"damage":26,"enemies":"Gremlin Leader","floor":23,"turns":2}],"seed_played":"-7461950090772778722","potions_obtained":[{"floor":1,"key":"SneckoOil"},{"floor":3,"key":"GamblersBrew"}],"is_trial":false,"path_per_floor":["M","?","M","M","?","R","M","E","T","R","$","M","M","?","R","B",null,"M","M","$","?","M"],"character_chosen":"DEFECT","items_purchased":["Electrodynamics","Consume","PreservedInsect"],"campfire_rested":0,"item_purchase_floors":[11,11,20],"current_hp_per_floor":[50,50,45,53,70,70,64,43,43,43,43,55,62,62,62,32,61,51,39,39,39,21,0],"gold":84,"neow_bonus":"RANDOM_COMMON_RELIC","is_prod":false,"is_daily":false,"chose_seed":false,"campfire_upgraded":3,"win_rate":0,"timestamp":1538122391,"path_taken":["M","?","?","M","?","R","M","E","T","R","?","M","M","?","R","BOSS","M","?","$","?","M","E"],"build_version":"2018-09-26v2","purchased_purges":0,"victory":false,"max_hp_per_floor":[71,71,71,71,71,71,71,71,71,71,71,71,71,71,71,71,71,71,71,71,71,71,71],"card_choices":[{"not_picked":["Go for the Eyes","Blizzard"],"picked":"Sunder","floor":1},{"not_picked":["FTL","Redo"],"picked":"Self Repair","floor":3},{"not_picked":["Barrage","Ball Lightning"],"picked":"BootSequence","floor":4},{"not_picked":["Coolheaded","Redo"],"picked":"Ball Lightning","floor":7},{"not_picked":["Barrage","Aggregate"],"picked":"Auto Shields","floor":8},{"not_picked":["Conserve Battery","Genetic Algorithm"],"picked":"Biased Cognition","floor":12},{"not_picked":["Compile Driver","Go for the Eyes"],"picked":"Leap","floor":13},{"not_picked":["Machine Learning","Electrodynamics"],"picked":"Buffer","floor":16},{"not_picked":["Reinforced Body","Hologram"],"picked":"Hello World","floor":18},{"not_picked":["Consume","Go for the Eyes"],"picked":"Ball Lightning","floor":19},{"not_picked":["Coolheaded","Cold Snap"],"picked":"Double Energy","floor":22}],"player_experience":536437,"relics_obtained":[{"floor":8,"key":"Matryoshka"},{"floor":9,"key":"Pantograph"},{"floor":9,"key":"Gremlin Horn"}],"event_choices":[{"event_name":"Liars Game","player_choice":"disagreed","floor":2,"damage_taken":0},{"event_name":"The Cleric","player_choice":"Healed","floor":5,"damage_taken":0},{"event_name":"Golden Wing","player_choice":"Gained Gold","floor":14,"damage_taken":0},{"event_name":"Drug Dealer","player_choice":"Inject Mutagens","floor":21,"damage_taken":0}],"is_beta":true,"boss_relics":[{"not_picked":["Calling Bell","Astrolabe"],"picked":"Nuclear Battery"}],"items_purged_floors":[],"is_endless":false,"potions_floor_spawned":[1,3,4,8,16,19],"killed_by":"Gremlin Leader","ascension_level":14}