{"path_per_floor":["M","M","$","M","$","R","M","E","T","R","M","E","R","M","R","B",null,"M","M","M","$","?"],"character_chosen":"THE_SILENT","items_purchased":["Jack Of All Trades","Deadly Poison","Meat on the Bone"],"gold_per_floor":[109,121,24,42,18,18,29,63,63,63,83,109,109,124,124,225,225,239,253,273,15,15,15],"floor_reached":23,"campfire_rested":1,"playtime":932,"item_purchase_floors":[3,5,21],"current_hp_per_floor":[67,65,65,65,65,65,57,49,49,49,44,16,37,36,36,15,70,70,58,41,41,25,0],"items_purged":[],"gold":15,"score":269,"play_id":"ae982b6b-6e9c-4126-89b4-92bc8b67aa62","local_time":"20180524180717","is_prod":false,"is_daily":false,"chose_seed":false,"is_ascension_mode":true,"campfire_upgraded":3,"win_rate":0,"timestamp":1527178037,"campfire_choices":[{"data":"Jack Of All Trades","floor":6,"key":"SMITH"},{"data":"Deadly Poison","floor":10,"key":"SMITH"},{"floor":13,"key":"REST"},{"data":"Deadly Poison","floor":15,"key":"SMITH"}],"path_taken":["M","M","$","M","$","R","M","E","T","R","M","E","R","M","R","BOSS","M","M","M","$","?","E"],"build_version":"2018-05-23v2","seed_source_timestamp":0,"purchased_purges":0,"victory":false,"master_deck":["Defend_G","Defend_G","Defend_G","Defend_G","Defend_G","Strike_G","Strike_G","Strike_G","Strike_G","Strike_G","Survivor","Neutralize","Dagger Spray","Poisoned Stab","Deadly Poison","Jack Of All Trades+1","Caltrops","Deadly Poison+1","Deadly Poison+1","Dagger Throw","Blade Dance+1","Deadly Poison+1","Cloak And Dagger+1","Burst+1","Bouncing Flask+1","Backflip+1","Acrobatics+1"],"max_hp_per_floor":[70,70,70,70,70,70,70,70,70,70,70,70,70,70,70,70,70,70,70,70,70,70,70],"relics":["Ring of the Snake","Orichalcum","Toxic Egg 2","Torii","Cursed Key","Meat on the Bone","Nilry\u0027s Codex"],"card_choices":[{"not_picked":["Quick Slash","Dagger Throw"],"picked":"Dagger Spray","floor":0.0},{"not_picked":["Sucker Punch","Dagger Spray"],"picked":"Poisoned Stab","floor":1.0},{"not_picked":["All Out Attack","Backflip"],"picked":"Deadly Poison","floor":2},{"not_picked":["Heel Hook","Slice"],"picked":"Caltrops","floor":4},{"not_picked":["Backflip","Expertise"],"picked":"Deadly Poison","floor":7},{"not_picked":["Acrobatics","Tactician"],"picked":"Dagger Throw","floor":8},{"not_picked":["Dodge and Roll+1","Slice"],"picked":"Blade Dance+1","floor":11},{"not_picked":["Grand Finale","Backstab"],"picked":"Deadly Poison+1","floor":12},{"not_picked":["Dagger Throw","Underhanded Strike"],"picked":"Cloak And Dagger+1","floor":14},{"not_picked":["Bullet Time+1","Adrenaline+1"],"picked":"Burst+1","floor":16},{"not_picked":["Slice","PiercingWail+1"],"picked":"Bouncing Flask+1","floor":18},{"not_picked":["PiercingWail+1","Dodge and Roll+1"],"picked":"Backflip+1","floor":19},{"not_picked":["Outmaneuver+1","Concentrate+1"],"picked":"Acrobatics+1","floor":20}],"player_experience":200921,"potions_floor_usage":[8,11,16,16,23],"damage_taken":[{"damage":3.0,"enemies":"Cultist","floor":1.0,"turns":4.0},{"damage":2,"enemies":"Small Slimes","floor":2,"turns":4},{"damage":0,"enemies":"Jaw Worm","floor":4,"turns":3},{"damage":8,"enemies":"Blue Slaver","floor":7,"turns":4},{"damage":8,"enemies":"Gremlin Nob","floor":8,"turns":3},{"damage":5,"enemies":"Large Slime","floor":11,"turns":5},{"damage":28,"enemies":"Lagavulin","floor":12,"turns":4},{"damage":1,"enemies":"Looter","floor":14,"turns":2},{"damage":21,"enemies":"Slime Boss","floor":16,"turns":8},{"damage":0,"enemies":"3 Byrds","floor":18,"turns":3},{"damage":12,"enemies":"Chosen","floor":19,"turns":4},{"damage":17,"enemies":"Snake Plant","floor":20,"turns":3},{"damage":26,"enemies":"Book of Stabbing","floor":23,"turns":3}],"relics_obtained":[{"floor":8,"key":"Orichalcum"},{"floor":9,"key":"Toxic Egg 2"},{"floor":12,"key":"Torii"},{"floor":22,"key":"Nilry\u0027s Codex"}],"event_choices":[{"event_name":"Cursed Tome","player_choice":"Obtained Book","floor":22,"damage_taken":0}],"boss_relics":[{"not_picked":["Runic Dome","Velvet Choker"],"picked":"Cursed Key"}],"items_purged_floors":[],"potions_floor_spawned":[4,8,11,12,20],"seed_played":"4448436800333717934","killed_by":"Book of Stabbing","ascension_level":4,"potions_obtained":[{"floor":4,"key":"GamblersBrew"},{"floor":8,"key":"AttackPotion"},{"floor":11,"key":"SteroidPotion"},{"floor":12,"key":"Strength Potion"},{"floor":20,"key":"AttackPotion"}],"is_trial":false}