{"gold_per_floor":[119,119,119,134,144,144,1,32,32,32,32,57,67,77,77,178,178,193,193,213,213,213,213,213],"floor_reached":24,"playtime":1123,"items_purged":[],"score":316,"play_id":"e29dff4a-df21-43b5-ad7a-39bfd9ab50f7","local_time":"20180928090136","is_ascension_mode":true,"campfire_choices":[{"data":"Noxious Fumes","floor":6,"key":"SMITH"},{"floor":11,"key":"REST"},{"data":"Caltrops","floor":15,"key":"SMITH"},{"floor":23,"key":"REST"}],"neow_cost":"NONE","seed_source_timestamp":1207176626644,"circlet_count":0,"master_deck":["Defend_G","Defend_G","Defend_G","Defend_G","Defend_G","Strike_G+1","Strike_G","Strike_G","Strike_G+1","Strike_G","Survivor","Neutralize","AscendersBane","Cloak And Dagger","Dodge and Roll","Noxious Fumes+1","Dagger Spray","Caltrops+1","Heel Hook","Deadly Poison","Adrenaline+1","Prepared+1","Riddle With Holes+1","Adrenaline+1","Clumsy","Writhe","Decay","Cloak And Dagger+1","Terror+1"],"relics":["Ring of the Snake","NeowsBlessing","Thread and Needle","Toxic Egg 2","Vajra","Calling Bell","Smiling Mask","Ninja Scroll","Mango","Enchiridion"],"potions_floor_usage":[12,16,16,21],"damage_taken":[{"damage":0,"enemies":"Small Slimes","floor":1,"turns":1},{"damage":0,"enemies":"Cultist","floor":4,"turns":1},{"damage":0,"enemies":"Jaw Worm","floor":5,"turns":1},{"damage":30,"enemies":"Gremlin Nob","floor":8,"turns":5},{"damage":6,"enemies":"Lagavulin","floor":12,"turns":7},{"damage":0,"enemies":"Blue Slaver","floor":13,"turns":3},{"damage":0,"enemies":"Exordium Wildlife","floor":14,"turns":3},{"damage":33,"enemies":"Slime Boss","floor":16,"turns":9},{"damage":18,"enemies":"Chosen","floor":18,"turns":6},{"damage":12,"enemies":"Spheric Guardian","floor":20,"turns":4},{"damage":2,"enemies":"Colosseum Slavers","floor":21,"turns":4},{"damage":45,"enemies":"Slavers","floor":24,"turns":4}],"seed_played":"4540188937219326574","potions_obtained":[{"floor":1,"key":"Explosive Potion"},{"floor":8,"key":"Fire Potion"},{"floor":12,"key":"SpeedPotion"},{"floor":18,"key":"LiquidBronze"},{"floor":20,"key":"SkillPotion"}],"is_trial":false,"path_per_floor":["M","?","?","M","M","R","$","E","T","$","R","E","M","M","R","B",null,"M","?","M","?","?","R"],"character_chosen":"THE_SILENT","items_purchased":["Caltrops","Heel Hook"],"campfire_rested":2,"item_purchase_floors":[7,7],"current_hp_per_floor":[63,63,49,49,49,49,49,19,19,19,40,34,34,34,34,1,67,49,49,37,35,19,44,0],"gold":213,"neow_bonus":"THREE_ENEMY_KILL","is_prod":false,"is_daily":false,"chose_seed":false,"campfire_upgraded":2,"win_rate":0,"timestamp":1538118096,"path_taken":["M","?","?","?","?","R","$","E","T","$","R","E","M","M","R","BOSS","M","?","M","?","?","R","E"],"build_version":"2018-09-26v2","purchased_purges":0,"victory":false,"max_hp_per_floor":[70,70,70,70,70,70,70,70,70,70,70,70,70,70,70,70,84,84,84,84,84,84,84,84],"card_choices":[{"not_picked":["Choke","Sucker Punch"],"picked":"Cloak And Dagger","floor":1},{"not_picked":["Eviscerate","Concentrate"],"picked":"Noxious Fumes","floor":4},{"not_picked":["Poisoned Stab","Prepared"],"picked":"Dagger Spray","floor":5},{"not_picked":["Dodge and Roll","Setup"],"picked":"Deadly Poison","floor":8},{"not_picked":["Flying Knee","Deflect+1"],"picked":"Adrenaline+1","floor":12},{"not_picked":["Underhanded Strike","Dagger Throw"],"picked":"Prepared+1","floor":13},{"not_picked":["Acrobatics+1","Prepared+1"],"picked":"Riddle With Holes","floor":14},{"not_picked":["Glass Knife","Wraith Form v2"],"picked":"Adrenaline+1","floor":16},{"not_picked":["Expertise+1","Poisoned Stab"],"picked":"Cloak And Dagger+1","floor":18},{"not_picked":["Masterful Stab","Poisoned Stab+1"],"picked":"Terror+1","floor":20}],"player_experience":533084,"relics_obtained":[{"floor":8,"key":"Thread and Needle"},{"floor":9,"key":"Toxic Egg 2"},{"floor":12,"key":"Vajra"},{"floor":17,"key":"Smiling Mask"},{"floor":17,"key":"Ninja Scroll"},{"floor":17,"key":"Mango"},{"floor":22,"key":"Enchiridion"}],"event_choices":[{"event_name":"Match and Keep!","player_choice":"1 cards matched","floor":2,"damage_taken":0},{"event_name":"Shining Light","player_choice":"Entered Light","floor":3,"damage_taken":0},{"event_name":"Upgrade Shrine","player_choice":"Upgraded","floor":19,"damage_taken":0},{"event_name":"Colosseum","player_choice":"Fight","floor":21,"damage_taken":0},{"event_name":"Colosseum","player_choice":"Fled From Nobs","floor":21,"damage_taken":0},{"event_name":"Cursed Tome","player_choice":"Obtained Book","floor":22,"damage_taken":0}],"is_beta":true,"boss_relics":[{"not_picked":["Black Star","Coffee Dripper"],"picked":"Calling Bell"}],"items_purged_floors":[],"is_endless":false,"potions_floor_spawned":[1,8,12,13,14,18,20,21],"killed_by":"Slavers","ascension_level":11}