{"gold_per_floor":[117,117,134,59,78,106,106,137,160,193,193],"floor_reached":11,"playtime":466,"items_purged":[],"score":182,"play_id":"8068e93b-2fd5-45e4-a1c1-ab90061ffa67","local_time":"20190124193654","is_ascension_mode":true,"campfire_choices":[{"data":"Spot Weakness","floor":7,"key":"SMITH"}],"neow_cost":"NONE","seed_source_timestamp":32271808086545,"circlet_count":0,"master_deck":["AscendersBane","Strike_R","Strike_R","Strike_R","Strike_R","Defend_R","Defend_R","Defend_R","Defend_R","Bash","Spot Weakness+1","Headbutt","Twin Strike","Fiend Fire","Havoc"],"relics":["Burning Blood","NeowsBlessing","hubris:TenFootPole","Boot","Centennial Puzzle","Juzu Bracelet"],"potions_floor_usage":[10,11],"damage_taken":[{"damage":0,"enemies":"2 Louse","floor":1,"turns":2},{"damage":0,"enemies":"Small Slimes","floor":3,"turns":2},{"damage":0,"enemies":"Cultist","floor":5,"turns":1},{"damage":40,"enemies":"Lagavulin","floor":6,"turns":6},{"damage":40,"enemies":"3 Sentries","floor":8,"turns":7},{"damage":11,"enemies":"Gremlin Nob","floor":10,"turns":3},{"damage":7,"enemies":"Exordium Wildlife","floor":11,"turns":1}],"seed_played":"-7159319286634837140","potions_obtained":[{"floor":3,"key":"Explosive Potion"},{"floor":5,"key":"SteroidPotion"},{"floor":10,"key":"GamblersBrew"}],"is_trial":false,"path_per_floor":["M","?","M","?","M","E","R","E","T","E","M"],"character_chosen":"IRONCLAD","items_purchased":[],"campfire_rested":0,"item_purchase_floors":[],"current_hp_per_floor":[74,79,80,80,80,46,46,12,12,7,0],"gold":193,"neow_bonus":"THREE_ENEMY_KILL","is_prod":false,"is_daily":false,"chose_seed":false,"campfire_upgraded":1,"win_rate":0,"timestamp":1548355014,"path_taken":["M","?","M","?","M","E","R","E","T","E","M"],"build_version":"2019-01-23","purchased_purges":0,"victory":false,"max_hp_per_floor":[75,80,80,80,80,80,80,80,80,80,80],"card_choices":[{"not_picked":["Havoc","Combust"],"picked":"Spot Weakness","floor":1},{"not_picked":["Wild Strike","Pommel Strike"],"picked":"Headbutt","floor":3},{"not_picked":["Armaments","Bloodletting"],"picked":"Twin Strike","floor":5},{"not_picked":["Iron Wave","Shrug It Off"],"picked":"Fiend Fire","floor":6},{"not_picked":["Warcry","Searing Blow"],"picked":"Havoc","floor":8},{"not_picked":["Havoc","Burning Pact","Second Wind"],"picked":"SKIP","floor":10}],"player_experience":1160019,"relics_obtained":[{"floor":6,"key":"hubris:TenFootPole"},{"floor":8,"key":"Boot"},{"floor":9,"key":"Centennial Puzzle"},{"floor":10,"key":"Juzu Bracelet"}],"event_choices":[{"damage_healed":0,"gold_gain":0,"player_choice":"Donut","damage_taken":0,"max_hp_gain":5,"max_hp_loss":0,"event_name":"Big Fish","floor":2,"gold_loss":0},{"cards_removed":["Strike_R"],"damage_healed":0,"gold_gain":0,"player_choice":"Card Removal","damage_taken":0,"max_hp_gain":0,"max_hp_loss":0,"event_name":"The Cleric","floor":4,"gold_loss":75}],"is_beta":false,"boss_relics":[],"items_purged_floors":[],"is_endless":false,"potions_floor_spawned":[3,5,10],"killed_by":"Exordium Wildlife","ascension_level":20}