{"gold_per_floor":[118,131,131,150,150,178,190,217,229,241,86,86],"floor_reached":12,"playtime":283,"items_purged":["Strike_B"],"score":156,"play_id":"c86f8cef-880f-449c-8d67-397498bc2d0e","local_time":"20181213121953","is_ascension_mode":true,"campfire_choices":[{"data":"Defragment","floor":7,"key":"SMITH"},{"data":"Zap","floor":10,"key":"SMITH"}],"neow_cost":"NONE","seed_source_timestamp":3148691705775,"circlet_count":0,"master_deck":["AscendersBane","Strike_B","Strike_B","Strike_B+1","Defend_B","Defend_B","Defend_B","Defend_B","Zap+1","Dualcast","Steam+1","Conserve Battery","Gash","Defragment+1","Rebound","Gash","Defragment"],"relics":["Cracked Core","NeowsBlessing","MawBank","Lantern"],"potions_floor_usage":[],"damage_taken":[{"damage":0,"enemies":"Cultist","floor":1,"turns":1},{"damage":0,"enemies":"Jaw Worm","floor":2,"turns":1},{"damage":0,"enemies":"Small Slimes","floor":4,"turns":1},{"damage":23,"enemies":"3 Sentries","floor":6,"turns":9},{"damage":0,"enemies":"Red Slaver","floor":8,"turns":4},{"damage":43,"enemies":"Gremlin Nob","floor":12,"turns":3}],"seed_played":"4364435628151983909","potions_obtained":[{"floor":4,"key":"Energy Potion"}],"is_trial":false,"path_per_floor":["M","M","?","M","?","E","R","M","T","R","$","E"],"character_chosen":"DEFECT","items_purchased":["Gash","Defragment"],"campfire_rested":0,"item_purchase_floors":[11,11],"current_hp_per_floor":[64,64,69,69,46,23,23,23,23,23,23,0],"gold":86,"neow_bonus":"THREE_ENEMY_KILL","is_prod":false,"is_daily":false,"chose_seed":false,"campfire_upgraded":2,"win_rate":0,"timestamp":1544699993,"path_taken":["M","?","?","M","?","E","R","M","T","R","$","E"],"build_version":"2018-12-12","purchased_purges":1,"victory":false,"max_hp_per_floor":[71,71,76,76,76,76,76,76,76,76,76,76],"card_choices":[{"not_picked":["Reprogram","Heatsinks"],"picked":"Steam","floor":1},{"not_picked":["Steam","Loop"],"picked":"Conserve Battery","floor":2},{"not_picked":["Blizzard","Fusion"],"picked":"Gash","floor":4},{"not_picked":["Seek","Stack"],"picked":"Defragment","floor":6},{"not_picked":["Beam Cell","Turbo"],"picked":"Rebound","floor":8}],"player_experience":1016352,"relics_obtained":[{"floor":6,"key":"MawBank"},{"floor":9,"key":"Lantern"}],"event_choices":[{"damage_healed":0,"gold_gain":0,"player_choice":"Donut","damage_taken":0,"max_hp_gain":5,"max_hp_loss":0,"event_name":"Big Fish","floor":3,"gold_loss":0},{"damage_healed":0,"gold_gain":0,"player_choice":"Entered Light","damage_taken":23,"max_hp_gain":0,"max_hp_loss":0,"event_name":"Shining Light","floor":5,"gold_loss":0,"cards_upgraded":["Steam","Strike_B"]}],"is_beta":true,"boss_relics":[],"items_purged_floors":[11],"is_endless":false,"potions_floor_spawned":[4],"killed_by":"Gremlin Nob","ascension_level":20}