{"gold_per_floor":[118,118,128,128,78,112,112,140,197,207,207,242,255,273,273,370,370,382,382],"floor_reached":19,"playtime":757,"items_purged":[],"score":196,"play_id":"1f84b31a-e43f-4199-ad76-9c2cb2e449ec","local_time":"20190323183134","is_ascension_mode":true,"campfire_choices":[{"data":"Perfected Strike","floor":7.0,"key":"SMITH"},{"data":"True Grit","floor":15.0,"key":"SMITH"}],"neow_cost":"NONE","seed_source_timestamp":0,"circlet_count":0,"master_deck":["Strike_R","Strike_R","Strike_R","Defend_R","Defend_R+1","Defend_R+1","Defend_R","Bash+1","Headbutt","Shrug It Off","True Grit+1","Perfected Strike+1","Anger","Shrug It Off"],"special_seed":0,"relics":["Burning Blood","Oddly Smooth Stone","Smiling Mask","Tiny Chest","Vajra","Coffee Dripper"],"potions_floor_usage":[],"damage_taken":[{"damage":4.0,"enemies":"2 Louse","floor":1.0,"turns":3.0},{"damage":2.0,"enemies":"Small Slimes","floor":3.0,"turns":4.0},{"damage":10.0,"enemies":"3 Sentries","floor":6.0,"turns":14.0},{"damage":20.0,"enemies":"Lagavulin","floor":8.0,"turns":7.0},{"damage":0.0,"enemies":"Cultist","floor":10.0,"turns":3.0},{"damage":22.0,"enemies":"3 Sentries","floor":12.0,"turns":9.0},{"damage":3.0,"enemies":"2 Fungi Beasts","floor":13.0,"turns":3.0},{"damage":5.0,"enemies":"3 Louse","floor":14.0,"turns":3.0},{"damage":17.0,"enemies":"The Guardian","floor":16.0,"turns":17.0},{"damage":2.0,"enemies":"Spheric Guardian","floor":18.0,"turns":5.0},{"damage":0,"enemies":"3 Byrds","floor":19,"turns":1}],"seed_played":"-8107951206115584645","potions_obtained":[{"floor":1.0,"key":"Energy Potion"},{"floor":6.0,"key":"Energy Potion"},{"floor":8.0,"key":"SteroidPotion"},{"floor":12.0,"key":"Weak Potion"}],"is_trial":false,"path_per_floor":["M","?","M","?","?","E","R","E","T","M","?","E","M","M","R","B",null,"M","M"],"character_chosen":"IRONCLAD","items_purchased":[],"campfire_rested":0,"item_purchase_floors":[],"current_hp_per_floor":[80,73,77,61,61,57,57,43,43,49,49,33,36,37,37,26,80,80,80],"gold":382,"neow_bonus":"THREE_CARDS","is_prod":false,"is_daily":false,"chose_seed":false,"campfire_upgraded":2,"win_rate":0,"timestamp":1553362294,"path_taken":["M","?","M","?","?","E","R","E","T","M","?","E","M","?","R","BOSS","M","M"],"build_version":"2019-01-23","purchased_purges":0,"victory":false,"max_hp_per_floor":[80,80,80,80,80,80,80,80,80,80,80,80,80,80,80,80,80,80,80],"card_choices":[{"not_picked":["Shrug It Off","Combust"],"picked":"Headbutt","floor":0.0},{"not_picked":["Feel No Pain","Metallicize"],"picked":"Shrug It Off","floor":1.0},{"not_picked":["Headbutt","Hemokinesis"],"picked":"True Grit","floor":3.0},{"not_picked":["Wild Strike","Twin Strike"],"picked":"Perfected Strike","floor":6.0},{"not_picked":["Shockwave","Rage","Evolve"],"picked":"SKIP","floor":8.0},{"not_picked":["Clash","Shockwave","Dropkick"],"picked":"SKIP","floor":10.0},{"not_picked":["Havoc","Cleave"],"picked":"Anger","floor":12.0},{"not_picked":["Flame Barrier","Shockwave"],"picked":"Shrug It Off","floor":13.0},{"not_picked":["Searing Blow","Cleave","Anger"],"picked":"SKIP","floor":14.0},{"not_picked":["Flame Barrier+1","Infernal Blade","Thunderclap"],"picked":"SKIP","floor":18.0}],"player_experience":1462945,"relics_obtained":[{"floor":6.0,"key":"Oddly Smooth Stone"},{"floor":8.0,"key":"Smiling Mask"},{"floor":9.0,"key":"Tiny Chest"},{"floor":12.0,"key":"Vajra"}],"event_choices":[{"cards_removed":["Strike_R"],"damage_healed":0.0,"max_hp_gain":0.0,"max_hp_loss":0.0,"gold_gain":0.0,"event_name":"Golden Wing","player_choice":"Card Removal","floor":2.0,"gold_loss":0.0,"damage_taken":7.0},{"damage_healed":0.0,"max_hp_gain":0.0,"max_hp_loss":0.0,"gold_gain":0.0,"event_name":"Shining Light","player_choice":"Entered Light","floor":4.0,"gold_loss":0.0,"damage_taken":16.0,"cards_upgraded":["Defend_R","Defend_R"]},{"cards_removed":["Strike_R"],"damage_healed":0.0,"max_hp_gain":0.0,"max_hp_loss":0.0,"gold_gain":0.0,"event_name":"The Cleric","player_choice":"Card Removal","floor":5.0,"gold_loss":50.0,"damage_taken":0.0},{"damage_healed":0.0,"max_hp_gain":0.0,"max_hp_loss":0.0,"gold_gain":0.0,"event_name":"Upgrade Shrine","player_choice":"Upgraded","floor":11.0,"gold_loss":0.0,"damage_taken":0.0,"cards_upgraded":["Bash"]}],"is_beta":false,"boss_relics":[{"not_picked":["Calling Bell","Lizard Tail"],"picked":"Coffee Dripper"}],"items_purged_floors":[],"is_endless":false,"potions_floor_spawned":[1,6,8,12,16,18],"killed_by":"3 Byrds","ascension_level":1}