{"gold_per_floor":[364,63,77,92,92,92,123,123,123,123,137,137,164,180,180,251,251,264,275,275,304,317,317,96,96,96,109,109,109,119,133,133,206,206,222,237,237,24,24,24,38,51,51,51,51,68,68,18,18,18],"floor_reached":50,"playtime":1795,"items_purged":["Strike_R"],"score":845,"play_id":"736d07d7-ab23-4e56-891b-50d171c47b6a","local_time":"20181004152809","is_ascension_mode":true,"campfire_choices":[{"data":"Flex","floor":6,"key":"SMITH"},{"data":"Madness","floor":8,"key":"SMITH"},{"data":"Uppercut","floor":10,"key":"SMITH"},{"data":"Armaments","floor":12,"key":"SMITH"},{"data":"Bash","floor":15,"key":"SMITH"},{"data":"Heavy Blade","floor":23,"key":"SMITH"},{"data":"Heavy Blade","floor":25,"key":"SMITH"},{"floor":29,"key":"REST"},{"floor":32,"key":"REST"},{"data":"Enlightenment","floor":40,"key":"SMITH"},{"data":"Flex","floor":44,"key":"SMITH"},{"data":"Offering","floor":47,"key":"SMITH"},{"data":"Infernal Blade","floor":49,"key":"SMITH"}],"neow_cost":"TEN_PERCENT_HP_LOSS","seed_source_timestamp":22125574944359,"circlet_count":0,"master_deck":["Strike_R","Strike_R","Strike_R","Strike_R","Defend_R","Defend_R","Defend_R","Defend_R","Bash+1","AscendersBane","Uppercut+1","Madness+1","Flex+1","Cleave","Sword Boomerang","Armaments+1","Bludgeon","Cleave","Feed","Infernal Blade+1","Heavy Blade+1","Sword Boomerang","Heavy Blade+1","Bludgeon","Dropkick","Offering+1","Armaments+1","Havoc+1","Pummel","Enlightenment+1","Flex+1","Feel No Pain","Shrug It Off"],"relics":["Black Blood","ClockworkSouvenir","Vajra","Darkstone Periapt","Pen Nib","Red Mask","Bag of Preparation","Nunchaku","Enchiridion","Eternal Feather","Peace Pipe","Bronze Scales","Oddly Smooth Stone"],"potions_floor_usage":[13,16,16,18,22,22,33,37,42,45,50],"damage_taken":[{"damage":1,"enemies":"Cultist","floor":1,"turns":4},{"damage":0,"enemies":"Small Slimes","floor":3,"turns":3},{"damage":2,"enemies":"Jaw Worm","floor":4,"turns":3},{"damage":30,"enemies":"Lagavulin Event","floor":7,"turns":5},{"damage":3,"enemies":"Looter","floor":11,"turns":2},{"damage":18,"enemies":"Gremlin Nob","floor":13,"turns":4},{"damage":17,"enemies":"Lots of Slimes","floor":14,"turns":2},{"damage":10,"enemies":"The Guardian","floor":16,"turns":11},{"damage":18,"enemies":"Shell Parasite","floor":18,"turns":4},{"damage":10,"enemies":"Spheric Guardian","floor":19,"turns":4},{"damage":25,"enemies":"Masked Bandits","floor":21,"turns":4},{"damage":25,"enemies":"Chosen and Byrds","floor":22,"turns":7},{"damage":13,"enemies":"Snake Plant","floor":27,"turns":2},{"damage":9,"enemies":"Shelled Parasite and Fungi","floor":30,"turns":3},{"damage":8,"enemies":"Cultist and Chosen","floor":31,"turns":3},{"damage":22,"enemies":"Collector","floor":33,"turns":6},{"damage":9,"enemies":"Orb Walker","floor":35,"turns":2},{"damage":32,"enemies":"3 Shapes","floor":36,"turns":3},{"damage":26,"enemies":"Mind Bloom Boss Battle","floor":37,"turns":6},{"damage":17,"enemies":"Reptomancer","floor":41,"turns":2},{"damage":23,"enemies":"Maw","floor":42,"turns":6},{"damage":9,"enemies":"Nemesis","floor":45,"turns":2},{"damage":30,"enemies":"Transient","floor":46,"turns":5},{"damage":72,"enemies":"Donu and Deca","floor":50,"turns":4}],"seed_played":"2424754858375856887","potions_obtained":[{"floor":7,"key":"Block Potion"},{"floor":11,"key":"Strength Potion"},{"floor":14,"key":"Swift Potion"},{"floor":16,"key":"AttackPotion"},{"floor":19,"key":"Dexterity Potion"},{"floor":21,"key":"EssenceOfSteel"},{"floor":30,"key":"Fire Potion"},{"floor":33,"key":"SmokeBomb"},{"floor":35,"key":"LiquidBronze"},{"floor":41,"key":"SkillPotion"}],"is_trial":false,"path_per_floor":["M","$","M","M","$","R","?","R","T","R","M","R","E","M","R","B",null,"M","M","?","?","M","R","$","R","T","M","?","R","M","M","R","B",null,"M","M","?","$","?","R","M","M","T","R","E","M","R","$","R"],"character_chosen":"IRONCLAD","items_purchased":["ClockworkSouvenir","Madness","Bag of Preparation","Pummel","Bronze Scales","SteroidPotion"],"campfire_rested":2,"item_purchase_floors":[2,2,24,38,38,48],"current_hp_per_floor":[68,68,68,68,68,68,44,44,44,44,47,47,35,24,24,20,56,48,48,48,36,21,21,21,21,21,18,2,23,24,26,47,35,62,63,41,25,25,25,43,36,23,23,41,42,22,40,40,58,0],"gold":18,"neow_bonus":"TWO_FIFTY_GOLD","is_prod":false,"is_daily":false,"chose_seed":false,"campfire_upgraded":11,"win_rate":0,"timestamp":1538659689,"path_taken":["M","?","M","M","$","R","?","R","T","R","?","R","E","M","R","BOSS","M","M","?","?","M","R","$","R","T","M","?","R","?","M","R","BOSS","M","M","?","$","?","R","M","M","T","R","E","?","R","?","R","BOSS"],"build_version":"2018-10-03","purchased_purges":1,"victory":false,"max_hp_per_floor":[68,68,68,68,68,68,68,68,68,68,68,68,68,68,68,68,68,68,68,68,71,71,71,71,71,71,71,71,71,71,71,71,71,71,71,71,71,71,71,71,71,71,71,71,71,71,71,71,71,71],"card_choices":[{"not_picked":["Armaments","Body Slam"],"picked":"Uppercut","floor":1},{"not_picked":["Headbutt","Armaments"],"picked":"Flex","floor":3},{"not_picked":["Hemokinesis","Perfected Strike"],"picked":"Cleave","floor":4},{"not_picked":["Flame Barrier","Thunderclap"],"picked":"Sword Boomerang","floor":7},{"not_picked":["Corruption","True Grit"],"picked":"Armaments","floor":11},{"not_picked":["True Grit","Carnage"],"picked":"Bludgeon","floor":13},{"not_picked":["Ghostly Armor","Iron Wave"],"picked":"Cleave","floor":14},{"not_picked":["Brutality","Impervious"],"picked":"Feed","floor":16},{"not_picked":["Dual Wield","Warcry"],"picked":"Infernal Blade","floor":18},{"not_picked":["Clash","Reckless Charge"],"picked":"Heavy Blade","floor":19},{"not_picked":["Clash","Flame Barrier"],"picked":"Heavy Blade","floor":21},{"not_picked":["Thunderclap","Evolve","Perfected Strike"],"picked":"SKIP","floor":22},{"not_picked":["Combust","Perfected Strike","Burning Pact+1"],"picked":"SKIP","floor":27},{"not_picked":["Twin Strike","Iron Wave"],"picked":"Bludgeon","floor":30},{"not_picked":["Clash","Armaments"],"picked":"Dropkick","floor":31},{"not_picked":["Bludgeon","Feed"],"picked":"Offering","floor":33},{"not_picked":["Headbutt","Thunderclap"],"picked":"Armaments+1","floor":35},{"not_picked":["Metallicize","Pommel Strike","Headbutt"],"picked":"SKIP","floor":36},{"not_picked":["Iron Wave","Pommel Strike"],"picked":"Havoc+1","floor":37},{"not_picked":["Transmutation","Panache"],"picked":"Enlightenment","floor":39},{"not_picked":["Clash","Ghostly Armor+1"],"picked":"Flex","floor":41},{"not_picked":["Fire Breathing+1","True Grit"],"picked":"Feel No Pain","floor":42},{"not_picked":["Sever Soul","Sword Boomerang"],"picked":"Shrug It Off","floor":46}],"player_experience":590979,"relics_obtained":[{"floor":7,"key":"Vajra"},{"floor":9,"key":"Darkstone Periapt"},{"floor":13,"key":"Pen Nib"},{"floor":21,"key":"Red Mask"},{"floor":26,"key":"Nunchaku"},{"floor":28,"key":"Enchiridion"},{"floor":37,"key":"Peace Pipe"},{"floor":43,"key":"Oddly Smooth Stone"}],"event_choices":[{"event_name":"Dead Adventurer","player_choice":"Searched \u00272\u0027 times","floor":7,"damage_taken":0},{"event_name":"The Library","player_choice":"Read","floor":20,"damage_taken":0},{"event_name":"Masked Bandits","player_choice":"Fought Bandits","floor":21,"damage_taken":0},{"event_name":"Cursed Tome","player_choice":"Obtained Book","floor":28,"damage_taken":0},{"event_name":"MindBloom","player_choice":"Fight","floor":37,"damage_taken":0},{"event_name":"SensoryStone","player_choice":"Memory 1","floor":39,"damage_taken":0}],"is_beta":true,"boss_relics":[{"not_picked":["Busted Crown","Philosopher\u0027s Stone"],"picked":"Black Blood"},{"not_picked":["Empty Cage","Lizard Tail"],"picked":"Eternal Feather"}],"items_purged_floors":[24],"is_endless":false,"potions_floor_spawned":[7,11,14,16,19,21,30,33,35,41,45],"killed_by":"Donu and Deca","ascension_level":14}