{"gold_per_floor":[114,125,125,66,66,66,84,118,118,118,130,55,81,81,81,81],"floor_reached":16,"playtime":408,"items_purged":["Strike_G"],"score":216,"play_id":"782cdc09-2801-4056-851a-62ec64b3af1d","local_time":"20190313222709","is_ascension_mode":true,"campfire_choices":[{"data":"Neutralize","floor":6,"key":"SMITH"},{"floor":10,"key":"REST"},{"data":"Caltrops","floor":15,"key":"SMITH"}],"neow_cost":"PERCENT_DAMAGE","seed_source_timestamp":46477467900457,"circlet_count":0,"master_deck":["AscendersBane","Defend_G+1","Defend_G","Defend_G","Defend_G","Defend_G","Strike_G","Strike_G","Strike_G","Strike_G","Survivor+1","Neutralize+1","Backstab","Caltrops+1","Backstab","Cloak And Dagger","Catalyst"],"relics":["Ring of the Snake","Ice Cream","FossilizedHelix","Frozen Egg 2","Thread and Needle","Molten Egg 2"],"potions_floor_usage":[13,16,16],"damage_taken":[{"damage":6,"enemies":"Small Slimes","floor":1,"turns":5},{"damage":2,"enemies":"Jaw Worm","floor":2,"turns":6},{"damage":0,"enemies":"Cultist","floor":7,"turns":3},{"damage":23,"enemies":"Lagavulin","floor":8,"turns":10},{"damage":0,"enemies":"Red Slaver","floor":11,"turns":2},{"damage":12,"enemies":"Gremlin Nob","floor":13,"turns":5},{"damage":24,"enemies":"Hexaghost","floor":16,"turns":11}],"seed_played":"-2747305819476996474","potions_obtained":[{"floor":1,"key":"Explosive Potion"},{"floor":8,"key":"Block Potion"},{"floor":13,"key":"Dexterity Potion"}],"is_trial":false,"path_per_floor":["M","M","?","?","?","R","M","E","T","R","M","$","E","T","R","B"],"character_chosen":"THE_SILENT","items_purchased":[],"campfire_rested":1,"item_purchase_floors":[],"current_hp_per_floor":[38,36,16,16,35,35,35,12,12,31,31,31,19,19,19,0],"gold":81,"neow_bonus":"ONE_RARE_RELIC","is_prod":false,"is_daily":false,"chose_seed":false,"campfire_upgraded":2,"win_rate":0,"timestamp":1552512429,"path_taken":["M","M","?","?","?","R","M","E","T","R","?","$","E","?","R","BOSS"],"build_version":"2019-01-23","purchased_purges":1,"victory":false,"max_hp_per_floor":[66,66,66,66,66,66,66,66,66,66,66,66,66,66,66,66],"card_choices":[{"not_picked":["Dodge and Roll","Prepared"],"picked":"Backstab","floor":1},{"not_picked":["Prepared","Deflect"],"picked":"Caltrops","floor":2},{"not_picked":["Heel Hook","Dagger Throw"],"picked":"Backstab","floor":7},{"not_picked":["Slice","Underhanded Strike"],"picked":"Cloak And Dagger","floor":8},{"not_picked":["Quick Slash","Expertise"],"picked":"Catalyst","floor":11},{"not_picked":["Cloak And Dagger","Setup","Masterful Stab"],"picked":"SKIP","floor":13}],"player_experience":1410656,"relics_obtained":[{"floor":8,"key":"FossilizedHelix"},{"floor":9,"key":"Frozen Egg 2"},{"floor":13,"key":"Thread and Needle"},{"floor":14,"key":"Molten Egg 2"}],"event_choices":[{"damage_healed":0,"gold_gain":0,"player_choice":"Entered Light","damage_taken":20,"max_hp_gain":0,"max_hp_loss":0,"event_name":"Shining Light","floor":3,"gold_loss":0,"cards_upgraded":["Survivor","Defend_G"]},{"damage_healed":0,"gold_gain":0,"player_choice":"Left Gold","damage_taken":0,"max_hp_gain":0,"max_hp_loss":0,"event_name":"World of Goop","floor":4,"gold_loss":59}],"is_beta":false,"boss_relics":[],"items_purged_floors":[12],"is_endless":false,"potions_floor_spawned":[1,8,13],"killed_by":"Hexaghost","ascension_level":20}