{"gold_per_floor":[116,116,116,133,146,146,171,19,90,121,121,137,137,151,151,151],"floor_reached":16,"playtime":300,"items_purged":["Strike_R"],"score":220,"play_id":"660cf62d-3fd2-4000-9ebe-36a4221275a3","local_time":"20190131224456","is_ascension_mode":true,"campfire_choices":[{"data":"Spot Weakness","floor":6,"key":"SMITH"},{"data":"Rage","floor":13,"key":"SMITH"},{"data":"Intimidate","floor":15,"key":"SMITH"}],"neow_cost":"NONE","seed_source_timestamp":23890642376347,"circlet_count":0,"master_deck":["AscendersBane","Strike_R","Strike_R","Strike_R","Defend_R","Defend_R","Defend_R","Defend_R","Bash","Whirlwind+1","Twin Strike","Spot Weakness+1","infinitespire:OneForAll+1","Rage+1","Thunderclap","Sword Boomerang","Intimidate+1"],"relics":["Burning Blood","NeowsBlessing","Gremlin Horn","Sundial","Letter Opener"],"potions_floor_usage":[7,16],"damage_taken":[{"damage":0,"enemies":"Small Slimes","floor":1,"turns":1},{"damage":0,"enemies":"2 Louse","floor":4,"turns":1},{"damage":0,"enemies":"Cultist","floor":5,"turns":1},{"damage":25,"enemies":"Lagavulin","floor":7,"turns":7},{"damage":39,"enemies":"Gremlin Nob","floor":10,"turns":4},{"damage":0,"enemies":"Lots of Slimes","floor":12,"turns":1},{"damage":12,"enemies":"Exordium Wildlife","floor":14,"turns":2},{"damage":40,"enemies":"The Guardian","floor":16,"turns":6}],"seed_played":"-5132909387324761558","potions_obtained":[{"floor":5,"key":"Energy Potion"},{"floor":14,"key":"Regen Potion"}],"is_trial":false,"path_per_floor":["M","?","?","M","M","R","E","$","T","E","?","M","R","M","R","B"],"character_chosen":"IRONCLAD","items_purchased":["Rage"],"campfire_rested":0,"item_purchase_floors":[8],"current_hp_per_floor":[74,67,67,73,75,75,56,56,56,23,23,29,29,23,23,0],"gold":151,"neow_bonus":"THREE_ENEMY_KILL","is_prod":false,"is_daily":false,"chose_seed":false,"campfire_upgraded":3,"win_rate":0,"timestamp":1548971096,"path_taken":["M","?","?","?","?","R","E","$","T","E","?","M","R","M","R","BOSS"],"build_version":"2019-01-23","purchased_purges":1,"victory":false,"max_hp_per_floor":[75,75,75,75,75,75,75,75,75,75,75,75,75,75,75,75],"card_choices":[{"not_picked":["True Grit","hubris:ReadiedAction"],"picked":"Whirlwind","floor":1},{"not_picked":["Headbutt","Warcry"],"picked":"Twin Strike","floor":4},{"not_picked":["Whirlwind","Havoc"],"picked":"Spot Weakness","floor":5},{"not_picked":["Perfected Strike","Headbutt"],"picked":"infinitespire:OneForAll","floor":7},{"not_picked":["Flex","hubris:ReadiedAction"],"picked":"Thunderclap","floor":10},{"not_picked":["Twin Strike","Perfected Strike"],"picked":"Sword Boomerang","floor":12},{"not_picked":["Clothesline","Blood for Blood"],"picked":"Intimidate","floor":14}],"player_experience":1210437,"relics_obtained":[{"floor":7,"key":"Gremlin Horn"},{"floor":9,"key":"Sundial"},{"floor":10,"key":"Letter Opener"}],"event_choices":[{"cards_removed":["Strike_R"],"damage_healed":0,"gold_gain":0,"player_choice":"Card Removal","damage_taken":7,"max_hp_gain":0,"max_hp_loss":0,"event_name":"Golden Wing","floor":2,"gold_loss":0},{"damage_healed":0,"gold_gain":0,"player_choice":"Forge","damage_taken":0,"max_hp_gain":0,"max_hp_loss":0,"event_name":"Accursed Blacksmith","floor":3,"gold_loss":0,"cards_upgraded":["Whirlwind"]},{"damage_healed":0,"gold_gain":0,"player_choice":"Upgraded","damage_taken":0,"max_hp_gain":0,"max_hp_loss":0,"event_name":"Upgrade Shrine","floor":11,"gold_loss":0,"cards_upgraded":["infinitespire:OneForAll"]}],"is_beta":false,"boss_relics":[],"items_purged_floors":[8],"is_endless":false,"potions_floor_spawned":[5,14],"killed_by":"The Guardian","ascension_level":20}