{"gold_per_floor":[360,285,66,84,95,95,95,139,139,139,60,74,112,135,135,224,224,240,260,260,74,112,156,156,180,180,180],"floor_reached":27,"playtime":878,"items_purged":[],"score":482,"play_id":"2c7d62c3-bdc6-4ffe-aaf0-a56895d6f988","local_time":"20190408143941","is_ascension_mode":true,"campfire_choices":[{"data":"Dagger Spray","floor":6,"key":"SMITH"},{"data":"Infinite Blades","floor":15,"key":"SMITH"},{"floor":24,"key":"REST"}],"neow_cost":"TEN_PERCENT_HP_LOSS","seed_source_timestamp":19612057898415,"circlet_count":0,"master_deck":["AscendersBane","Defend_G","Defend_G","Defend_G","Defend_G","Defend_G","Strike_G","Strike_G","Strike_G","Strike_G","Survivor","Neutralize","Backstab","Quick Slash","Cloak And Dagger","Dagger Spray+1","Well Laid Plans","Glass Knife","Infinite Blades+1","Envenom","Noxious Fumes","Cloak And Dagger","Apotheosis","Backstab","Backflip"],"relics":["Ring of the Snake","Bronze Scales","Golden Idol","The Specimen","Kunai","Bottled Tornado","WristBlade","Red Mask","Ginger"],"potions_floor_usage":[8,18,22,23,23,23,23],"damage_taken":[{"damage":0,"enemies":"2 Louse","floor":1,"turns":2},{"damage":0,"enemies":"Small Slimes","floor":4,"turns":3},{"damage":0,"enemies":"Cultist","floor":5,"turns":3},{"damage":43,"enemies":"Lagavulin","floor":8,"turns":10},{"damage":0,"enemies":"Large Slime","floor":12,"turns":4},{"damage":7,"enemies":"3 Sentries","floor":13,"turns":6},{"damage":5,"enemies":"Looter","floor":14,"turns":3},{"damage":37,"enemies":"Hexaghost","floor":16,"turns":12},{"damage":3,"enemies":"3 Byrds","floor":18,"turns":4},{"damage":4,"enemies":"Chosen","floor":19,"turns":4},{"damage":30,"enemies":"Masked Bandits","floor":22,"turns":4},{"damage":4,"enemies":"Book of Stabbing","floor":23,"turns":4},{"damage":4,"enemies":"Centurion and Healer","floor":25,"turns":5},{"damage":13,"enemies":"Snake Plant","floor":27,"turns":2}],"seed_played":"-3677501850022017688","potions_obtained":[{"floor":1,"key":"Block Potion"},{"floor":4,"key":"EssenceOfSteel"},{"floor":12,"key":"SpeedPotion"},{"floor":18,"key":"Poison Potion"},{"floor":22,"key":"EntropicBrew"},{"floor":25,"key":"Ancient Potion"}],"is_trial":false,"path_per_floor":["M","?","$","M","M","R","?","E","T","?","$","M","E","M","R","B",null,"M","M","?","$","?","E","R","M","T","M"],"character_chosen":"THE_SILENT","items_purchased":["Bronze Scales","Quick Slash","Well Laid Plans","Apotheosis"],"campfire_rested":1,"item_purchase_floors":[3,3,11,21],"current_hp_per_floor":[59,59,59,59,59,59,54,11,11,54,54,54,47,42,42,5,42,39,35,35,35,5,1,17,13,13,0],"gold":180,"neow_bonus":"TWO_FIFTY_GOLD","is_prod":false,"is_daily":false,"chose_seed":false,"campfire_upgraded":2,"win_rate":0,"timestamp":1554727181,"path_taken":["M","?","$","M","M","R","?","E","T","?","$","?","E","M","R","BOSS","M","M","?","$","?","E","R","M","T","M"],"build_version":"2019-01-23","purchased_purges":0,"victory":false,"max_hp_per_floor":[60,60,60,60,60,60,54,54,54,54,54,54,54,54,54,54,54,54,54,54,54,54,54,54,54,54,54],"card_choices":[{"not_picked":["Distraction","Riddle With Holes"],"picked":"Backstab","floor":1},{"not_picked":["Underhanded Strike","Blade Dance"],"picked":"Cloak And Dagger","floor":4},{"not_picked":["Deflect","Slice"],"picked":"Dagger Spray","floor":5},{"not_picked":["Choke","Quick Slash","Dagger Throw"],"picked":"SKIP","floor":8},{"not_picked":["Setup","Blur"],"picked":"Glass Knife","floor":12},{"not_picked":["Underhanded Strike","Masterful Stab"],"picked":"Infinite Blades","floor":13},{"not_picked":["Bane","Dagger Spray","Predator"],"picked":"SKIP","floor":14},{"not_picked":["Doppelganger","Venomology"],"picked":"Envenom","floor":16},{"not_picked":["Footwork","Backflip"],"picked":"Noxious Fumes","floor":18},{"not_picked":["Dodge and Roll","Distraction"],"picked":"Cloak And Dagger","floor":19},{"not_picked":["Quick Slash","Sucker Punch"],"picked":"Backstab","floor":22},{"not_picked":["Dagger Spray+1","Caltrops","Quick Slash"],"picked":"SKIP","floor":23},{"not_picked":["Well Laid Plans","Outmaneuver+1"],"picked":"Backflip","floor":25}],"player_experience":1562344,"relics_obtained":[{"floor":8,"key":"The Specimen"},{"floor":9,"key":"Kunai"},{"floor":13,"key":"Bottled Tornado"},{"floor":22,"key":"Red Mask"},{"floor":23,"key":"Ginger"}],"event_choices":[{"cards_removed":["Strike_G"],"damage_healed":0,"gold_gain":0,"player_choice":"Card Removal","damage_taken":0,"max_hp_gain":0,"max_hp_loss":0,"event_name":"The Cleric","floor":2,"gold_loss":75},{"damage_healed":0,"gold_gain":0,"player_choice":"Lose Max HP","damage_taken":0,"relics_obtained":["Golden Idol"],"max_hp_gain":0,"max_hp_loss":6,"event_name":"Golden Idol","floor":7,"gold_loss":0},{"damage_healed":43,"gold_gain":0,"player_choice":"Full Heal","damage_taken":0,"max_hp_gain":0,"max_hp_loss":0,"event_name":"Wheel of Change","floor":10,"gold_loss":0},{"damage_healed":0,"gold_gain":0,"player_choice":"Ignored","damage_taken":0,"max_hp_gain":0,"max_hp_loss":0,"event_name":"Vampires","floor":20,"gold_loss":0},{"damage_healed":0,"gold_gain":0,"player_choice":"Fought Bandits","damage_taken":0,"max_hp_gain":0,"max_hp_loss":0,"event_name":"Masked Bandits","floor":22,"gold_loss":0}],"is_beta":false,"boss_relics":[{"not_picked":["Snecko Eye","Velvet Choker"],"picked":"WristBlade"}],"items_purged_floors":[],"is_endless":false,"potions_floor_spawned":[1,4,12,18,22,25],"killed_by":"Snake Plant","ascension_level":20}