{"gold_per_floor":[112,74,304,85,85,110,110,130,130,130,161,180,38,50,50,151,151,163,262,123,140,140],"floor_reached":22,"playtime":1446,"items_purged":["Strike_B","Strike_B"],"score":307,"play_id":"4df11ff2-e0a8-4ca1-ac13-e6676d4ad4c1","local_time":"20190424121830","is_ascension_mode":true,"campfire_choices":[{"data":"Fission","floor":7,"key":"SMITH"},{"data":"Zap","floor":10,"key":"SMITH"},{"data":"Defragment","floor":15,"key":"SMITH"}],"neow_cost":"NONE","seed_source_timestamp":907435700380847,"circlet_count":0,"master_deck":["AscendersBane","Strike_B","Strike_B","Defend_B","Defend_B","Defend_B","Defend_B","Zap+1","Dualcast","Fission+1","Conserve Battery","Self Repair","Defragment+1","Meteor Strike","Compile Driver","Turbo","Defragment","Glacier","Echo Form","Loop","Heatsinks","Beam Cell"],"relics":["Cracked Core","Old Coin","Oddly Smooth Stone","Mercury Hourglass","Lantern","Shuriken","Sozu"],"potions_floor_usage":[11,18,21],"damage_taken":[{"damage":19,"enemies":"Jaw Worm","floor":1,"turns":5},{"damage":33,"enemies":"Gremlin Nob","floor":6,"turns":5},{"damage":0,"enemies":"Cultist","floor":8,"turns":3},{"damage":4,"enemies":"3 Sentries","floor":11,"turns":7},{"damage":0,"enemies":"Small Slimes","floor":12,"turns":2},{"damage":0,"enemies":"3 Louse","floor":14,"turns":3},{"damage":10,"enemies":"Slime Boss","floor":16,"turns":13},{"damage":0,"enemies":"Spheric Guardian","floor":18,"turns":4},{"damage":26,"enemies":"3 Byrds","floor":21,"turns":4},{"damage":50,"enemies":"3 Cultists","floor":22,"turns":4}],"seed_played":"-2138426667751008365","potions_obtained":[{"floor":6,"key":"Block Potion"},{"floor":11,"key":"Swift Potion"},{"floor":12,"key":"SpeedPotion"},{"floor":16,"key":"EntropicBrew"}],"is_trial":false,"path_per_floor":["M","$","?","$","?","E","R","M","T","R","E","M","$","M","R","B",null,"M","?","$","M","M"],"character_chosen":"DEFECT","items_purchased":["Self Repair","Defragment","Oddly Smooth Stone","Defragment","Heatsinks"],"campfire_rested":0,"item_purchase_floors":[2,4,4,13,20],"current_hp_per_floor":[49,49,49,49,49,23,23,23,23,23,26,33,33,40,40,37,66,75,75,75,49,0],"gold":140,"neow_bonus":"ONE_RANDOM_RARE_CARD","is_prod":false,"is_daily":false,"chose_seed":false,"campfire_upgraded":3,"win_rate":0,"timestamp":1556133510,"path_taken":["M","$","?","?","?","E","R","M","T","R","E","M","$","M","R","BOSS","M","?","$","M","M"],"build_version":"2019-01-23","purchased_purges":2,"victory":false,"max_hp_per_floor":[75,75,75,75,75,75,75,75,75,75,75,75,75,75,75,75,75,75,75,75,75,75],"card_choices":[{"not_picked":["Reprogram","Sweeping Beam"],"picked":"Conserve Battery","floor":1},{"not_picked":["Compile Driver","Scrape"],"picked":"Meteor Strike","floor":6},{"not_picked":["Recycle","Gash"],"picked":"Compile Driver","floor":8},{"not_picked":["Fission","Blizzard","Conserve Battery"],"picked":"SKIP","floor":11},{"not_picked":["Beam Cell","Aggregate"],"picked":"Turbo","floor":12},{"not_picked":["Rebound","Hologram"],"picked":"Glacier","floor":14},{"not_picked":["Buffer","Electrodynamics"],"picked":"Echo Form","floor":16},{"not_picked":["Barrage","Turbo"],"picked":"Loop","floor":18},{"not_picked":["Tempest","Barrage"],"picked":"Beam Cell","floor":21}],"player_experience":613722,"relics_obtained":[{"floor":6,"key":"Mercury Hourglass"},{"floor":9,"key":"Lantern"},{"floor":11,"key":"Shuriken"}],"event_choices":[{"damage_healed":0,"gold_gain":0,"player_choice":"Paid Gold","damage_taken":0,"relics_obtained":["Old Coin"],"max_hp_gain":0,"max_hp_loss":0,"event_name":"WeMeetAgain","floor":3,"gold_loss":70},{"damage_healed":0,"gold_gain":0,"player_choice":"Ignored","damage_taken":0,"max_hp_gain":0,"max_hp_loss":0,"event_name":"Liars Game","floor":5,"gold_loss":0},{"damage_healed":0,"gold_gain":99,"player_choice":"Stole From Cult","damage_taken":0,"max_hp_gain":0,"max_hp_loss":0,"event_name":"Nest","floor":19,"gold_loss":0}],"is_beta":false,"boss_relics":[{"not_picked":["Snecko Eye","Velvet Choker"],"picked":"Sozu"}],"items_purged_floors":[13,20],"is_endless":false,"potions_floor_spawned":[6,11,12,16,18],"killed_by":"3 Cultists","ascension_level":12}