{"gold_per_floor":[115,128,15,27,41,41,54,82,82,82,98,132,152,152],"floor_reached":14,"playtime":589,"items_purged":[],"score":192,"play_id":"72eb5720-2a7d-4a17-be69-ddaf1c19234d","local_time":"20181209112319","is_ascension_mode":true,"campfire_choices":[{"data":"Crippling Poison","floor":6,"key":"SMITH"},{"floor":10,"key":"REST"}],"neow_cost":"NONE","seed_source_timestamp":2180127955451,"circlet_count":0,"master_deck":["AscendersBane","Defend_G","Defend_G","Defend_G","Defend_G","Defend_G","Strike_G","Strike_G","Strike_G","Strike_G","Strike_G","Survivor","Neutralize+1","Backflip","Noxious Fumes","Crippling Poison+1","Dagger Spray","Well Laid Plans","Quick Slash","Poisoned Stab","Noxious Fumes","Backflip+1"],"relics":["Ring of the Snake","Shuriken","Regal Pillow","Dodecahedron","Toxic Egg 2"],"potions_floor_usage":[5,13],"damage_taken":[{"damage":2,"enemies":"Jaw Worm","floor":1,"turns":6},{"damage":0,"enemies":"Cultist","floor":2,"turns":4},{"damage":0,"enemies":"2 Louse","floor":4,"turns":4},{"damage":2,"enemies":"Exordium Thugs","floor":5,"turns":5},{"damage":8,"enemies":"Red Slaver","floor":7,"turns":4},{"damage":46,"enemies":"Gremlin Nob","floor":8,"turns":6},{"damage":1,"enemies":"Large Slime","floor":11,"turns":6},{"damage":12,"enemies":"3 Sentries","floor":12,"turns":6},{"damage":17,"enemies":"Exordium Thugs","floor":13,"turns":6},{"damage":7,"enemies":"Gremlin Gang","floor":14,"turns":2}],"seed_played":"-5287757744881023880","potions_obtained":[{"floor":4,"key":"Fire Potion"},{"floor":7,"key":"LiquidBronze"},{"floor":11,"key":"SpeedPotion"}],"is_trial":false,"path_per_floor":["M","M","?","M","M","R","M","E","T","R","M","E","M","M"],"character_chosen":"THE_SILENT","items_purchased":[],"campfire_rested":1,"item_purchase_floors":[],"current_hp_per_floor":[57,57,57,57,55,55,47,1,1,35,34,22,5,0],"gold":152,"neow_bonus":"UPGRADE_CARD","is_prod":false,"is_daily":false,"chose_seed":false,"campfire_upgraded":1,"win_rate":0,"timestamp":1544350999,"path_taken":["M","M","?","M","?","R","M","E","T","R","M","E","M","M"],"build_version":"2018-12-06","purchased_purges":0,"victory":false,"max_hp_per_floor":[66,66,66,66,66,66,66,66,66,66,66,66,66,66],"card_choices":[{"not_picked":["Outmaneuver","Finisher"],"picked":"Backflip","floor":1},{"not_picked":["Riddle With Holes","Bane"],"picked":"Noxious Fumes","floor":2},{"not_picked":["Flying Knee","Choke"],"picked":"Crippling Poison","floor":4},{"not_picked":["Reflex","Tactician"],"picked":"Dagger Spray","floor":5},{"not_picked":["Backflip","Outmaneuver"],"picked":"Well Laid Plans","floor":7},{"not_picked":["Terror","Outmaneuver"],"picked":"Quick Slash","floor":8},{"not_picked":["Endless Agony","Underhanded Strike"],"picked":"Poisoned Stab","floor":11},{"not_picked":["Underhanded Strike","Envenom"],"picked":"Noxious Fumes","floor":12},{"not_picked":["Underhanded Strike","Quick Slash"],"picked":"Backflip+1","floor":13}],"player_experience":990830,"relics_obtained":[{"floor":8,"key":"Regal Pillow"},{"floor":9,"key":"Dodecahedron"},{"floor":12,"key":"Toxic Egg 2"}],"event_choices":[{"damage_healed":0,"gold_gain":0,"player_choice":"Paid Gold","damage_taken":0,"relics_obtained":["Shuriken"],"max_hp_gain":0,"max_hp_loss":0,"event_name":"WeMeetAgain","floor":3,"gold_loss":113}],"is_beta":true,"boss_relics":[],"items_purged_floors":[],"is_endless":false,"potions_floor_spawned":[4,7,11],"killed_by":"Gremlin Gang","ascension_level":17}