{"gold_per_floor":[114,127,146,146,160,160,192,192,192,192,202,202],"floor_reached":12,"playtime":1213,"items_purged":[],"score":84,"play_id":"3443b932-2079-44d5-a084-176f571a495b","local_time":"20190214124827","is_ascension_mode":true,"campfire_choices":[{"data":"Defragment","floor":6,"key":"SMITH"},{"data":"Machine Learning","floor":8,"key":"SMITH"},{"data":"Redo","floor":10,"key":"SMITH"}],"neow_cost":"NONE","seed_source_timestamp":76756266597428,"circlet_count":0,"master_deck":["Strike_B","Strike_B","Strike_B","Defend_B","Defend_B","Defend_B","Defend_B","Zap","Dualcast","Turbo","Redo+1","Defragment+1","Steam","Machine Learning+1","Reinforced Body"],"relics":["Cracked Core","Boot"],"potions_floor_usage":[5],"damage_taken":[{"damage":2,"enemies":"2 Louse","floor":1,"turns":2},{"damage":0,"enemies":"Cultist","floor":2,"turns":4},{"damage":12,"enemies":"Small Slimes","floor":3,"turns":3},{"damage":2,"enemies":"Blue Slaver","floor":5,"turns":3},{"damage":25,"enemies":"Gremlin Nob","floor":7,"turns":4},{"damage":13,"enemies":"Red Slaver","floor":11,"turns":3},{"damage":29,"enemies":"3 Sentries","floor":12,"turns":4}],"seed_played":"675979887049047496","potions_obtained":[{"floor":2,"key":"SneckoOil"}],"is_trial":false,"path_per_floor":["M","M","M","?","M","R","E","R","T","R","M","E"],"character_chosen":"DEFECT","items_purchased":[],"campfire_rested":0,"item_purchase_floors":[],"current_hp_per_floor":[80,80,68,68,66,66,41,41,41,41,28,0],"gold":202,"neow_bonus":"TEN_PERCENT_HP_BONUS","is_prod":false,"is_daily":false,"chose_seed":false,"campfire_upgraded":3,"win_rate":0,"timestamp":1550177307,"path_taken":["M","M","M","?","M","R","E","R","T","R","M","E"],"build_version":"2019-01-23","purchased_purges":0,"victory":false,"max_hp_per_floor":[82,82,82,82,82,82,82,82,82,82,82,82],"card_choices":[{"not_picked":["Stack","Aggregate"],"picked":"Turbo","floor":1},{"not_picked":["Beam Cell","Rebound"],"picked":"Redo","floor":2},{"not_picked":["Undo","Rebound"],"picked":"Defragment","floor":3},{"not_picked":["Recycle","Heatsinks"],"picked":"Steam","floor":5},{"not_picked":["Compile Driver","Barrage"],"picked":"Machine Learning","floor":7},{"not_picked":["Compile Driver","Turbo"],"picked":"Reinforced Body","floor":11}],"player_experience":173266,"relics_obtained":[{"floor":7,"key":"Boot"}],"event_choices":[{"cards_removed":["Strike_B"],"damage_healed":0,"gold_gain":0,"player_choice":"Offered Basic","damage_taken":0,"max_hp_gain":0,"max_hp_loss":0,"event_name":"Bonfire Elementals","floor":4,"gold_loss":0}],"is_beta":false,"boss_relics":[],"items_purged_floors":[],"is_endless":false,"potions_floor_spawned":[2],"killed_by":"3 Sentries","ascension_level":1}