{"gold_per_floor":[118,118,118,132,49,49,70,106,106,130,130,163,163,204,204,204],"floor_reached":16,"playtime":682,"items_purged":[],"score":236,"play_id":"fd5ebe12-0af8-4c02-aa56-c1b5911bc15a","local_time":"20181223000741","is_ascension_mode":true,"campfire_choices":[{"data":"Crippling Poison","floor":6,"key":"SMITH"},{"floor":11,"key":"REST"},{"data":"Deadly Poison","floor":15,"key":"SMITH"}],"neow_cost":"NONE","seed_source_timestamp":52644570626554,"circlet_count":0,"master_deck":["AscendersBane","Defend_G","Defend_G","Defend_G","Defend_G+1","Defend_G","Strike_G","Strike_G","Strike_G","Strike_G+1","Survivor","Neutralize+1","Deadly Poison+1","PiercingWail","Crippling Poison+1","Poisoned Stab","Deadly Poison","Deflect+1","Concentrate+1","Distraction+1"],"relics":["Ring of the Snake","Golden Idol","Meat on the Bone","Toxic Egg 2","StoneCalendar","Omamori"],"potions_floor_usage":[10,10],"damage_taken":[{"damage":1,"enemies":"Jaw Worm","floor":1,"turns":5},{"damage":1,"enemies":"2 Louse","floor":4,"turns":3},{"damage":0,"enemies":"Cultist","floor":7,"turns":3},{"damage":20,"enemies":"Lagavulin","floor":8,"turns":8},{"damage":12,"enemies":"Large Slime","floor":10,"turns":6},{"damage":16,"enemies":"3 Sentries","floor":12,"turns":8},{"damage":17,"enemies":"Lagavulin","floor":14,"turns":6},{"damage":29,"enemies":"The Guardian","floor":16,"turns":9}],"seed_played":"-7243186133759600642","potions_obtained":[{"floor":1,"key":"Swift Potion"},{"floor":8,"key":"SkillPotion"}],"is_trial":false,"path_per_floor":["M","?","?","M","$","R","M","E","T","M","R","E","?","E","R","B"],"character_chosen":"THE_SILENT","items_purchased":["Crippling Poison"],"campfire_rested":1,"item_purchase_floors":[5],"current_hp_per_floor":[58,38,38,37,37,37,37,17,17,17,35,31,31,26,26,0],"gold":204,"neow_bonus":"UPGRADE_CARD","is_prod":false,"is_daily":false,"chose_seed":false,"campfire_upgraded":2,"win_rate":0,"timestamp":1545520061,"path_taken":["M","?","?","M","$","R","M","E","T","M","R","E","?","E","R","BOSS"],"build_version":"2018-12-20","purchased_purges":0,"victory":false,"max_hp_per_floor":[66,66,60,60,60,60,60,60,60,60,60,60,60,60,60,60],"card_choices":[{"not_picked":["Bane","Deflect"],"picked":"Deadly Poison","floor":1},{"not_picked":["Prepared","Distraction"],"picked":"PiercingWail","floor":4},{"not_picked":["Accuracy","Dagger Throw"],"picked":"Poisoned Stab","floor":7},{"not_picked":["Poisoned Stab","Deflect"],"picked":"Deadly Poison","floor":8},{"not_picked":["Blade Dance+1","Accuracy"],"picked":"Deflect+1","floor":10},{"not_picked":["Setup+1","Calculated Gamble+1"],"picked":"Concentrate+1","floor":12},{"not_picked":["Wraith Form v2","Expertise+1"],"picked":"Distraction+1","floor":14}],"player_experience":1063791,"relics_obtained":[{"floor":8,"key":"Meat on the Bone"},{"floor":9,"key":"Toxic Egg 2"},{"floor":12,"key":"StoneCalendar"},{"floor":14,"key":"Omamori"}],"event_choices":[{"damage_healed":0,"gold_gain":0,"player_choice":"Entered Light","damage_taken":20,"max_hp_gain":0,"max_hp_loss":0,"event_name":"Shining Light","floor":2,"gold_loss":0,"cards_upgraded":["Defend_G","Strike_G"]},{"damage_healed":0,"gold_gain":0,"player_choice":"Lose Max HP","damage_taken":0,"relics_obtained":["Golden Idol"],"max_hp_gain":0,"max_hp_loss":6,"event_name":"Golden Idol","floor":3,"gold_loss":0},{"cards_removed":["Strike_G"],"damage_healed":0,"gold_gain":0,"player_choice":"Purged","damage_taken":0,"max_hp_gain":0,"max_hp_loss":0,"event_name":"Purifier","floor":13,"gold_loss":0}],"is_beta":false,"boss_relics":[],"items_purged_floors":[],"is_endless":false,"potions_floor_spawned":[1,8],"killed_by":"The Guardian","ascension_level":20}