{"gold_per_floor":[111,124,124,144,159,159,209,209,209,239,18,18,34,34,34,105,105,118,149,159,1,1,1],"floor_reached":23,"playtime":820,"items_purged":[],"score":478,"play_id":"e562d90d-96a2-471c-80ab-016ec772d60c","local_time":"20190920171204","is_ascension_mode":true,"campfire_choices":[{"data":"Bash","floor":6.0,"key":"SMITH"},{"data":"Flex","floor":12.0,"key":"SMITH"},{"data":"Heavy Blade","floor":15,"key":"SMITH"}],"neow_cost":"NONE","seed_source_timestamp":22069127165276,"circlet_count":0,"master_deck":["AscendersBane","Strike_R","Strike_R","Defend_R","Defend_R","Defend_R","Defend_R","Bash+1","Body Slam+1","Rampage","Headbutt","Carnage","Flex+1","Heavy Blade+1","Immolate","Sever Soul+1","Clash+1","Limit Break+1","True Grit","Sword Boomerang","Offering","Disarm","Fire Breathing","Uppercut+1","Decay"],"special_seed":0,"relics":["Burning Blood","Juzu Bracelet","Art of War","Happy Flower","ClockworkSouvenir","Astrolabe","Red Mask","Orrery"],"potions_floor_usage":[19,23,23],"damage_taken":[{"damage":17.0,"enemies":"Small Slimes","floor":1.0,"turns":5.0},{"damage":9.0,"enemies":"Jaw Worm","floor":2.0,"turns":6.0},{"damage":0.0,"enemies":"2 Louse","floor":4.0,"turns":2.0},{"damage":32.0,"enemies":"Exordium Wildlife","floor":5.0,"turns":7.0},{"damage":25.0,"enemies":"Lagavulin","floor":10.0,"turns":5.0},{"damage":2.0,"enemies":"3 Louse","floor":13.0,"turns":3.0},{"damage":0,"enemies":"Slime Boss","floor":16,"turns":5},{"damage":28,"enemies":"Spheric Guardian","floor":18,"turns":4},{"damage":31,"enemies":"Masked Bandits","floor":19,"turns":3},{"damage":7,"enemies":"Chosen","floor":20,"turns":3},{"damage":24,"enemies":"Book of Stabbing","floor":23,"turns":2}],"seed_played":"-8485559982505694042","potions_obtained":[{"floor":1.0,"key":"ElixirPotion"},{"floor":5.0,"key":"DuplicationPotion"},{"floor":20,"key":"PowerPotion"}],"is_trial":false,"path_per_floor":["M","M","?","M","M","R","T","?","T","E","$","R","M","?","R","B",null,"M","?","M","$","?","E"],"character_chosen":"IRONCLAD","items_purchased":["ClockworkSouvenir","Flex","Orrery"],"campfire_rested":0,"item_purchase_floors":[11,11,21],"current_hp_per_floor":[64,61,61,67,41,41,41,41,41,22,22,22,26,26,26,32,70,48,23,22,22,22,0],"gold":1,"neow_bonus":"TEN_PERCENT_HP_BONUS","is_prod":false,"is_daily":false,"chose_seed":false,"campfire_upgraded":3,"win_rate":0,"timestamp":1568992324,"path_taken":["M","M","?","M","M","R","?","?","T","E","$","R","M","?","R","BOSS","M","?","M","$","?","E"],"build_version":"2019-09-19","purchased_purges":0,"victory":false,"max_hp_per_floor":[82,82,82,82,82,82,82,82,82,82,82,82,82,82,82,82,82,82,82,82,82,82,82],"card_choices":[{"not_picked":["Second Wind","Evolve"],"picked":"Body Slam","floor":1.0},{"not_picked":["Wild Strike","Sword Boomerang"],"picked":"Rampage","floor":2.0},{"not_picked":["Corruption","Havoc"],"picked":"Headbutt","floor":4.0},{"not_picked":["Sword Boomerang","Twin Strike"],"picked":"Carnage","floor":5.0},{"not_picked":["Rage","Havoc","Perfected Strike"],"picked":"SKIP","floor":10.0},{"not_picked":["Carnage","Headbutt"],"picked":"Heavy Blade","floor":13.0},{"not_picked":["Berserk","Bludgeon"],"picked":"Immolate","floor":16},{"not_picked":["Searing Blow","Flex","Clash"],"picked":"SKIP","floor":18},{"not_picked":["Clothesline","Burning Pact"],"picked":"True Grit","floor":19},{"not_picked":["Searing Blow","Cleave"],"picked":"Sword Boomerang","floor":20},{"not_picked":["Anger","Metallicize"],"picked":"Offering","floor":21},{"not_picked":["Iron Wave","Berserk"],"picked":"Disarm","floor":21},{"not_picked":["Headbutt+1","Clothesline"],"picked":"Fire Breathing","floor":21},{"not_picked":["Thunderclap","Flame Barrier"],"picked":"Uppercut+1","floor":21}],"player_experience":2083893,"relics_obtained":[{"floor":7.0,"key":"Juzu Bracelet"},{"floor":9.0,"key":"Art of War"},{"floor":10.0,"key":"Happy Flower"},{"floor":19,"key":"Red Mask"}],"event_choices":[{"damage_healed":0.0,"max_hp_gain":0.0,"max_hp_loss":0.0,"gold_gain":0.0,"event_name":"Liars Game","player_choice":"Ignored","floor":3.0,"gold_loss":0.0,"damage_taken":0.0},{"damage_healed":0.0,"max_hp_gain":0.0,"max_hp_loss":0.0,"gold_gain":0.0,"event_name":"Living Wall","player_choice":"Grow","floor":8.0,"gold_loss":0.0,"damage_taken":0.0,"cards_upgraded":["Body Slam"]},{"damage_healed":0,"gold_gain":0,"player_choice":"Searched \u00270\u0027 times","damage_taken":0,"max_hp_gain":0,"max_hp_loss":0,"event_name":"Dead Adventurer","floor":14,"gold_loss":0},{"damage_healed":0,"gold_gain":0,"player_choice":"Fought Bandits","damage_taken":0,"max_hp_gain":0,"max_hp_loss":0,"event_name":"Masked Bandits","floor":19,"gold_loss":0},{"damage_healed":0,"gold_gain":0,"player_choice":"Smashed Altar","damage_taken":0,"max_hp_gain":0,"max_hp_loss":0,"event_name":"Forgotten Altar","floor":22,"gold_loss":0,"cards_obtained":["Decay"]}],"is_beta":true,"boss_relics":[{"not_picked":["Velvet Choker","Calling Bell"],"picked":"Astrolabe"}],"items_purged_floors":[],"is_endless":false,"potions_floor_spawned":[1,5,13,16,18,20],"killed_by":"Book of Stabbing","ascension_level":20}