{"gold_per_floor":[109,22,22,39,39,39,71,71,71,71],"floor_reached":10,"playtime":203,"items_purged":[],"score":128,"play_id":"0882c9ac-8ad9-452f-8df1-76ea394b710c","local_time":"20190815200304","is_ascension_mode":true,"campfire_choices":[{"data":"Whirlwind","floor":6,"key":"SMITH"}],"neow_cost":"NONE","seed_source_timestamp":0,"circlet_count":0,"master_deck":["AscendersBane","Strike_R","Strike_R","Strike_R","Strike_R","Defend_R","Defend_R","Defend_R","Defend_R","Bash+1","Heavy Blade","Whirlwind+1","Shrug It Off"],"special_seed":0,"relics":["Burning Blood","Lantern","Golden Idol","Question Card"],"potions_floor_usage":[],"damage_taken":[{"damage":7,"enemies":"Small Slimes","floor":1,"turns":4},{"damage":4,"enemies":"2 Louse","floor":4,"turns":2},{"damage":34,"enemies":"3 Sentries","floor":7,"turns":6},{"damage":56,"enemies":"Gremlin Nob","floor":10,"turns":4}],"seed_played":"6483355769853507407","potions_obtained":[],"is_trial":false,"path_per_floor":["M","$","?","M","?","R","E","?","T","E"],"character_chosen":"IRONCLAD","items_purchased":["Whirlwind"],"campfire_rested":0,"item_purchase_floors":[2],"current_hp_per_floor":[74,74,67,69,69,69,41,41,41,0],"gold":71,"neow_bonus":"TEN_PERCENT_HP_BONUS","is_prod":false,"is_daily":false,"chose_seed":false,"campfire_upgraded":1,"win_rate":0,"timestamp":1565892184,"path_taken":["M","$","?","M","?","R","E","?","T","E"],"build_version":"2019-07-17","purchased_purges":0,"victory":false,"max_hp_per_floor":[82,82,82,82,82,82,82,74,74,74],"card_choices":[{"not_picked":["Wild Strike","Armaments"],"picked":"Heavy Blade","floor":1},{"not_picked":["Armaments","Fiend Fire"],"picked":"Shrug It Off","floor":4},{"not_picked":["Heavy Blade","Perfected Strike","Clash"],"picked":"SKIP","floor":7}],"player_experience":1920670,"relics_obtained":[{"floor":7,"key":"Lantern"},{"floor":9,"key":"Question Card"}],"event_choices":[{"cards_removed":["Strike_R"],"damage_healed":0,"gold_gain":0,"player_choice":"Card Removal","damage_taken":7,"max_hp_gain":0,"max_hp_loss":0,"event_name":"Golden Wing","floor":3,"gold_loss":0},{"damage_healed":0,"gold_gain":0,"player_choice":"Grow","damage_taken":0,"max_hp_gain":0,"max_hp_loss":0,"event_name":"Living Wall","floor":5,"gold_loss":0,"cards_upgraded":["Bash"]},{"damage_healed":0,"gold_gain":0,"player_choice":"Lose Max HP","damage_taken":0,"relics_obtained":["Golden Idol"],"max_hp_gain":0,"max_hp_loss":8,"event_name":"Golden Idol","floor":8,"gold_loss":0}],"is_beta":false,"boss_relics":[],"items_purged_floors":[],"is_endless":false,"potions_floor_spawned":[],"killed_by":"Gremlin Nob","ascension_level":20}