{"gold_per_floor":[116,132,132,132,152,152,185,335,388,388,403,12,28,45,45,45],"floor_reached":16,"playtime":468,"items_purged":["Strike_R"],"score":204,"play_id":"2fc256ea-f9f6-49dd-8c52-fd6255a58772","local_time":"20190213174146","is_ascension_mode":true,"campfire_choices":[{"data":"Carnage","floor":6,"key":"SMITH"},{"data":"Disarm","floor":10,"key":"SMITH"},{"data":"Carnage","floor":15,"key":"SMITH"}],"neow_cost":"NONE","seed_source_timestamp":28998510747589,"circlet_count":0,"master_deck":["AscendersBane","Strike_R","Strike_R","Strike_R","Strike_R","Defend_R","Defend_R","Defend_R","Defend_R","Bash+1","Carnage+1","Carnage+1","Disarm+1","Doubt","infinitespire:OneForAll","Offering","Hemokinesis"],"relics":["Burning Blood","Ornamental Fan","Bronze Scales","Orichalcum","Frozen Egg 2"],"potions_floor_usage":[16,16],"damage_taken":[{"damage":14,"enemies":"Jaw Worm","floor":1,"turns":4},{"damage":8,"enemies":"Small Slimes","floor":2,"turns":4},{"damage":13,"enemies":"2 Louse","floor":5,"turns":3},{"damage":30,"enemies":"Lagavulin","floor":7,"turns":5},{"damage":12,"enemies":"Looter","floor":11,"turns":4},{"damage":15,"enemies":"Lots of Slimes","floor":13,"turns":5},{"damage":9,"enemies":"3 Louse","floor":14,"turns":2},{"damage":18,"enemies":"Slime Boss","floor":16,"turns":5}],"seed_played":"-7299983717582597615","potions_obtained":[{"floor":0,"key":"infinitespire:BlackPotion"},{"floor":0,"key":"LiquidBronze"},{"floor":13,"key":"Poison Potion"}],"is_trial":false,"path_per_floor":["M","M","?","?","M","R","E","?","T","R","M","$","M","M","R","B"],"character_chosen":"IRONCLAD","items_purchased":["Orichalcum","Offering"],"campfire_rested":0,"item_purchase_floors":[12,12],"current_hp_per_floor":[60,58,58,58,51,51,27,27,27,27,21,21,12,9,9,0],"gold":45,"neow_bonus":"THREE_SMALL_POTIONS","is_prod":false,"is_daily":false,"chose_seed":false,"campfire_upgraded":3,"win_rate":0,"timestamp":1550076106,"path_taken":["M","M","?","?","M","R","E","?","T","R","M","$","M","M","R","BOSS"],"build_version":"2019-01-23","purchased_purges":1,"victory":false,"max_hp_per_floor":[75,75,75,75,75,75,75,75,75,75,75,75,75,75,75,75],"card_choices":[{"not_picked":["Evolve","True Grit"],"picked":"Carnage","floor":1},{"not_picked":["Sever Soul","True Grit"],"picked":"Carnage","floor":2},{"not_picked":["Clothesline","Thunderclap","Heavy Blade"],"picked":"SKIP","floor":5},{"not_picked":["Offering","Iron Wave"],"picked":"Disarm","floor":7},{"not_picked":["Ghostly Armor","Clothesline"],"picked":"infinitespire:OneForAll","floor":11},{"not_picked":["Clothesline","Iron Wave"],"picked":"Hemokinesis","floor":13},{"not_picked":["Dual Wield","Perfected Strike","Heavy Blade"],"picked":"SKIP","floor":14}],"player_experience":1254021,"relics_obtained":[{"floor":7,"key":"Ornamental Fan"},{"floor":9,"key":"Bronze Scales"}],"event_choices":[{"damage_healed":0,"gold_gain":150,"player_choice":"AGREE","damage_taken":0,"max_hp_gain":0,"max_hp_loss":0,"event_name":"Liars Game","floor":8,"gold_loss":0,"cards_obtained":["Doubt"]}],"is_beta":false,"boss_relics":[],"items_purged_floors":[12],"is_endless":false,"potions_floor_spawned":[5,11,13],"killed_by":"Slime Boss","ascension_level":20}