{"gold_per_floor":[111,35,185,185,86,113,113,113,186,217,232,69,90,104,104,197,260,275,190,460,79,103,103,124,140,140,140,140],"floor_reached":28,"playtime":775,"items_purged":["Doubt"],"score":552,"play_id":"9cc3c638-a4e3-46af-94bb-4433cbc4101c","local_time":"20190314190310","is_ascension_mode":true,"campfire_choices":[{"data":"Uppercut","floor":7,"key":"SMITH"},{"data":"Armaments","floor":15,"key":"SMITH"},{"data":"Fiend Fire","floor":23,"key":"SMITH"}],"neow_cost":"NONE","seed_source_timestamp":30691273339738,"circlet_count":0,"master_deck":["AscendersBane","Strike_R","Strike_R+1","Strike_R+1","Strike_R","Strike_R","Defend_R+1","Defend_R","Defend_R","Defend_R","Bash","Rampage","Uppercut+1","Armaments+1","Sword Boomerang","True Grit+1","Fiend Fire+1","Limit Break+1","Ghostly Armor+1","Seeing Red+1","True Grit+1","Sentinel+1","Entrench+1","Flex+1","J.A.X.+1"],"relics":["Burning Blood","NeowsBlessing","Red Skull","Golden Idol","Toxic Egg 2","Meat on the Bone","Bag of Marbles","Tiny House","Oddly Smooth Stone","Self Forming Clay","Question Card"],"potions_floor_usage":[18,24],"damage_taken":[{"damage":0,"enemies":"Cultist","floor":1,"turns":1},{"damage":0,"enemies":"3 Sentries","floor":6,"turns":2},{"damage":0,"enemies":"Gremlin Nob","floor":10,"turns":1},{"damage":9,"enemies":"2 Louse","floor":11,"turns":2},{"damage":0,"enemies":"Jaw Worm","floor":13,"turns":4},{"damage":1,"enemies":"Looter","floor":14,"turns":3},{"damage":33,"enemies":"The Guardian","floor":16,"turns":11},{"damage":42,"enemies":"3 Byrds","floor":18,"turns":9},{"damage":12,"enemies":"2 Thieves","floor":22,"turns":4},{"damage":4,"enemies":"Snecko","floor":24,"turns":5},{"damage":6,"enemies":"Shelled Parasite and Fungi","floor":25,"turns":5},{"damage":55,"enemies":"3 Cultists","floor":28,"turns":5}],"seed_played":"778672153338852688","potions_obtained":[{"floor":1,"key":"FairyPotion"},{"floor":10,"key":"Poison Potion"},{"floor":17,"key":"SteroidPotion"},{"floor":25,"key":"Dexterity Potion"}],"is_trial":false,"path_per_floor":["M","$","?","?","$","E","R","?","T","E","M","$","M","M","R","B",null,"M","?","?","$","M","R","M","M","T","?","M"],"character_chosen":"IRONCLAD","items_purchased":["Uppercut","Armaments","Bag of Marbles","True Grit+1","Sentinel+1","Self Forming Clay"],"campfire_rested":0,"item_purchase_floors":[2,5,12,21,21,21],"current_hp_per_floor":[74,74,74,51,51,57,57,57,57,63,60,60,66,68,68,41,66,42,42,14,14,20,20,34,46,46,46,0],"gold":140,"neow_bonus":"THREE_ENEMY_KILL","is_prod":false,"is_daily":false,"chose_seed":false,"campfire_upgraded":3,"win_rate":0,"timestamp":1552586590,"path_taken":["M","?","?","?","$","E","R","?","T","E","M","$","?","M","R","BOSS","M","?","?","$","?","R","M","M","T","?","M"],"build_version":"2019-01-23","purchased_purges":1,"victory":false,"max_hp_per_floor":[75,75,75,75,75,75,75,68,68,68,68,68,68,68,68,68,73,73,73,73,73,73,73,73,73,73,73,73],"card_choices":[{"not_picked":["Twin Strike","Flex"],"picked":"Rampage","floor":1},{"not_picked":["Warcry","Flex"],"picked":"Sword Boomerang","floor":6},{"not_picked":["Clash","Havoc+1","Clothesline"],"picked":"SKIP","floor":10},{"not_picked":["Wild Strike","Havoc+1"],"picked":"True Grit+1","floor":11},{"not_picked":["Rupture","Iron Wave"],"picked":"Fiend Fire","floor":13},{"not_picked":["Heavy Blade","Wild Strike","Sever Soul"],"picked":"SKIP","floor":14},{"not_picked":["Impervious+1","Barricade"],"picked":"Limit Break+1","floor":16},{"not_picked":["Twin Strike","Fire Breathing"],"picked":"Ghostly Armor+1","floor":17},{"not_picked":["Wild Strike","Iron Wave"],"picked":"Seeing Red+1","floor":18},{"not_picked":["Perfected Strike+1","Anger"],"picked":"Entrench+1","floor":22},{"not_picked":["Armaments+1","Clash"],"picked":"Flex+1","floor":24},{"not_picked":["Cleave","Sever Soul","Havoc+1"],"picked":"SKIP","floor":25}],"player_experience":1419941,"relics_obtained":[{"floor":6,"key":"Red Skull"},{"floor":9,"key":"Toxic Egg 2"},{"floor":10,"key":"Meat on the Bone"},{"floor":26,"key":"Question Card"}],"event_choices":[{"damage_healed":0,"gold_gain":150,"player_choice":"AGREE","damage_taken":0,"max_hp_gain":0,"max_hp_loss":0,"event_name":"Liars Game","floor":3,"gold_loss":0,"cards_obtained":["Doubt"]},{"damage_healed":0,"gold_gain":0,"player_choice":"Entered Light","damage_taken":23,"max_hp_gain":0,"max_hp_loss":0,"event_name":"Shining Light","floor":4,"gold_loss":0,"cards_upgraded":["Strike_R","Strike_R"]},{"damage_healed":0,"gold_gain":0,"player_choice":"Lose Max HP","damage_taken":0,"relics_obtained":["Golden Idol"],"max_hp_gain":0,"max_hp_loss":7,"event_name":"Golden Idol","floor":8,"gold_loss":0},{"damage_healed":0,"gold_gain":0,"player_choice":"Obtained Relic","damage_taken":0,"relics_obtained":["Oddly Smooth Stone"],"max_hp_gain":0,"max_hp_loss":0,"event_name":"Addict","floor":19,"gold_loss":85},{"damage_healed":0,"gold_gain":270,"player_choice":"GOLD GOLD GOLD ","damage_taken":28,"max_hp_gain":0,"max_hp_loss":0,"event_name":"Knowing Skull","floor":20,"potions_obtained":[],"gold_loss":0,"cards_obtained":[]},{"damage_healed":0,"gold_gain":0,"player_choice":"Obtain J.A.X.","damage_taken":0,"max_hp_gain":0,"max_hp_loss":0,"event_name":"Drug Dealer","floor":27,"gold_loss":0,"cards_obtained":["J.A.X."]}],"is_beta":false,"boss_relics":[{"not_picked":["Calling Bell","Black Blood"],"picked":"Tiny House"}],"items_purged_floors":[5],"is_endless":false,"potions_floor_spawned":[1,10,14,25],"killed_by":"3 Cultists","ascension_level":20}