{"gold_per_floor":[360,88,88,106,69,95,112,112,112,143,143,155,186,186,186,186],"floor_reached":16,"playtime":443,"items_purged":[],"score":286,"play_id":"7afba83e-ac93-448f-abbd-d1bf466b6c2e","local_time":"20190723121918","is_ascension_mode":true,"campfire_choices":[{"data":"Uppercut","floor":8,"key":"SMITH"},{"data":"Shockwave","floor":15,"key":"SMITH"}],"neow_cost":"TEN_PERCENT_HP_LOSS","seed_source_timestamp":9384614671389,"circlet_count":0,"master_deck":["AscendersBane","Strike_R","Strike_R","Strike_R","Strike_R","Defend_R","Defend_R","Defend_R","Defend_R","Bash","Iron Wave","Sword Boomerang","Uppercut+1","Uppercut+1","Twin Strike","Metallicize","Shockwave+1"],"relics":["Burning Blood","Sling","Anchor","Blue Candle","Darkstone Periapt","Oddly Smooth Stone"],"potions_floor_usage":[6,16,16],"damage_taken":[{"damage":6,"enemies":"2 Louse","floor":1,"turns":3},{"damage":14,"enemies":"Jaw Worm","floor":4,"turns":4},{"damage":27,"enemies":"Gremlin Nob","floor":6,"turns":4},{"damage":0,"enemies":"Cultist","floor":7,"turns":3},{"damage":25,"enemies":"Lagavulin","floor":10,"turns":6},{"damage":0,"enemies":"Large Slime","floor":12,"turns":4},{"damage":0,"enemies":"Gremlin Nob","floor":13,"turns":3},{"damage":44,"enemies":"Slime Boss","floor":16,"turns":12}],"seed_played":"-6662169261798950855","potions_obtained":[{"floor":1,"key":"Poison Potion"},{"floor":10,"key":"Swift Potion"},{"floor":13,"key":"SteroidPotion"}],"is_trial":false,"path_per_floor":["M","$","?","M","$","E","M","R","T","E","?","M","E","?","R","B"],"character_chosen":"IRONCLAD","items_purchased":["Sling","Sword Boomerang","Uppercut"],"campfire_rested":0,"item_purchase_floors":[2,2,5],"current_hp_per_floor":[68,68,73,65,65,44,50,50,50,31,31,37,43,43,43,0],"gold":186,"neow_bonus":"TWO_FIFTY_GOLD","is_prod":false,"is_daily":false,"chose_seed":false,"campfire_upgraded":2,"win_rate":0,"timestamp":1563877158,"path_taken":["M","$","?","M","$","E","M","R","T","E","?","M","E","?","R","BOSS"],"build_version":"2019-07-17","purchased_purges":0,"victory":false,"max_hp_per_floor":[68,68,73,73,73,73,73,73,73,73,73,73,73,73,73,73],"card_choices":[{"not_picked":["Corruption","Wild Strike"],"picked":"Iron Wave","floor":1},{"not_picked":["Clash","True Grit"],"picked":"Uppercut","floor":4},{"not_picked":["Perfected Strike","Iron Wave"],"picked":"Twin Strike","floor":6},{"not_picked":["Blood for Blood","Burning Pact","Heavy Blade"],"picked":"SKIP","floor":7},{"not_picked":["Thunderclap","Flex"],"picked":"Metallicize","floor":10},{"not_picked":["Clash","Searing Blow","Dark Embrace"],"picked":"SKIP","floor":12},{"not_picked":["Fire Breathing","Wild Strike"],"picked":"Shockwave","floor":13}],"player_experience":1830646,"relics_obtained":[{"floor":6,"key":"Anchor"},{"floor":9,"key":"Blue Candle"},{"floor":10,"key":"Darkstone Periapt"},{"floor":13,"key":"Oddly Smooth Stone"}],"event_choices":[{"damage_healed":0,"gold_gain":0,"player_choice":"Donut","damage_taken":0,"max_hp_gain":5,"max_hp_loss":0,"event_name":"Big Fish","floor":3,"gold_loss":0},{"damage_healed":0,"gold_gain":0,"player_choice":"Grow","damage_taken":0,"max_hp_gain":0,"max_hp_loss":0,"event_name":"Living Wall","floor":11,"gold_loss":0,"cards_upgraded":["Uppercut"]},{"cards_removed":["Strike_R"],"damage_healed":0,"gold_gain":0,"player_choice":"Purged","damage_taken":0,"max_hp_gain":0,"max_hp_loss":0,"event_name":"Purifier","floor":14,"gold_loss":0}],"is_beta":false,"boss_relics":[],"items_purged_floors":[],"is_endless":false,"potions_floor_spawned":[1,10,13],"killed_by":"Slime Boss","ascension_level":20}