{"gold_per_floor":[109,69,82,24,44,75,75,95,145,175,175,204,123,155,155,233,233,246,258,271,271,109,137,137,137],"floor_reached":25,"playtime":1584,"items_purged":["Strike_B"],"score":454,"play_id":"79ccc157-1804-4957-89b5-4f013a43b419","local_time":"20181115000335","is_ascension_mode":true,"campfire_choices":[{"data":"Chill","floor":7,"key":"SMITH"},{"data":"Redo","floor":11,"key":"SMITH"},{"floor":15,"key":"REST"},{"floor":24,"key":"REST"}],"neow_cost":"NONE","seed_source_timestamp":50510806195055,"circlet_count":0,"master_deck":["AscendersBane","Strike_B","Strike_B","Strike_B","Defend_B","Defend_B","Defend_B","Defend_B","Zap","Dualcast","Chill+1","Compile Driver","Cold Snap","Compile Driver","Redo+1","Doom and Gloom","Compile Driver","Fission","Echo Form","Meteor Strike","Glacier","Aggregate+1","Defragment","Loop"],"relics":["Cracked Core","NeowsBlessing","Letter Opener","Centennial Puzzle","Oddly Smooth Stone","Pocketwatch","DataDisk","Philosopher\u0027s Stone","Blood Vial"],"potions_floor_usage":[16,19,25],"damage_taken":[{"damage":0,"enemies":"Small Slimes","floor":1,"turns":1},{"damage":0,"enemies":"Cultist","floor":3,"turns":1},{"damage":0,"enemies":"Jaw Worm","floor":5,"turns":1},{"damage":27,"enemies":"3 Sentries","floor":6,"turns":10},{"damage":3,"enemies":"3 Louse","floor":8,"turns":3},{"damage":6,"enemies":"Gremlin Nob","floor":12,"turns":3},{"damage":7,"enemies":"Lagavulin","floor":14,"turns":6},{"damage":13,"enemies":"The Guardian","floor":16,"turns":10},{"damage":0,"enemies":"Spheric Guardian","floor":18,"turns":3},{"damage":15,"enemies":"3 Byrds","floor":19,"turns":4},{"damage":0,"enemies":"Centurion and Healer","floor":20,"turns":6},{"damage":12,"enemies":"Gremlin Leader","floor":23,"turns":7},{"damage":45,"enemies":"Slavers","floor":25,"turns":4}],"seed_played":"-3445649158502893783","potions_obtained":[{"floor":2,"key":"Fire Potion"},{"floor":2,"key":"PowerPotion"},{"floor":16,"key":"FearPotion"},{"floor":18,"key":"Energy Potion"}],"is_trial":false,"path_per_floor":["M","?","M","$","M","E","R","M","T","?","R","E","$","E","R","B",null,"M","M","M","?","$","E","R","E"],"character_chosen":"DEFECT","items_purchased":["Cold Snap","Fission","Defragment"],"campfire_rested":2,"item_purchase_floors":[4,13,22],"current_hp_per_floor":[64,64,64,64,64,37,37,34,34,34,34,28,28,21,42,29,61,61,46,46,26,26,14,36,0],"gold":137,"neow_bonus":"THREE_ENEMY_KILL","is_prod":false,"is_daily":false,"chose_seed":false,"campfire_upgraded":2,"win_rate":0,"timestamp":1542236615,"path_taken":["M","?","M","?","?","E","R","M","T","?","R","E","$","E","R","BOSS","M","M","M","?","$","E","R","E"],"build_version":"2018-11-13","purchased_purges":1,"victory":false,"max_hp_per_floor":[71,71,71,71,71,71,71,71,71,71,71,71,71,71,71,71,71,71,71,71,76,76,76,76,76],"card_choices":[{"not_picked":["Hologram","Heatsinks"],"picked":"Chill","floor":1},{"not_picked":["Stack","Rebound"],"picked":"Compile Driver","floor":3},{"not_picked":["Cold Snap","Scrape"],"picked":"Compile Driver","floor":5},{"not_picked":["Hello World","Blizzard"],"picked":"Redo","floor":6},{"not_picked":["Coolheaded","Hello World"],"picked":"Doom and Gloom","floor":8},{"not_picked":["Rebound","Steam"],"picked":"Compile Driver","floor":12},{"not_picked":["All For One","Ball Lightning"],"picked":"Echo Form","floor":14},{"not_picked":["Rainbow","Hyperbeam"],"picked":"Meteor Strike","floor":16},{"not_picked":["Cold Snap","Auto Shields","Stack"],"picked":"SKIP","floor":18},{"not_picked":["Doom and Gloom","Rebound"],"picked":"Glacier","floor":19},{"not_picked":["Compile Driver+1","Turbo"],"picked":"Aggregate+1","floor":20},{"not_picked":["Rebound","Steam"],"picked":"Loop","floor":23}],"player_experience":805179,"relics_obtained":[{"floor":6,"key":"Letter Opener"},{"floor":9,"key":"Centennial Puzzle"},{"floor":12,"key":"Pocketwatch"},{"floor":14,"key":"DataDisk"},{"floor":23,"key":"Blood Vial"}],"event_choices":[{"damage_healed":0,"gold_gain":0,"player_choice":"Bought 3 Potions","damage_taken":0,"max_hp_gain":0,"max_hp_loss":0,"event_name":"The Woman in Blue","floor":2,"gold_loss":0},{"damage_healed":0,"gold_gain":30,"player_choice":"Searched \u00273\u0027 times","damage_taken":0,"relics_obtained":["Oddly Smooth Stone"],"max_hp_gain":0,"max_hp_loss":0,"event_name":"Dead Adventurer","floor":10,"gold_loss":0},{"damage_healed":0,"gold_gain":0,"player_choice":"Shed Blood","damage_taken":25,"max_hp_gain":5,"max_hp_loss":0,"event_name":"Forgotten Altar","floor":21,"gold_loss":0}],"is_beta":true,"boss_relics":[{"not_picked":["Ectoplasm","Empty Cage"],"picked":"Philosopher\u0027s Stone"}],"items_purged_floors":[22],"is_endless":false,"potions_floor_spawned":[3,5,8,16,18],"killed_by":"Slavers","ascension_level":18}