{"gold_per_floor":[118,141,141,141,155,188,205,234,257,277,302,302,321,321],"floor_reached":14,"playtime":424,"items_purged":[],"score":270,"play_id":"c8c8b932-e6ff-4b76-a4e6-c5212087dac4","local_time":"20190902115234","is_ascension_mode":true,"campfire_choices":[],"neow_cost":"NONE","seed_source_timestamp":98410696089326,"circlet_count":0,"master_deck":["AscendersBane","Strike_R","Strike_R","Strike_R","Strike_R","Strike_R","Defend_R","Defend_R","Defend_R+1","Defend_R+1","Bash","Clothesline+1","Spot Weakness","Twin Strike","Impervious","Rampage","Cleave+1","Disarm","Flame Barrier","Twin Strike","Heavy Blade","Double Tap"],"special_seed":0,"relics":["Burning Blood","NeowsBlessing","Bag of Preparation","Ornamental Fan","Whetstone","Dream Catcher","Pen Nib"],"potions_floor_usage":[13,14],"damage_taken":[{"damage":0.0,"enemies":"Cultist","floor":1.0,"turns":1.0},{"damage":0.0,"enemies":"Jaw Worm","floor":5.0,"turns":1.0},{"damage":0.0,"enemies":"Gremlin Nob","floor":6.0,"turns":1.0},{"damage":0.0,"enemies":"Small Slimes","floor":7.0,"turns":3.0},{"damage":20.0,"enemies":"3 Sentries","floor":8.0,"turns":8.0},{"damage":17.0,"enemies":"Gremlin Gang","floor":10.0,"turns":5.0},{"damage":35.0,"enemies":"Gremlin Nob","floor":11.0,"turns":4.0},{"damage":4,"enemies":"2 Fungi Beasts","floor":13,"turns":3},{"damage":31,"enemies":"Lagavulin","floor":14,"turns":4}],"seed_played":"23786783515422563","potions_obtained":[{"floor":5.0,"key":"SpeedPotion"},{"floor":8.0,"key":"PowerPotion"},{"floor":10.0,"key":"Ancient Potion"},{"floor":13,"key":"FearPotion"}],"is_trial":false,"path_per_floor":["M","T","?","?","M","E","M","E","T","M","E","?","M","E"],"character_chosen":"IRONCLAD","items_purchased":[],"campfire_rested":0,"item_purchase_floors":[],"current_hp_per_floor":[74,74,51,51,57,63,69,55,55,44,15,15,17,0],"gold":321,"neow_bonus":"THREE_ENEMY_KILL","is_prod":false,"is_daily":false,"chose_seed":false,"campfire_upgraded":0,"win_rate":0,"timestamp":1567417954,"path_taken":["M","?","?","?","?","E","M","E","T","M","E","?","M","E"],"build_version":"2019-07-17","purchased_purges":0,"victory":false,"max_hp_per_floor":[75,75,75,75,75,75,75,75,75,75,75,75,75,75],"card_choices":[{"not_picked":["Combust","Flex"],"picked":"Clothesline","floor":1.0},{"not_picked":["True Grit","Feel No Pain"],"picked":"Rampage","floor":5.0},{"not_picked":["Clash","Body Slam"],"picked":"Cleave","floor":6.0},{"not_picked":["Bloodletting","Headbutt"],"picked":"Disarm","floor":7.0},{"not_picked":["Pommel Strike","Havoc"],"picked":"Flame Barrier","floor":8.0},{"not_picked":["Ghostly Armor","Seeing Red"],"picked":"Twin Strike","floor":10.0},{"not_picked":["Rage","Body Slam"],"picked":"Heavy Blade","floor":11.0},{"not_picked":["Flex","Thunderclap"],"picked":"Double Tap","floor":13}],"player_experience":1996034,"relics_obtained":[{"floor":2.0,"key":"Bag of Preparation"},{"floor":6.0,"key":"Ornamental Fan"},{"floor":8.0,"key":"Whetstone"},{"floor":9.0,"key":"Dream Catcher"},{"floor":11.0,"key":"Pen Nib"}],"event_choices":[{"damage_healed":0.0,"max_hp_gain":0.0,"max_hp_loss":0.0,"gold_gain":0.0,"event_name":"Shining Light","player_choice":"Entered Light","floor":3.0,"gold_loss":0.0,"damage_taken":23.0,"cards_upgraded":["Defend_R","Defend_R"]},{"damage_healed":0.0,"max_hp_gain":0.0,"max_hp_loss":0.0,"gold_gain":0.0,"event_name":"Match and Keep!","player_choice":"3 cards matched","floor":4.0,"gold_loss":0.0,"damage_taken":0.0,"cards_obtained":["Spot Weakness","Twin Strike","Impervious"]},{"damage_healed":0.0,"max_hp_gain":0.0,"max_hp_loss":0.0,"gold_gain":0.0,"event_name":"Dead Adventurer","player_choice":"Searched \u00270\u0027 times","floor":12.0,"gold_loss":0.0,"damage_taken":0.0}],"is_beta":false,"boss_relics":[],"items_purged_floors":[],"is_endless":false,"potions_floor_spawned":[5,8,10,13],"killed_by":"Lagavulin","ascension_level":20}