{"gold_per_floor":[115,33,33,33,56,91,91,125,150,166,166,186,219,234,234,310,310,326,57,57,57,57,92,92,112,136,196,55,55],"floor_reached":29,"playtime":2423,"items_purged":["Strike_G","Endless Agony"],"score":654,"play_id":"e9fdf136-395f-4d7f-b8c5-64129dfef37f","local_time":"20190918181932","is_ascension_mode":true,"campfire_choices":[{"data":"Crippling Poison","floor":7,"key":"SMITH"},{"data":"Caltrops","floor":11,"key":"SMITH"},{"data":"Noxious Fumes","floor":15,"key":"SMITH"},{"data":"Ghostly","floor":24,"key":"SMITH"}],"neow_cost":"NONE","seed_source_timestamp":26607346035708,"circlet_count":0,"master_deck":["AscendersBane","Strike_G+1","Strike_G+1","Defend_G+1","Defend_G+1","Defend_G+1","Defend_G+1","Defend_G+1","Survivor","Neutralize","Caltrops+1","Poisoned Stab+1","Sucker Punch","Crippling Poison+1","Escape Plan","Heel Hook","Noxious Fumes","Noxious Fumes+1","Blur","Die Die Die","Well Laid Plans","PiercingWail","Tools of the Trade","Ghostly+1","Ghostly","Ghostly","Noxious Fumes+1","Deflect+1","Footwork","Leg Sweep"],"relics":["Ring of the Snake","NeowsBlessing","Darkstone Periapt","Pen Nib","Boot","Strawberry","Potion Belt","Runic Dome","Pear","Bag of Preparation","Tiny Chest"],"potions_floor_usage":[16,23],"damage_taken":[{"damage":0,"enemies":"Jaw Worm","floor":1,"turns":1},{"damage":0,"enemies":"Lagavulin","floor":6,"turns":1},{"damage":0,"enemies":"3 Sentries","floor":8,"turns":1},{"damage":2,"enemies":"Small Slimes","floor":10,"turns":3},{"damage":0,"enemies":"Cultist","floor":12,"turns":3},{"damage":15,"enemies":"Lagavulin","floor":13,"turns":7},{"damage":5,"enemies":"2 Fungi Beasts","floor":14,"turns":4},{"damage":26,"enemies":"Hexaghost","floor":16,"turns":9},{"damage":26,"enemies":"Spheric Guardian","floor":18,"turns":6},{"damage":11,"enemies":"Slavers","floor":23,"turns":5},{"damage":7,"enemies":"3 Byrds","floor":25,"turns":2},{"damage":7,"enemies":"Book of Stabbing","floor":27,"turns":6},{"damage":26,"enemies":"Gremlin Leader","floor":29,"turns":3}],"seed_played":"1723468784913296312","potions_obtained":[{"floor":8,"key":"PowerPotion"},{"floor":13,"key":"Energy Potion"},{"floor":14,"key":"Regen Potion"},{"floor":18,"key":"Swift Potion"},{"floor":25,"key":"GhostInAJar"}],"is_trial":false,"path_per_floor":["M","$","?","?","T","E","R","E","T","M","R","M","E","M","R","B",null,"M","$","?","?","?","E","R","M","T","E","$","E"],"character_chosen":"THE_SILENT","items_purchased":["Poisoned Stab","Sucker Punch","Well Laid Plans","PiercingWail","SkillPotion","Leg Sweep"],"campfire_rested":0,"item_purchase_floors":[2,2,19,19,19,28],"current_hp_per_floor":[59,59,59,54,54,54,54,61,61,59,59,59,44,39,39,13,58,32,32,32,32,32,31,31,24,24,17,17,0],"gold":55,"neow_bonus":"THREE_ENEMY_KILL","is_prod":false,"is_daily":false,"chose_seed":false,"campfire_upgraded":4,"win_rate":0,"timestamp":1568823572,"path_taken":["M","$","?","?","?","E","R","E","T","M","R","?","E","M","R","BOSS","M","$","?","?","?","E","R","?","T","E","$","E"],"build_version":"2019-09-17","purchased_purges":2,"victory":false,"max_hp_per_floor":[66,66,66,66,66,66,66,73,73,73,73,73,73,73,73,73,73,73,73,73,73,36,46,46,46,46,46,46,46],"card_choices":[{"not_picked":["Flying Knee","Bane"],"picked":"Caltrops","floor":1},{"not_picked":["Calculated Gamble","Tools of the Trade"],"picked":"Crippling Poison","floor":6},{"not_picked":["Dodge and Roll","Calculated Gamble"],"picked":"Escape Plan","floor":8},{"not_picked":["Flying Knee","Infinite Blades"],"picked":"Heel Hook","floor":10},{"not_picked":["Outmaneuver","Flechettes"],"picked":"Noxious Fumes","floor":12},{"not_picked":["Blade Dance","Dagger Throw"],"picked":"Noxious Fumes","floor":13},{"not_picked":["Endless Agony","Infinite Blades"],"picked":"Blur","floor":14},{"not_picked":["Night Terror","Venomology"],"picked":"Die Die Die","floor":16},{"not_picked":["Blade Dance","Poisoned Stab","Underhanded Strike"],"picked":"SKIP","floor":18},{"not_picked":["Tactician","Glass Knife"],"picked":"Noxious Fumes+1","floor":23},{"not_picked":["Slice","Poisoned Stab+1"],"picked":"Deflect+1","floor":25},{"not_picked":["All Out Attack","Quick Slash"],"picked":"Footwork","floor":27}],"player_experience":2074957,"relics_obtained":[{"floor":5,"key":"Pen Nib"},{"floor":6,"key":"Boot"},{"floor":8,"key":"Strawberry"},{"floor":9,"key":"Potion Belt"},{"floor":23,"key":"Pear"},{"floor":26,"key":"Bag of Preparation"},{"floor":27,"key":"Tiny Chest"}],"event_choices":[{"damage_healed":0,"gold_gain":0,"player_choice":"Grow","damage_taken":0,"max_hp_gain":0,"max_hp_loss":0,"event_name":"Living Wall","floor":3,"gold_loss":0,"cards_upgraded":["Poisoned Stab"]},{"damage_healed":0,"gold_gain":0,"player_choice":"Success","damage_taken":5,"relics_obtained":["Darkstone Periapt"],"max_hp_gain":0,"max_hp_loss":0,"event_name":"Scrap Ooze","floor":4,"gold_loss":0},{"damage_healed":0,"gold_gain":0,"cards_transformed":["Strike_G","Strike_G"],"player_choice":"Became Test Subject","damage_taken":0,"max_hp_gain":0,"max_hp_loss":0,"event_name":"Drug Dealer","floor":20,"gold_loss":0,"cards_obtained":["Tools of the Trade","Endless Agony"]},{"damage_healed":0,"gold_gain":0,"player_choice":"Simplicity","damage_taken":0,"max_hp_gain":0,"max_hp_loss":0,"event_name":"Back to Basics","floor":21,"gold_loss":0,"cards_upgraded":["Strike_G","Strike_G","Defend_G","Defend_G","Defend_G","Defend_G","Defend_G"]},{"damage_healed":0,"gold_gain":0,"player_choice":"Became a Ghost","damage_taken":0,"max_hp_gain":0,"max_hp_loss":37,"event_name":"Ghosts","floor":22,"gold_loss":0,"cards_obtained":["Ghostly","Ghostly","Ghostly"]}],"is_beta":true,"boss_relics":[{"not_picked":["Busted Crown","Ring of the Serpent"],"picked":"Runic Dome"}],"items_purged_floors":[19,28],"is_endless":false,"potions_floor_spawned":[8,13,14,18,25],"killed_by":"Gremlin Leader","ascension_level":20}