{"gold_per_floor":[110,75,90,37,50,50,82,92,116,135,146,173,183,217,217,217],"floor_reached":16,"playtime":640,"items_purged":[],"score":228,"play_id":"8af3048a-42ca-4e0c-8bfc-03f4e3f335f2","local_time":"20190918105950","is_ascension_mode":true,"campfire_choices":[{"data":"Biased Cognition","floor":6,"key":"SMITH"},{"floor":15,"key":"REST"}],"neow_cost":"PERCENT_DAMAGE","seed_source_timestamp":2012524609320,"circlet_count":0,"master_deck":["AscendersBane","Strike_B+1","Strike_B+1","Strike_B","Strike_B","Defend_B","Defend_B","Defend_B","Defend_B","Zap","Dualcast","Biased Cognition+1","Glacier","Coolheaded","Gash","Doom and Gloom","Compile Driver","FTL","Conserve Battery","Compile Driver","Electrodynamics"],"relics":["Cracked Core","Smiling Mask","Whetstone","Oddly Smooth Stone","Odd Mushroom","Sundial"],"potions_floor_usage":[11,12,14],"damage_taken":[{"damage":12,"enemies":"Jaw Worm","floor":1,"turns":2},{"damage":5,"enemies":"Small Slimes","floor":3,"turns":3},{"damage":0,"enemies":"Cultist","floor":5,"turns":2},{"damage":25,"enemies":"3 Sentries","floor":7,"turns":11},{"damage":7,"enemies":"Exordium Wildlife","floor":8,"turns":3},{"damage":0,"enemies":"Large Slime","floor":10,"turns":4},{"damage":8,"enemies":"Lots of Slimes","floor":11,"turns":5},{"damage":4,"enemies":"The Mushroom Lair","floor":12,"turns":2},{"damage":0,"enemies":"3 Louse","floor":13,"turns":2},{"damage":1,"enemies":"Gremlin Nob","floor":14,"turns":3},{"damage":25,"enemies":"Hexaghost","floor":16,"turns":9}],"seed_played":"-16826142970566321","potions_obtained":[{"floor":1,"key":"FearPotion"},{"floor":5,"key":"SkillPotion"},{"floor":11,"key":"AttackPotion"}],"is_trial":false,"path_per_floor":["M","?","M","?","M","R","E","M","T","M","M","?","M","E","R","B"],"character_chosen":"DEFECT","items_purchased":[],"campfire_rested":1,"item_purchase_floors":[],"current_hp_per_floor":[34,51,46,46,46,46,21,14,14,14,6,2,2,1,22,0],"gold":217,"neow_bonus":"THREE_RARE_CARDS","is_prod":false,"is_daily":false,"chose_seed":false,"campfire_upgraded":1,"win_rate":0,"timestamp":1568797190,"path_taken":["M","?","M","?","M","R","E","?","T","M","M","?","M","E","R","BOSS"],"build_version":"2019-09-17","purchased_purges":0,"victory":false,"max_hp_per_floor":[71,71,71,71,71,71,71,71,71,71,71,71,71,71,71,71],"card_choices":[{"not_picked":["Multi-Cast","Thunder Strike"],"picked":"Biased Cognition","floor":0},{"not_picked":["Cold Snap","Reprogram"],"picked":"Glacier","floor":1},{"not_picked":["Skim","Heatsinks"],"picked":"Coolheaded","floor":3},{"not_picked":["Turbo","Steam"],"picked":"Gash","floor":5},{"not_picked":["Hyperbeam","Self Repair"],"picked":"Doom and Gloom","floor":7},{"not_picked":["Gash","Redo"],"picked":"Compile Driver","floor":8},{"not_picked":["Go for the Eyes","Rebound","Stack"],"picked":"SKIP","floor":10},{"not_picked":["Lockon","Hologram"],"picked":"FTL","floor":11},{"not_picked":["Go for the Eyes","Reprogram"],"picked":"Conserve Battery","floor":12},{"not_picked":["Sweeping Beam","Turbo"],"picked":"Compile Driver","floor":13},{"not_picked":["Streamline","Turbo"],"picked":"Electrodynamics","floor":14}],"player_experience":2070582,"relics_obtained":[{"floor":7,"key":"Whetstone"},{"floor":9,"key":"Oddly Smooth Stone"},{"floor":12,"key":"Odd Mushroom"},{"floor":14,"key":"Sundial"}],"event_choices":[{"damage_healed":17,"gold_gain":0,"player_choice":"Healed","damage_taken":0,"max_hp_gain":0,"max_hp_loss":0,"event_name":"The Cleric","floor":2,"gold_loss":35},{"damage_healed":0,"gold_gain":0,"player_choice":"Paid Gold","damage_taken":0,"relics_obtained":["Smiling Mask"],"max_hp_gain":0,"max_hp_loss":0,"event_name":"WeMeetAgain","floor":4,"gold_loss":53},{"damage_healed":0,"gold_gain":0,"player_choice":"Fought Mushrooms","damage_taken":0,"max_hp_gain":0,"max_hp_loss":0,"event_name":"Mushrooms","floor":12,"gold_loss":0}],"is_beta":true,"boss_relics":[],"items_purged_floors":[],"is_endless":false,"potions_floor_spawned":[1,5,10,11],"killed_by":"Hexaghost","ascension_level":20}