{"gold_per_floor":[118,134,134,144,144,144,173,173,173,173,16,16,26,54,54,127,127,143,158,158,1,19,44,60,88,88,88,102,131,181,87,87,161,161,174,174,191,18,33,92,92,111,179,179,47,100,130,7,7,7,7,7,7,7,32,32],"floor_reached":57,"playtime":3374,"items_purged":["Deflect"],"score":3052,"play_id":"9bf8abd7-c75d-4663-bdec-74bf93a8f1a9","local_time":"20190816203538","is_ascension_mode":true,"campfire_choices":[{"data":"Poisoned Stab","floor":6.0,"key":"SMITH"},{"data":"Neutralize","floor":8.0,"key":"SMITH"},{"data":"Well Laid Plans","floor":10.0,"key":"SMITH"},{"data":"Noxious Fumes","floor":15.0,"key":"SMITH"},{"data":"Catalyst","floor":27.0,"key":"SMITH"},{"data":"Wraith Form v2","floor":32.0,"key":"SMITH"},{"data":"Wraith Form v2","floor":41.0,"key":"SMITH"},{"data":"After Image","floor":44.0,"key":"SMITH"},{"floor":49,"key":"RECALL"},{"data":"After Image","floor":53,"key":"SMITH"}],"neow_cost":"NONE","seed_source_timestamp":36200581940428,"circlet_count":0,"master_deck":["AscendersBane","Survivor","Neutralize+1","Well Laid Plans+1","Crippling Poison+1","Poisoned Stab+1","Quick Slash","Crippling Poison","Noxious Fumes+1","Wraith Form v2+1","Dash","Footwork","Leg Sweep","Skewer","Catalyst+1","Corpse Explosion","Backflip","Wraith Form v2+1","Heel Hook","After Image+1","Glass Knife","Escape Plan","Expertise","Choke","Setup","After Image+1","Dodge and Roll","Leg Sweep","Wraith Form v2+1","PiercingWail","Blur+1","Well Laid Plans","PiercingWail","Noxious Fumes","Caltrops","PiercingWail"],"special_seed":0,"relics":["Ring of the Snake","NeowsBlessing","Gremlin Horn","Kunai","Centennial Puzzle","Meat on the Bone","Snecko Eye","Prayer Wheel","The Courier","Anchor","Art of War","Pandora\u0027s Box","DollysMirror","Tiny Chest","Question Card","FossilizedHelix","Mummified Hand","Orichalcum"],"potions_floor_usage":[50,56],"damage_taken":[{"damage":0.0,"enemies":"Cultist","floor":1.0,"turns":1.0},{"damage":0.0,"enemies":"2 Louse","floor":2.0,"turns":1.0},{"damage":0.0,"enemies":"Jaw Worm","floor":4.0,"turns":1.0},{"damage":29.0,"enemies":"Gremlin Nob","floor":7.0,"turns":4.0},{"damage":1.0,"enemies":"Blue Slaver","floor":13.0,"turns":4.0},{"damage":15.0,"enemies":"Lagavulin","floor":14.0,"turns":9.0},{"damage":29.0,"enemies":"Slime Boss","floor":16.0,"turns":9.0},{"damage":12.0,"enemies":"Chosen","floor":18.0,"turns":5.0},{"damage":9.0,"enemies":"Shell Parasite","floor":19.0,"turns":7.0},{"damage":2.0,"enemies":"Snecko","floor":22.0,"turns":7.0},{"damage":7.0,"enemies":"Gremlin Leader","floor":23.0,"turns":6.0},{"damage":8.0,"enemies":"Cultist and Chosen","floor":24.0,"turns":6.0},{"damage":32.0,"enemies":"Book of Stabbing","floor":25.0,"turns":5.0},{"damage":5.0,"enemies":"Snake Plant","floor":28.0,"turns":3.0},{"damage":18.0,"enemies":"Gremlin Leader","floor":29.0,"turns":3.0},{"damage":14.0,"enemies":"Automaton","floor":33.0,"turns":10.0},{"damage":0.0,"enemies":"3 Shapes","floor":35.0,"turns":5.0},{"damage":2.0,"enemies":"3 Darklings","floor":37.0,"turns":6.0},{"damage":1.0,"enemies":"Jaw Worm Horde","floor":39.0,"turns":4.0},{"damage":2.0,"enemies":"Nemesis","floor":40.0,"turns":9.0},{"damage":0.0,"enemies":"Transient","floor":42.0,"turns":6.0},{"damage":20.0,"enemies":"2 Orb Walkers","floor":46.0,"turns":4.0},{"damage":0,"enemies":"Giant Head","floor":47,"turns":11},{"damage":32,"enemies":"Awakened One","floor":50,"turns":14},{"damage":0,"enemies":"Donu and Deca","floor":51,"turns":7},{"damage":0,"enemies":"Shield and Spear","floor":55,"turns":5},{"damage":0,"enemies":"The Heart","floor":56,"turns":10}],"seed_played":"-45579658638750368","potions_obtained":[{"floor":4.0,"key":"Regen Potion"},{"floor":13.0,"key":"Regen Potion"},{"floor":14.0,"key":"EssenceOfSteel"},{"floor":18.0,"key":"Fire Potion"},{"floor":28.0,"key":"AttackPotion"},{"floor":29.0,"key":"Ancient Potion"},{"floor":33.0,"key":"Fire Potion"},{"floor":37.0,"key":"Fire Potion"},{"floor":40.0,"key":"Dexterity Potion"}],"is_trial":false,"path_per_floor":["M","M","?","M","$","R","E","R","T","R","$","?","M","E","R","B",null,"M","M","?","$","M","E","M","E","T","R","M","E","?","?","R","B",null,"M","?","M","$","M","E","R","M","T","R","$","?","E","$","R","B","B",null,"R","$","E","B",null],"character_chosen":"THE_SILENT","items_purchased":["Centennial Puzzle","Footwork","Leg Sweep","DollysMirror","Well Laid Plans","Noxious Fumes","Caltrops"],"campfire_rested":0,"item_purchase_floors":[11,21,21,38,45,48,48],"current_hp_per_floor":[59,59,59,59,59,59,30,30,30,30,30,21,20,57,57,40,60,48,39,39,39,37,42,34,14,14,14,21,15,15,15,15,13,53,53,53,51,51,50,48,48,48,48,48,48,40,40,40,40,20,32,55,55,55,55,55],"gold":32,"neow_bonus":"THREE_ENEMY_KILL","is_prod":false,"is_daily":false,"chose_seed":false,"campfire_upgraded":9,"win_rate":0,"timestamp":1565980538,"path_taken":["M","?","?","M","?","R","E","R","T","R","$","?","M","E","R","BOSS","M","M","?","$","M","E","M","E","T","R","M","E","?","?","R","BOSS","M","?","M","$","M","E","R","M","T","R","$","?","E","$","R","BOSS","BOSS","R","$","E","BOSS"],"build_version":"2019-07-17","purchased_purges":1,"victory":true,"max_hp_per_floor":[66,66,66,66,66,66,66,66,66,66,66,66,66,66,66,66,66,66,66,66,66,66,66,66,66,66,66,66,66,66,66,66,66,66,66,63,63,63,63,63,63,63,63,63,63,63,63,63,63,63,63,63,63,63,63,63],"card_choices":[{"not_picked":["Dodge and Roll","Prepared"],"picked":"Well Laid Plans","floor":1.0},{"not_picked":["Backflip","Caltrops"],"picked":"Crippling Poison","floor":2.0},{"not_picked":["Backflip","Deadly Poison"],"picked":"Poisoned Stab","floor":4.0},{"not_picked":["Choke","Sucker Punch"],"picked":"Quick Slash","floor":7.0},{"not_picked":["Malaise","Prepared"],"picked":"Crippling Poison","floor":13.0},{"not_picked":["Flying Knee","Dagger Spray"],"picked":"Noxious Fumes","floor":14.0},{"not_picked":["Die Die Die","Burst"],"picked":"Wraith Form v2","floor":16.0},{"not_picked":["Sucker Punch","Escape Plan","Terror+1"],"picked":"SKIP","floor":18.0},{"not_picked":["Concentrate+1","Sucker Punch","Backstab+1"],"picked":"SKIP","floor":19.0},{"not_picked":["Flechettes","Dagger Spray"],"picked":"Skewer","floor":22.0},{"not_picked":["Footwork","Noxious Fumes"],"picked":"Catalyst","floor":23.0},{"not_picked":["PiercingWail+1","Noxious Fumes"],"picked":"Corpse Explosion","floor":24.0},{"not_picked":["Deflect","Predator","Heel Hook+1"],"picked":"SKIP","floor":24.0},{"not_picked":["Tactician","Dagger Throw"],"picked":"Backflip","floor":25.0},{"not_picked":["Dagger Throw","Quick Slash","Endless Agony"],"picked":"SKIP","floor":28.0},{"not_picked":["All Out Attack+1","Accuracy","Bane+1"],"picked":"SKIP","floor":28.0},{"not_picked":["Bane","Adrenaline","Dagger Throw"],"picked":"SKIP","floor":29.0},{"not_picked":["Bane","Adrenaline","Dagger Throw"],"picked":"SKIP","floor":29.0},{"not_picked":["Venomology","Doppelganger"],"picked":"Wraith Form v2","floor":33.0},{"not_picked":["All Out Attack","Masterful Stab"],"picked":"Leg Sweep","floor":35.0},{"not_picked":["Endless Agony","Blade Dance","Sucker Punch+1"],"picked":"SKIP","floor":35.0},{"not_picked":["Underhanded Strike","Sucker Punch","Outmaneuver"],"picked":"SKIP","floor":37.0},{"not_picked":["Endless Agony","Dagger Throw","Sucker Punch"],"picked":"SKIP","floor":37.0},{"not_picked":["Dagger Spray","Phantasmal Killer"],"picked":"PiercingWail","floor":39.0},{"not_picked":["Poisoned Stab","Bane+1","Dagger Spray"],"picked":"SKIP","floor":39.0},{"not_picked":["Heel Hook","Outmaneuver"],"picked":"Blur+1","floor":40.0},{"not_picked":["Blade Dance","Quick Slash","Tactician"],"picked":"SKIP","floor":42.0},{"not_picked":["Quick Slash","Riddle With Holes","Heel Hook"],"picked":"SKIP","floor":42.0},{"not_picked":["Underhanded Strike","Phantasmal Killer","Blade Dance"],"picked":"PiercingWail","floor":46.0},{"not_picked":["Terror","Bane+1","Riddle With Holes","Deflect"],"picked":"SKIP","floor":47},{"not_picked":["Slice+1","Prepared","Deflect"],"picked":"PiercingWail","floor":55}],"player_experience":1928033,"relics_obtained":[{"floor":7.0,"key":"Gremlin Horn"},{"floor":9.0,"key":"Kunai"},{"floor":14.0,"key":"Meat on the Bone"},{"floor":23.0,"key":"Prayer Wheel"},{"floor":25.0,"key":"The Courier"},{"floor":29.0,"key":"Anchor"},{"floor":40.0,"key":"Tiny Chest"},{"floor":43.0,"key":"Question Card"},{"floor":46.0,"key":"FossilizedHelix"},{"floor":47,"key":"Mummified Hand"},{"floor":55,"key":"Orichalcum"}],"event_choices":[{"damage_healed":0.0,"max_hp_gain":0.0,"max_hp_loss":0.0,"gold_gain":0.0,"event_name":"Living Wall","player_choice":"Grow","floor":3.0,"gold_loss":0.0,"damage_taken":0.0,"cards_upgraded":["Crippling Poison"]},{"damage_healed":0.0,"max_hp_gain":0.0,"max_hp_loss":0.0,"gold_gain":0.0,"event_name":"Wheel of Change","player_choice":"Damaged","floor":12.0,"gold_loss":0.0,"damage_taken":9.0},{"damage_healed":0.0,"max_hp_gain":0.0,"max_hp_loss":0.0,"gold_gain":0.0,"event_name":"The Library","player_choice":"Read","floor":20.0,"gold_loss":0.0,"damage_taken":0.0,"cards_obtained":["Dash"]},{"damage_healed":0.0,"max_hp_gain":0.0,"max_hp_loss":0.0,"gold_gain":50.0,"event_name":"Nest","player_choice":"Stole From Cult","floor":30.0,"gold_loss":0.0,"damage_taken":0.0},{"damage_healed":0.0,"max_hp_gain":0.0,"max_hp_loss":0.0,"gold_gain":0.0,"event_name":"WeMeetAgain","player_choice":"Paid Gold","floor":31.0,"gold_loss":94.0,"damage_taken":0.0,"relics_obtained":["Art of War"]},{"damage_healed":0.0,"max_hp_gain":0.0,"max_hp_loss":3.0,"gold_gain":0.0,"event_name":"Winding Halls","player_choice":"Max HP","floor":36.0,"gold_loss":0.0,"damage_taken":0.0},{"damage_healed":0.0,"max_hp_gain":0.0,"max_hp_loss":0.0,"gold_gain":0.0,"event_name":"Mysterious Sphere","player_choice":"Fight","floor":46.0,"gold_loss":0.0,"damage_taken":0.0}],"is_beta":false,"boss_relics":[{"not_picked":["Fusion Hammer","HoveringKite"],"picked":"Snecko Eye"},{"not_picked":["Runic Pyramid","Empty Cage"],"picked":"Pandora\u0027s Box"}],"items_purged_floors":[45],"is_endless":false,"potions_floor_spawned":[4,13,14,18,23,28,29,33,37,40,42],"ascension_level":20}