{"gold_per_floor":[119,32,32,45,45,45,63,63,90,106,139,139,179,198,198,294,294,255,271,289,239,239,239,257,287,310,310,310,335,350,350,350,350,350,365,1364,1416,1416,1428,1443,1458,1458],"floor_reached":42,"playtime":2197,"items_purged":["Strike_G"],"score":921,"play_id":"7e3bd969-e7c2-4367-bdea-9b218feffd87","local_time":"20190704142707","is_ascension_mode":true,"campfire_choices":[{"data":"Skewer","floor":6.0,"key":"SMITH"},{"data":"Neutralize","floor":8.0,"key":"SMITH"},{"data":"Footwork","floor":12.0,"key":"SMITH"},{"data":"Bouncing Flask","floor":15.0,"key":"SMITH"},{"data":"Wraith Form v2","floor":23.0,"key":"SMITH"},{"data":"Crippling Poison","floor":27.0,"key":"SMITH"},{"floor":32.0,"key":"REST"}],"neow_cost":"NONE","seed_source_timestamp":0,"circlet_count":0,"master_deck":["AscendersBane","Strike_G+1","Strike_G+1","Strike_G+1","Strike_G+1","Defend_G+1","Defend_G+1","Defend_G+1","Defend_G+1","Defend_G+1","Survivor","Neutralize+1","Skewer+1","Well Laid Plans","Dagger Throw","Cloak And Dagger","Footwork+1","Bouncing Flask+1","Wraith Form v2+1","Backstab+1","PiercingWail","Footwork","Crippling Poison+1","Deflect","Dodge and Roll","Deadly Poison","PiercingWail","Escape Plan+1","Backflip","Caltrops"],"special_seed":0,"relics":["Ring of the Snake","Centennial Puzzle","Bloody Idol","Boot","Mummified Hand","Smiling Mask","Runic Pyramid","Pen Nib","Omamori","StoneCalendar","Velvet Choker","Shovel"],"potions_floor_usage":[],"damage_taken":[{"damage":6.0,"enemies":"Cultist","floor":1.0,"turns":4.0},{"damage":1.0,"enemies":"2 Louse","floor":4.0,"turns":4.0},{"damage":0.0,"enemies":"Small Slimes","floor":7.0,"turns":2.0},{"damage":3.0,"enemies":"Exordium Wildlife","floor":10.0,"turns":4.0},{"damage":18.0,"enemies":"Gremlin Nob","floor":11.0,"turns":4.0},{"damage":8.0,"enemies":"3 Sentries","floor":13.0,"turns":12.0},{"damage":11.0,"enemies":"3 Louse","floor":14.0,"turns":2.0},{"damage":8.0,"enemies":"Hexaghost","floor":16.0,"turns":9.0},{"damage":8.0,"enemies":"2 Thieves","floor":18.0,"turns":5.0},{"damage":0.0,"enemies":"Chosen","floor":19.0,"turns":5.0},{"damage":8.0,"enemies":"3 Cultists","floor":20.0,"turns":6.0},{"damage":3.0,"enemies":"Snake Plant","floor":24.0,"turns":6.0},{"damage":28.0,"enemies":"Book of Stabbing","floor":25.0,"turns":9.0},{"damage":14.0,"enemies":"Slavers","floor":29.0,"turns":7.0},{"damage":0.0,"enemies":"Chosen and Byrds","floor":30.0,"turns":6.0},{"damage":7.0,"enemies":"Automaton","floor":33.0,"turns":16.0},{"damage":0,"enemies":"3 Darklings","floor":35,"turns":7},{"damage":25,"enemies":"2 Orb Walkers","floor":37,"turns":7},{"damage":2,"enemies":"Orb Walker","floor":39,"turns":5},{"damage":4,"enemies":"3 Darklings","floor":40,"turns":5},{"damage":23,"enemies":"Sphere and 2 Shapes","floor":41,"turns":5},{"damage":76,"enemies":"Giant Head","floor":42,"turns":10}],"seed_played":"-4382123478869774814","potions_obtained":[{"floor":1.0,"key":"Regen Potion"},{"floor":4.0,"key":"SpeedPotion"},{"floor":10.0,"key":"Ancient Potion"},{"floor":19.0,"key":"PowerPotion"},{"floor":25.0,"key":"SpeedPotion"},{"floor":29.0,"key":"Ancient Potion"},{"floor":35,"key":"LiquidBronze"}],"is_trial":false,"path_per_floor":["M","$","?","M","?","R","M","R","T","M","E","R","E","M","R","B",null,"M","M","M","$","?","R","M","E","T","R","?","E","M","?","R","B",null,"M","?","?","?","M","M","M","E"],"character_chosen":"THE_SILENT","items_purchased":["Well Laid Plans"],"campfire_rested":1,"item_purchase_floors":[2],"current_hp_per_floor":[53,53,53,52,52,52,52,52,52,49,31,31,38,27,27,19,50,42,42,34,34,34,34,36,13,18,18,18,9,14,14,32,25,51,56,60,40,40,43,44,26,0],"gold":1458,"neow_bonus":"RANDOM_COMMON_RELIC","is_prod":false,"is_daily":false,"chose_seed":false,"campfire_upgraded":6,"win_rate":0,"timestamp":1562243227,"path_taken":["M","?","?","M","?","R","M","R","T","M","E","R","E","M","R","BOSS","M","M","M","$","?","R","M","E","T","R","?","E","M","?","R","BOSS","M","?","?","?","M","?","M","E"],"build_version":"2019-07-01","purchased_purges":1,"victory":false,"max_hp_per_floor":[66,66,60,60,60,60,60,60,60,60,60,60,60,60,60,60,60,60,60,60,60,60,60,60,60,60,60,60,60,60,60,60,60,60,60,60,60,60,60,60,60,60],"card_choices":[{"not_picked":["Cloak And Dagger","Backflip"],"picked":"Skewer","floor":1.0},{"not_picked":["Prepared","Bane"],"picked":"Dagger Throw","floor":4.0},{"not_picked":["Blade Dance","Slice","Sucker Punch"],"picked":"SKIP","floor":7.0},{"not_picked":["Expertise","Night Terror"],"picked":"Cloak And Dagger","floor":10.0},{"not_picked":["Flying Knee","Endless Agony"],"picked":"Footwork","floor":11.0},{"not_picked":["Backflip","Dodge and Roll"],"picked":"Bouncing Flask","floor":13.0},{"not_picked":["Quick Slash","Finisher","Dagger Throw"],"picked":"SKIP","floor":14.0},{"not_picked":["Storm of Steel","Die Die Die"],"picked":"Wraith Form v2","floor":16.0},{"not_picked":["Backflip","Blade Dance+1"],"picked":"Backstab+1","floor":18.0},{"not_picked":["Riddle With Holes","Bouncing Flask"],"picked":"PiercingWail","floor":19.0},{"not_picked":["Deadly Poison","Prepared"],"picked":"Footwork","floor":20.0},{"not_picked":["Slice","Deflect","Eviscerate"],"picked":"SKIP","floor":24.0},{"not_picked":["Quick Slash","Reflex"],"picked":"Crippling Poison","floor":25.0},{"not_picked":["Blade Dance","Acrobatics"],"picked":"Deflect","floor":29.0},{"not_picked":["Deadly Poison","Quick Slash"],"picked":"Dodge and Roll","floor":30.0},{"not_picked":["Blade Dance","Bane"],"picked":"Deadly Poison","floor":35},{"not_picked":["Endless Agony","Slice+1"],"picked":"PiercingWail","floor":37},{"not_picked":["Expertise+1","Tools of the Trade"],"picked":"Escape Plan+1","floor":39},{"not_picked":["Blade Dance+1","Flying Knee+1"],"picked":"Backflip","floor":40},{"not_picked":["Prepared","Masterful Stab"],"picked":"Caltrops","floor":41}],"player_experience":1770197,"relics_obtained":[{"floor":9.0,"key":"Boot"},{"floor":11.0,"key":"Mummified Hand"},{"floor":13.0,"key":"Smiling Mask"},{"floor":25.0,"key":"Pen Nib"},{"floor":26.0,"key":"Omamori"},{"floor":29.0,"key":"StoneCalendar"},{"floor":37,"key":"Shovel"}],"event_choices":[{"damage_healed":0.0,"max_hp_gain":0.0,"max_hp_loss":6.0,"gold_gain":0.0,"event_name":"Golden Idol","player_choice":"Lose Max HP","floor":3.0,"gold_loss":0.0,"damage_taken":0.0,"relics_obtained":["Golden Idol"]},{"damage_healed":0.0,"max_hp_gain":0.0,"max_hp_loss":0.0,"gold_gain":0.0,"event_name":"The Cleric","player_choice":"Leave","floor":5.0,"gold_loss":0.0,"damage_taken":0.0},{"damage_healed":0.0,"max_hp_gain":0.0,"max_hp_loss":0.0,"gold_gain":0.0,"event_name":"Forgotten Altar","player_choice":"Gave Idol","floor":22.0,"relics_lost":["Golden Idol"],"gold_loss":0.0,"damage_taken":0.0,"relics_obtained":["Bloody Idol"]},{"damage_healed":0.0,"max_hp_gain":0.0,"max_hp_loss":0.0,"gold_gain":0.0,"event_name":"Cursed Tome","player_choice":"Ignored","floor":28.0,"gold_loss":0.0,"damage_taken":0.0},{"damage_healed":0.0,"max_hp_gain":0.0,"max_hp_loss":0.0,"gold_gain":0.0,"event_name":"Back to Basics","player_choice":"Simplicity","floor":31.0,"gold_loss":0.0,"damage_taken":0.0,"cards_upgraded":["Strike_G","Strike_G","Strike_G","Strike_G","Defend_G","Defend_G","Defend_G","Defend_G","Defend_G"]},{"damage_healed":0,"gold_gain":999,"player_choice":"Gold","damage_taken":0,"max_hp_gain":0,"max_hp_loss":0,"event_name":"MindBloom","floor":36,"gold_loss":0,"cards_obtained":["Normality","Normality"]},{"damage_healed":0,"gold_gain":0,"player_choice":"Fight","damage_taken":0,"max_hp_gain":0,"max_hp_loss":0,"event_name":"Mysterious Sphere","floor":37,"gold_loss":0},{"damage_healed":0,"gold_gain":0,"player_choice":"0 cards matched","damage_taken":0,"max_hp_gain":0,"max_hp_loss":0,"event_name":"Match and Keep!","floor":38,"gold_loss":0,"cards_obtained":[]}],"is_beta":false,"boss_relics":[{"not_picked":["HoveringKite","Runic Dome"],"picked":"Runic Pyramid"},{"not_picked":["Eternal Feather","Pandora\u0027s Box"],"picked":"Velvet Choker"}],"items_purged_floors":[21],"is_endless":false,"potions_floor_spawned":[1,4,10,19,25,29,33,35,41],"killed_by":"Giant Head","ascension_level":20}