{"gold_per_floor":[116,266,166,177,177,203,203,232,259,277,25,25,58,77,77,155,155,166,178,7,24,43,73,73],"floor_reached":24,"playtime":1300,"items_purged":["Doubt","Pain"],"score":572,"play_id":"10e03bae-9923-47fc-97e8-2b8c02650ce8","local_time":"20190614183511","is_ascension_mode":true,"campfire_choices":[{"data":"Armaments","floor":7.0,"key":"SMITH"},{"data":"Offering","floor":12.0,"key":"SMITH"},{"data":"Corruption","floor":15.0,"key":"SMITH"}],"neow_cost":"NONE","seed_source_timestamp":0,"circlet_count":0,"master_deck":["AscendersBane","Strike_R+1","Strike_R","Strike_R","Strike_R+1","Strike_R","Defend_R","Defend_R","Defend_R","Defend_R","Bash","Carnage","Armaments+1","Headbutt","Clothesline","Shockwave","Offering+1","Shrug It Off","Uppercut","Burning Pact","Corruption+1","Feed","Battle Trance+1","Spot Weakness","Flame Barrier","Shrug It Off+1","Feel No Pain"],"special_seed":0,"relics":["Burning Blood","NeowsBlessing","WarpedTongs","Smiling Mask","Self Forming Clay","Whetstone","Bag of Preparation","Mark of Pain","Gremlin Horn"],"potions_floor_usage":[24],"damage_taken":[{"damage":0.0,"enemies":"2 Louse","floor":1.0,"turns":1.0},{"damage":0.0,"enemies":"Jaw Worm","floor":4.0,"turns":1.0},{"damage":1.0,"enemies":"Lagavulin","floor":6.0,"turns":1.0},{"damage":35.0,"enemies":"3 Sentries","floor":8.0,"turns":8.0},{"damage":1.0,"enemies":"Cultist","floor":10.0,"turns":3.0},{"damage":6.0,"enemies":"Gremlin Nob","floor":13.0,"turns":2.0},{"damage":6.0,"enemies":"Lots of Slimes","floor":14.0,"turns":4.0},{"damage":13.0,"enemies":"The Guardian","floor":16.0,"turns":12.0},{"damage":29.0,"enemies":"3 Byrds","floor":18.0,"turns":7.0},{"damage":10.0,"enemies":"Shell Parasite","floor":19.0,"turns":5.0},{"damage":19.0,"enemies":"Shelled Parasite and Fungi","floor":21.0,"turns":3.0},{"damage":21.0,"enemies":"Snecko","floor":22.0,"turns":6.0},{"damage":21.0,"enemies":"Slavers","floor":23.0,"turns":6.0},{"damage":11,"enemies":"Colosseum Slavers","floor":24,"turns":1}],"seed_played":"-4924942307147269047","potions_obtained":[{"floor":4.0,"key":"EssenceOfSteel"},{"floor":6.0,"key":"BloodPotion"},{"floor":8.0,"key":"Fire Potion"},{"floor":22.0,"key":"AttackPotion"},{"floor":23.0,"key":"Dexterity Potion"}],"is_trial":false,"path_per_floor":["M","?","$","M","?","E","R","E","T","M","$","R","E","M","R","B",null,"M","M","$","M","M","E","?"],"character_chosen":"IRONCLAD","items_purchased":["Armaments","Offering","Shrug It Off","Uppercut","Spot Weakness","Flame Barrier"],"campfire_rested":0,"item_purchase_floors":[3,11,11,11,20,20],"current_hp_per_floor":[74,74,74,75,75,75,75,46,46,51,51,51,51,51,51,44,67,48,48,48,38,23,11,0],"gold":73,"neow_bonus":"THREE_ENEMY_KILL","is_prod":false,"is_daily":false,"chose_seed":false,"campfire_upgraded":3,"win_rate":0,"timestamp":1560530111,"path_taken":["M","?","$","M","?","E","R","E","T","M","$","R","E","M","R","BOSS","M","?","?","M","M","E","?"],"build_version":"2019-01-23","purchased_purges":2,"victory":false,"max_hp_per_floor":[75,75,75,75,75,75,75,75,75,75,75,75,75,75,75,75,75,79,83,83,86,86,89,89],"card_choices":[{"not_picked":["Anger","Second Wind"],"picked":"Carnage","floor":1.0},{"not_picked":["Burning Pact","Dual Wield"],"picked":"Headbutt","floor":4.0},{"not_picked":["Perfected Strike","Brutality"],"picked":"Clothesline","floor":6.0},{"not_picked":["Dropkick","Sword Boomerang"],"picked":"Shockwave","floor":8.0},{"not_picked":["Iron Wave","Sentinel","Cleave"],"picked":"SKIP","floor":10.0},{"not_picked":["Sentinel","Body Slam"],"picked":"Burning Pact","floor":13.0},{"not_picked":["Combust","Iron Wave"],"picked":"Corruption","floor":14.0},{"not_picked":["Demon Form","Limit Break"],"picked":"Feed","floor":16.0},{"not_picked":["Warcry","Wild Strike+1","Clash"],"picked":"SKIP","floor":18.0},{"not_picked":["Sever Soul","Uppercut"],"picked":"Battle Trance+1","floor":19.0},{"not_picked":["Heavy Blade","Flex"],"picked":"Shrug It Off+1","floor":21.0},{"not_picked":["Anger+1","Rage"],"picked":"Feel No Pain","floor":22.0},{"not_picked":["Reckless Charge","Power Through","Shockwave"],"picked":"SKIP","floor":23.0}],"player_experience":1737497,"relics_obtained":[{"floor":6.0,"key":"Smiling Mask"},{"floor":8.0,"key":"Self Forming Clay"},{"floor":9.0,"key":"Whetstone"},{"floor":13.0,"key":"Bag of Preparation"},{"floor":23.0,"key":"Gremlin Horn"}],"event_choices":[{"damage_healed":0.0,"max_hp_gain":0.0,"max_hp_loss":0.0,"gold_gain":150.0,"event_name":"Liars Game","player_choice":"AGREE","floor":2.0,"gold_loss":0.0,"damage_taken":0.0,"cards_obtained":["Doubt"]},{"damage_healed":0.0,"max_hp_gain":0.0,"max_hp_loss":0.0,"gold_gain":0.0,"event_name":"Accursed Blacksmith","player_choice":"Rummage","floor":5.0,"gold_loss":0.0,"damage_taken":0.0,"relics_obtained":["WarpedTongs"],"cards_obtained":["Pain"]},{"damage_healed":0,"gold_gain":0,"player_choice":"Fight","damage_taken":0,"max_hp_gain":0,"max_hp_loss":0,"event_name":"Colosseum","floor":24,"gold_loss":0}],"is_beta":false,"boss_relics":[{"not_picked":["Lizard Tail","Calling Bell"],"picked":"Mark of Pain"}],"items_purged_floors":[3,11],"is_endless":false,"potions_floor_spawned":[4,6,8,13,19,22,23],"killed_by":"Colosseum Slavers","ascension_level":20}