{"gold_per_floor":[112,37,37,49,14,14,48,68,68,68,79,98,98,98,98,197,197,209,224,235,185,203,203,78,78,131,131],"floor_reached":27,"playtime":3240,"items_purged":["Strike_B","Strike_B"],"score":213,"play_id":"abee26e9-bae2-47f6-8d86-f1cac682dbac","local_time":"20190211071829","is_ascension_mode":false,"campfire_choices":[{"data":"Streamline","floor":6,"key":"SMITH"},{"data":"Go for the Eyes","floor":10,"key":"SMITH"},{"data":"Dualcast","floor":13,"key":"SMITH"},{"data":"Machine Learning","floor":15,"key":"SMITH"},{"floor":23,"key":"REST"},{"data":"Steam Power","floor":25,"key":"SMITH"}],"neow_cost":"NONE","seed_source_timestamp":210682033334289,"circlet_count":0,"master_deck":["Strike_B","Defend_B","Defend_B","Defend_B","Defend_B","Dualcast+1","Steam Power+1","Capacitor","Streamline+1","Go for the Eyes+1","Coolheaded+1","Conserve Battery+1","Hologram+1","Machine Learning+1","Multi-Cast+1","Sweeping Beam","Double Energy+1","Conserve Battery+1","Coolheaded+1","Cold Snap"],"relics":["Cracked Core","Toxic Egg 2","Bag of Preparation","Inserter","Pen Nib"],"potions_floor_usage":[7,16,16,20],"damage_taken":[{"damage":0,"enemies":"2 Louse","floor":1,"turns":2},{"damage":7,"enemies":"Small Slimes","floor":4,"turns":3},{"damage":31,"enemies":"3 Sentries","floor":7,"turns":9},{"damage":0,"enemies":"Cultist","floor":8,"turns":2},{"damage":0,"enemies":"Exordium Thugs","floor":11,"turns":3},{"damage":0,"enemies":"Red Slaver","floor":12,"turns":2},{"damage":16,"enemies":"Slime Boss","floor":16,"turns":13},{"damage":7,"enemies":"Chosen","floor":18,"turns":7},{"damage":8,"enemies":"3 Byrds","floor":19,"turns":8},{"damage":27,"enemies":"Centurion and Healer","floor":20,"turns":16},{"damage":29,"enemies":"Snecko","floor":22,"turns":8},{"damage":34,"enemies":"Gremlin Leader","floor":27,"turns":3}],"seed_played":"9213966740342198989","potions_obtained":[{"floor":1,"key":"Swift Potion"},{"floor":7,"key":"Dexterity Potion"},{"floor":8,"key":"LiquidBronze"},{"floor":19,"key":"AttackPotion"}],"is_trial":false,"path_per_floor":["M","$","?","M","?","R","E","M","T","R","M","M","R","?","R","B",null,"M","M","M","?","M","R","$","R","T","E"],"character_chosen":"DEFECT","items_purchased":["Cold Snap"],"campfire_rested":1,"item_purchase_floors":[24],"current_hp_per_floor":[75,75,75,68,75,75,44,44,44,44,44,44,44,44,44,28,75,68,60,33,33,4,26,26,26,26,0],"gold":131,"neow_bonus":"TRANSFORM_CARD","is_prod":false,"is_daily":false,"chose_seed":false,"campfire_upgraded":5,"win_rate":0.0,"timestamp":1549898309,"path_taken":["M","$","?","M","?","R","E","M","T","R","M","M","R","?","R","BOSS","M","M","?","?","M","R","$","R","T","E"],"build_version":"2019-01-23","purchased_purges":2,"victory":false,"max_hp_per_floor":[75,75,75,75,75,75,75,75,75,75,75,75,75,75,75,75,75,75,75,75,75,75,75,75,75,75,75],"card_choices":[{"not_picked":["Defragment","Rip and Tear"],"picked":"Capacitor","floor":1},{"not_picked":["Storm","Capacitor"],"picked":"Streamline","floor":4},{"not_picked":["Gash","Blizzard"],"picked":"Go for the Eyes","floor":7},{"not_picked":["Beam Cell","Steam+1"],"picked":"Coolheaded+1","floor":8},{"not_picked":["Beam Cell","Undo+1"],"picked":"Conserve Battery+1","floor":11},{"not_picked":["Sweeping Beam","Steam Power+1"],"picked":"Hologram+1","floor":12},{"not_picked":["Hyperbeam","Reboot+1"],"picked":"Multi-Cast+1","floor":16},{"not_picked":["Steam+1","Ball Lightning"],"picked":"Sweeping Beam","floor":18},{"not_picked":["Go for the Eyes","Hologram+1"],"picked":"Double Energy+1","floor":19},{"not_picked":["Tempest+1","Compile Driver"],"picked":"Conserve Battery+1","floor":20},{"not_picked":["Redo+1","Sunder"],"picked":"Coolheaded+1","floor":22}],"player_experience":116974,"relics_obtained":[{"floor":7,"key":"Toxic Egg 2"},{"floor":9,"key":"Bag of Preparation"},{"floor":26,"key":"Pen Nib"}],"event_choices":[{"damage_healed":0,"gold_gain":0,"player_choice":"Ignored","damage_taken":0,"max_hp_gain":0,"max_hp_loss":0,"event_name":"Liars Game","floor":3,"gold_loss":0},{"damage_healed":18,"gold_gain":0,"player_choice":"Healed","damage_taken":0,"max_hp_gain":0,"max_hp_loss":0,"event_name":"The Cleric","floor":5,"gold_loss":35},{"damage_healed":0,"gold_gain":0,"cards_transformed":["Strike_B"],"player_choice":"Transformed","damage_taken":0,"max_hp_gain":0,"max_hp_loss":0,"event_name":"Transmorgrifier","floor":14,"gold_loss":0,"cards_obtained":["Machine Learning"]},{"damage_healed":0,"gold_gain":0,"player_choice":"Bet on Murderer","damage_taken":0,"max_hp_gain":0,"max_hp_loss":0,"event_name":"The Joust","floor":21,"gold_loss":50}],"is_beta":false,"boss_relics":[{"not_picked":["Runic Dome","Calling Bell"],"picked":"Inserter"}],"items_purged_floors":[2,24],"is_endless":false,"potions_floor_spawned":[1,7,8,19],"killed_by":"Gremlin Leader","ascension_level":0}