{"gold_per_floor":[125,153,181,193,220,257,269,294,306,345,357,381,427,439,451,553,565,595,522,557,582,594,606,618],"floor_reached":24,"playtime":1702,"items_purged":[],"score":437,"play_id":"db2b0bb5-c815-4d4c-ac7c-ee7cc5cdde4f","local_time":"20181113164639","is_ascension_mode":true,"campfire_choices":[{"data":"Entrench","floor":7.0,"key":"SMITH"},{"data":"Armaments","floor":15.0,"key":"SMITH"},{"floor":23.0,"key":"REST"}],"neow_cost":"NONE","seed_source_timestamp":0,"circlet_count":0,"master_deck":["AscendersBane","Strike_R","Strike_R","Strike_R","Strike_R","Strike_R","Defend_R","Defend_R","Defend_R","Bash","Shrug It Off","Armaments+1","Battle Trance","Cleave","Entrench+1","Power Through","Clothesline","Shockwave","Headbutt","Immolate","Barricade","True Grit","True Grit","Flame Barrier"],"special_seed":0,"relics":["Burning Blood","MawBank","Boot","Letter Opener","Dodecahedron","Centennial Puzzle","Golden Idol","White Beast Statue","Pantograph"],"potions_floor_usage":[24,24],"damage_taken":[{"damage":4.0,"enemies":"Jaw Worm","floor":1.0,"turns":4.0},{"damage":2.0,"enemies":"Cultist","floor":2.0,"turns":4.0},{"damage":0.0,"enemies":"2 Louse","floor":3.0,"turns":4.0},{"damage":12.0,"enemies":"Large Slime","floor":5.0,"turns":6.0},{"damage":32.0,"enemies":"Gremlin Nob","floor":6.0,"turns":4.0},{"damage":12.0,"enemies":"Exordium Wildlife","floor":8.0,"turns":6.0},{"damage":0.0,"enemies":"Lagavulin","floor":10.0,"turns":12.0},{"damage":12.0,"enemies":"Lots of Slimes","floor":12.0,"turns":4.0},{"damage":17.0,"enemies":"3 Sentries","floor":13.0,"turns":5.0},{"damage":14.0,"enemies":"The Guardian","floor":16.0,"turns":16.0},{"damage":27.0,"enemies":"Shell Parasite","floor":18.0,"turns":7.0},{"damage":16.0,"enemies":"3 Byrds","floor":20.0,"turns":6.0},{"damage":23.0,"enemies":"Snake Plant","floor":21.0,"turns":10.0},{"damage":34,"enemies":"Shelled Parasite and Fungi","floor":24,"turns":5}],"seed_played":"-2440132335580650324","potions_obtained":[{"floor":1.0,"key":"Strength Potion"},{"floor":3.0,"key":"Block Potion"},{"floor":8.0,"key":"PowerPotion"},{"floor":12.0,"key":"PowerPotion"},{"floor":13.0,"key":"Explosive Potion"},{"floor":16.0,"key":"SteroidPotion"},{"floor":18.0,"key":"Fire Potion"},{"floor":20.0,"key":"SkillPotion"},{"floor":21.0,"key":"Weak Potion"},{"floor":22.0,"key":"Swift Potion"},{"floor":22.0,"key":"FearPotion"}],"is_trial":false,"path_per_floor":["M","M","M","?","M","E","R","M","T","E","$","M","E","?","R","B",null,"M","?","M","M","?","R","M"],"character_chosen":"IRONCLAD","items_purchased":[],"campfire_rested":1,"item_purchase_floors":[],"current_hp_per_floor":[70,74,75,75,69,43,43,37,37,43,43,37,26,26,26,18,56,35,35,25,8,8,28,0],"gold":618,"neow_bonus":"RANDOM_COMMON_RELIC","is_prod":false,"is_daily":false,"chose_seed":false,"campfire_upgraded":2,"win_rate":0,"timestamp":1542123999,"path_taken":["M","M","M","?","?","E","R","M","T","E","?","M","E","?","R","BOSS","M","?","M","M","?","R","?"],"build_version":"2018-11-12","purchased_purges":0,"victory":false,"max_hp_per_floor":[75,75,75,75,75,75,75,75,75,75,75,75,75,68,68,68,68,68,68,68,68,68,68,68],"card_choices":[{"not_picked":["Flame Barrier","Clothesline"],"picked":"Shrug It Off","floor":1.0},{"not_picked":["Clash","Intimidate"],"picked":"Armaments","floor":2.0},{"not_picked":["Power Through","Armaments"],"picked":"Battle Trance","floor":3.0},{"not_picked":["Wild Strike","Searing Blow"],"picked":"Entrench","floor":5.0},{"not_picked":["Twin Strike","Clash"],"picked":"Power Through","floor":6.0},{"not_picked":["Flex","Pummel"],"picked":"Clothesline","floor":8.0},{"not_picked":["Burning Pact","Double Tap"],"picked":"Shockwave","floor":10.0},{"not_picked":["Shockwave","Twin Strike"],"picked":"Headbutt","floor":12.0},{"not_picked":["Infernal Blade","Wild Strike"],"picked":"Immolate","floor":13.0},{"not_picked":["Fiend Fire","Double Tap"],"picked":"Barricade","floor":16.0},{"not_picked":["Clothesline","Carnage"],"picked":"True Grit","floor":18.0},{"not_picked":["Cleave","Flex"],"picked":"True Grit","floor":20.0},{"not_picked":["Thunderclap","Clash"],"picked":"Flame Barrier","floor":21.0}],"player_experience":794655,"relics_obtained":[{"floor":6.0,"key":"Boot"},{"floor":9.0,"key":"Letter Opener"},{"floor":10.0,"key":"Dodecahedron"},{"floor":13.0,"key":"Centennial Puzzle"}],"event_choices":[{"damage_healed":0.0,"max_hp_gain":0.0,"max_hp_loss":0.0,"gold_gain":0.0,"cards_transformed":["Defend_R"],"event_name":"Transmorgrifier","player_choice":"Transformed","floor":4.0,"gold_loss":0.0,"damage_taken":0.0,"cards_obtained":["Cleave"]},{"damage_healed":0.0,"max_hp_gain":0.0,"max_hp_loss":7.0,"gold_gain":0.0,"event_name":"Golden Idol","player_choice":"Lose Max HP","floor":14.0,"gold_loss":0.0,"damage_taken":0.0,"relics_obtained":["Golden Idol"]},{"damage_healed":0.0,"max_hp_gain":0.0,"max_hp_loss":0.0,"gold_gain":0.0,"event_name":"Addict","player_choice":"Obtained Relic","floor":19.0,"gold_loss":85.0,"damage_taken":0.0,"relics_obtained":["Pantograph"]},{"damage_healed":0.0,"max_hp_gain":0.0,"max_hp_loss":0.0,"gold_gain":0.0,"event_name":"Lab","player_choice":"Got Potions","floor":22.0,"gold_loss":0.0,"damage_taken":0.0}],"is_beta":true,"boss_relics":[{"not_picked":["Eternal Feather","Runic Cube"],"picked":"White Beast Statue"}],"items_purged_floors":[],"is_endless":false,"potions_floor_spawned":[1,3,8,12,13,16,18,20,21],"killed_by":"Shelled Parasite and Fungi","ascension_level":16}