{"gold_per_floor":[209,209,209,81,81,81,112,128,128,138,148,148,148,38,38,112,112,125,136,136,9,9],"floor_reached":22,"playtime":424,"items_purged":["Strike_B","Writhe"],"score":464,"play_id":"28e80648-c0a5-4655-9103-af5eaed8216c","local_time":"20190226133351","is_ascension_mode":true,"campfire_choices":[{"data":"Sweeping Beam","floor":6,"key":"SMITH"},{"floor":12,"key":"REST"},{"data":"Loop","floor":15,"key":"SMITH"}],"neow_cost":"NONE","seed_source_timestamp":8938655438063,"circlet_count":0,"master_deck":["AscendersBane","Strike_B+1","Strike_B","Strike_B","Defend_B+1","Defend_B","Defend_B","Defend_B","Zap+1","Dualcast","Sweeping Beam+1","Ball Lightning","Ball Lightning","Glacier","FTL","Conserve Battery","Loop+1","Echo Form","Recycle","Steam","Coolheaded"],"relics":["Cracked Core","Vajra","The Courier","Emotion Chip","Sozu","Singing Bowl"],"potions_floor_usage":[],"damage_taken":[{"damage":7,"enemies":"Jaw Worm","floor":1,"turns":2},{"damage":22,"enemies":"Lagavulin","floor":7,"turns":6},{"damage":0,"enemies":"Small Slimes","floor":8,"turns":2},{"damage":1,"enemies":"2 Louse","floor":10,"turns":2},{"damage":0,"enemies":"Looter","floor":11,"turns":3},{"damage":0,"enemies":"The Guardian","floor":16,"turns":9},{"damage":17,"enemies":"Chosen","floor":18,"turns":4},{"damage":39,"enemies":"2 Thieves","floor":19,"turns":3},{"damage":6,"enemies":"Colosseum Slavers","floor":22,"turns":1}],"seed_played":"4964347513784531839","potions_obtained":[{"floor":8,"key":"FearPotion"},{"floor":16,"key":"Energy Potion"}],"is_trial":false,"path_per_floor":["M","?","?","$","?","R","E","M","T","M","M","R","T","$","R","B",null,"M","M","?","$","?"],"character_chosen":"DEFECT","items_purchased":["Ball Lightning","Conserve Battery","Loop","Coolheaded"],"campfire_rested":1,"item_purchase_floors":[4,14,14,21],"current_hp_per_floor":[57,36,36,36,36,36,14,14,14,13,13,34,34,34,34,34,62,45,6,6,6,0],"gold":9,"neow_bonus":"HUNDRED_GOLD","is_prod":false,"is_daily":false,"chose_seed":false,"campfire_upgraded":2,"win_rate":0,"timestamp":1551184431,"path_taken":["M","?","?","$","?","R","E","M","T","M","M","R","?","$","R","BOSS","M","M","?","$","?"],"build_version":"2019-01-23","purchased_purges":2,"victory":false,"max_hp_per_floor":[71,71,71,71,71,71,71,71,71,71,71,71,71,71,71,71,71,71,71,71,71,71],"card_choices":[{"not_picked":["Rebound","Tempest"],"picked":"Sweeping Beam","floor":1},{"not_picked":["Redo","Chaos"],"picked":"Ball Lightning","floor":7},{"not_picked":["Force Field","Stack","Redo"],"picked":"SKIP","floor":8},{"not_picked":["Sweeping Beam","Auto Shields"],"picked":"Glacier","floor":10},{"not_picked":["Steam","Hello World"],"picked":"FTL","floor":11},{"not_picked":["Seek","Electrodynamics"],"picked":"Echo Form","floor":16},{"not_picked":["Sweeping Beam","Beam Cell"],"picked":"Recycle","floor":18},{"not_picked":["Beam Cell","Stack"],"picked":"Steam","floor":19}],"player_experience":1331929,"relics_obtained":[{"floor":7,"key":"Vajra"},{"floor":9,"key":"The Courier"},{"floor":13,"key":"Emotion Chip"}],"event_choices":[{"damage_healed":0,"gold_gain":0,"player_choice":"Entered Light","damage_taken":21,"max_hp_gain":0,"max_hp_loss":0,"event_name":"Shining Light","floor":2,"gold_loss":0,"cards_upgraded":["Defend_B","Strike_B"]},{"damage_healed":0,"gold_gain":0,"player_choice":"Grow","damage_taken":0,"max_hp_gain":0,"max_hp_loss":0,"event_name":"Living Wall","floor":3,"gold_loss":0,"cards_upgraded":["Zap"]},{"damage_healed":0,"gold_gain":0,"player_choice":"Fled","damage_taken":0,"max_hp_gain":0,"max_hp_loss":0,"event_name":"Scrap Ooze","floor":5,"gold_loss":0},{"damage_healed":0,"gold_gain":0,"player_choice":"Opened","damage_taken":0,"relics_obtained":["Singing Bowl"],"max_hp_gain":0,"max_hp_loss":0,"event_name":"The Mausoleum","floor":20,"gold_loss":0,"cards_obtained":["Writhe"]},{"damage_healed":0,"gold_gain":0,"player_choice":"Fight","damage_taken":0,"max_hp_gain":0,"max_hp_loss":0,"event_name":"Colosseum","floor":22,"gold_loss":0}],"is_beta":false,"boss_relics":[{"not_picked":["Empty Cage","Nuclear Battery"],"picked":"Sozu"}],"items_purged_floors":[4,21],"is_endless":false,"potions_floor_spawned":[8,16,19],"killed_by":"Colosseum Slavers","ascension_level":20}