{"gold_per_floor":[212,212,229,154,165,199,128,138,193,193,206,239,239,294,294,394,394,412,17,34,51,70,100,100,100,100,25,25,41,41,57,57,153,153,171,217,231,0,18,18,48,48,75,75,75,92,92,123,123,123],"floor_reached":51,"playtime":15920,"items_purged":["Bash"],"score":735,"play_id":"50470363-08d3-41b6-9295-0ec1bd0170c8","local_time":"20190205111124","is_ascension_mode":false,"campfire_choices":[{"data":"Armaments","floor":10,"key":"SMITH"},{"data":"Metallicize","floor":13,"key":"SMITH"},{"data":"Pommel Strike","floor":15,"key":"SMITH"},{"data":"Armaments","floor":24,"key":"SMITH"},{"data":"Pommel Strike","floor":28,"key":"SMITH"},{"data":"Whirlwind","floor":32,"key":"SMITH"},{"data":"Anger","floor":40,"key":"SMITH"},{"floor":44,"key":"REST"},{"floor":47,"key":"REST"},{"data":"Infernal Blade","floor":49,"key":"SMITH"}],"neow_cost":"NONE","seed_source_timestamp":87316438053963,"circlet_count":0,"master_deck":["Strike_R","Strike_R","Strike_R","Strike_R+1","Strike_R","Defend_R","Defend_R","Defend_R","Disarm+1","Pommel Strike+1","Iron Wave","Metallicize+1","Armaments+1","Twin Strike","Shrug It Off","Infernal Blade+1","Reaper","Infernal Blade+1","Armaments+1","Pommel Strike+1","Perfected Strike+1","Ghostly Armor","Ghostly Armor","Anger+1","Impervious","Reaper","Whirlwind+1","Berserk+1","Inflame+1","Flex+1","Sword Boomerang+1","Sword Boomerang","Bandage Up","Sword Boomerang+1","Metallicize+1"],"relics":["Burning Blood","Mummified Hand","Lantern","Bag of Marbles","Strawberry","White Beast Statue","Bird Faced Urn","Thread and Needle","Frozen Egg 2","Black Star","Pocketwatch","Red Mask","Magic Flower","Anchor","Oddly Smooth Stone","StoneCalendar","Champion Belt"],"potions_floor_usage":[12,20,22,22,31,33,33,33,36,36,41,41,41,46,46,46,48,48,50],"damage_taken":[{"damage":7,"enemies":"2 Louse","floor":1,"turns":4},{"damage":5,"enemies":"Small Slimes","floor":3,"turns":4},{"damage":3,"enemies":"Jaw Worm","floor":5,"turns":3},{"damage":25,"enemies":"Gremlin Nob","floor":6,"turns":5},{"damage":5,"enemies":"Blue Slaver","floor":8,"turns":4},{"damage":1,"enemies":"Exordium Wildlife","floor":11,"turns":5},{"damage":0,"enemies":"3 Sentries","floor":12,"turns":6},{"damage":12,"enemies":"Lagavulin Event","floor":14,"turns":7},{"damage":5,"enemies":"The Guardian","floor":16,"turns":12},{"damage":3,"enemies":"Chosen","floor":18,"turns":5},{"damage":9,"enemies":"3 Byrds","floor":20,"turns":3},{"damage":18,"enemies":"Snake Plant","floor":21,"turns":3},{"damage":16,"enemies":"Centurion and Healer","floor":22,"turns":5},{"damage":14,"enemies":"Book of Stabbing","floor":23,"turns":10},{"damage":0,"enemies":"Snecko","floor":29,"turns":4},{"damage":2,"enemies":"Cultist and Chosen","floor":31,"turns":6},{"damage":85,"enemies":"Collector","floor":33,"turns":11},{"damage":29,"enemies":"3 Darklings","floor":35,"turns":11},{"damage":9,"enemies":"2 Orb Walkers","floor":36,"turns":6},{"damage":21,"enemies":"Orb Walker","floor":37,"turns":5},{"damage":0,"enemies":"Jaw Worm Horde","floor":39,"turns":1},{"damage":88,"enemies":"Giant Head","floor":41,"turns":12},{"damage":30,"enemies":"Sphere and 2 Shapes","floor":46,"turns":8},{"damage":41,"enemies":"Reptomancer","floor":48,"turns":8},{"damage":63,"enemies":"Time Eater","floor":50,"turns":14}],"seed_played":"-8478989321992847705","potions_obtained":[{"floor":1,"key":"AttackPotion"},{"floor":12,"key":"PowerPotion"},{"floor":14,"key":"AttackPotion"},{"floor":16,"key":"SpeedPotion"},{"floor":20,"key":"BloodPotion"},{"floor":22,"key":"Strength Potion"},{"floor":23,"key":"Explosive Potion"},{"floor":29,"key":"Swift Potion"},{"floor":31,"key":"AttackPotion"},{"floor":33,"key":"Swift Potion"},{"floor":35,"key":"PowerPotion"},{"floor":36,"key":"Weak Potion"},{"floor":37,"key":"EssenceOfSteel"},{"floor":39,"key":"Block Potion"},{"floor":41,"key":"EntropicBrew"},{"floor":46,"key":"Poison Potion"},{"floor":48,"key":"Dexterity Potion"}],"is_trial":false,"path_per_floor":["M","?","M","$","M","E","$","M","T","R","M","E","R","?","R","B",null,"M","$","M","M","M","E","R","?","T","?","R","M","$","M","R","B",null,"M","?","M","?","M","R","E","?","T","R","?","M","R","E","R","B",null],"character_chosen":"IRONCLAD","items_purchased":["Metallicize","Bird Faced Urn","Armaments","Pommel Strike"],"campfire_rested":2,"item_purchase_floors":[7,19,19,19],"current_hp_per_floor":[79,63,64,64,67,48,48,49,49,49,54,60,60,61,61,62,87,87,87,84,72,77,71,71,71,71,71,71,79,79,85,85,32,87,70,87,80,80,86,86,10,10,10,36,36,42,68,51,51,38],"gold":123,"neow_bonus":"HUNDRED_GOLD","is_prod":false,"is_daily":false,"chose_seed":false,"campfire_upgraded":8,"win_rate":0.0,"timestamp":1549393884,"path_taken":["M","?","M","$","M","E","$","M","T","R","M","E","R","?","R","BOSS","M","$","M","M","M","E","R","?","T","?","R","M","?","M","R","BOSS","M","?","M","?","M","R","E","?","T","R","?","M","R","E","R","BOSS"],"build_version":"2019-01-23","purchased_purges":1,"victory":true,"max_hp_per_floor":[80,80,80,80,80,80,80,80,80,80,80,80,80,87,87,87,87,87,87,87,87,87,87,87,87,87,87,87,87,87,87,87,87,87,87,87,87,87,87,87,87,87,87,87,87,87,87,87,87,87],"card_choices":[{"not_picked":["Rupture","Wild Strike"],"picked":"Disarm","floor":1},{"not_picked":["Headbutt","Blood for Blood"],"picked":"Pommel Strike","floor":3},{"not_picked":["Combust","Spot Weakness"],"picked":"Anger","floor":5},{"not_picked":["Clash","Flex"],"picked":"Iron Wave","floor":6},{"not_picked":["Perfected Strike","True Grit"],"picked":"Armaments","floor":8},{"not_picked":["Juggernaut","Body Slam"],"picked":"Twin Strike","floor":11},{"not_picked":["Burning Pact","Blood for Blood"],"picked":"Shrug It Off","floor":12},{"not_picked":["Sword Boomerang","Intimidate"],"picked":"Infernal Blade","floor":14},{"not_picked":["Berserk","Immolate"],"picked":"Reaper","floor":16},{"not_picked":["Rampage","Pommel Strike+1"],"picked":"Infernal Blade+1","floor":18},{"not_picked":["Warcry","Anger"],"picked":"Perfected Strike+1","floor":20},{"not_picked":["Burning Pact","Wild Strike"],"picked":"Ghostly Armor","floor":21},{"not_picked":["Wild Strike","True Grit"],"picked":"Ghostly Armor","floor":22},{"not_picked":["Carnage","Thunderclap"],"picked":"Anger","floor":23},{"not_picked":["True Grit","Combust+1"],"picked":"Reaper","floor":29},{"not_picked":["Sword Boomerang","Carnage"],"picked":"Whirlwind","floor":31},{"not_picked":["Juggernaut+1","Dark Embrace+1"],"picked":"Berserk+1","floor":33},{"not_picked":["Clothesline+1","Hemokinesis"],"picked":"Inflame+1","floor":35},{"not_picked":["True Grit","Feel No Pain+1"],"picked":"Flex+1","floor":36},{"not_picked":["Clothesline+1","Spot Weakness"],"picked":"Sword Boomerang+1","floor":37},{"not_picked":["Brutality+1","Thunderclap","Feel No Pain+1"],"picked":"SKIP","floor":39},{"not_picked":["Rupture+1","Flex"],"picked":"Sword Boomerang","floor":41},{"not_picked":["Discovery","Finesse"],"picked":"Bandage Up","floor":42},{"not_picked":["Flex","Cleave"],"picked":"Sword Boomerang+1","floor":46},{"not_picked":["Iron Wave+1","Corruption+1"],"picked":"Metallicize+1","floor":48}],"player_experience":27213,"relics_obtained":[{"floor":6,"key":"Mummified Hand"},{"floor":9,"key":"Lantern"},{"floor":12,"key":"Bag of Marbles"},{"floor":14,"key":"Strawberry"},{"floor":23,"key":"Thread and Needle"},{"floor":26,"key":"Frozen Egg 2"},{"floor":36,"key":"Pocketwatch"},{"floor":41,"key":"Magic Flower"},{"floor":41,"key":"Anchor"},{"floor":43,"key":"Oddly Smooth Stone"},{"floor":48,"key":"StoneCalendar"},{"floor":48,"key":"Champion Belt"}],"event_choices":[{"damage_healed":0,"gold_gain":0,"player_choice":"Entered Light","damage_taken":16,"max_hp_gain":0,"max_hp_loss":0,"event_name":"Shining Light","floor":2,"gold_loss":0,"cards_upgraded":["Disarm","Strike_R"]},{"damage_healed":0,"gold_gain":30,"player_choice":"Searched \u00273\u0027 times","damage_taken":0,"max_hp_gain":0,"max_hp_loss":0,"event_name":"Dead Adventurer","floor":14,"gold_loss":0},{"damage_healed":0,"gold_gain":0,"player_choice":"Read","damage_taken":0,"max_hp_gain":0,"max_hp_loss":0,"event_name":"The Library","floor":25,"gold_loss":0,"cards_obtained":["Impervious"]},{"cards_removed":["Defend_R"],"damage_healed":0,"gold_gain":0,"player_choice":"Gave Gold","damage_taken":0,"max_hp_gain":0,"max_hp_loss":0,"event_name":"Beggar","floor":27,"gold_loss":75},{"damage_healed":0,"gold_gain":0,"player_choice":"Fight","damage_taken":0,"max_hp_gain":0,"max_hp_loss":0,"event_name":"Mysterious Sphere","floor":36,"gold_loss":0},{"damage_healed":0,"gold_gain":0,"player_choice":"Paid","damage_taken":0,"relics_obtained":["Red Mask"],"max_hp_gain":0,"max_hp_loss":0,"event_name":"Tomb of Lord Red Mask","floor":38,"gold_loss":231},{"damage_healed":0,"gold_gain":0,"player_choice":"Memory 1","damage_taken":0,"max_hp_gain":0,"max_hp_loss":0,"event_name":"SensoryStone","floor":42,"gold_loss":0},{"cards_removed":["Anger"],"damage_healed":0,"gold_gain":0,"player_choice":"Removed Attack","damage_taken":0,"max_hp_gain":0,"max_hp_loss":0,"event_name":"Falling","floor":45,"gold_loss":0}],"is_beta":false,"boss_relics":[{"not_picked":["Tiny House","Runic Dome"],"picked":"White Beast Statue"},{"not_picked":["Sozu","Cursed Key"],"picked":"Black Star"}],"items_purged_floors":[4],"is_endless":false,"potions_floor_spawned":[1,12,14,16,18,20,21,22,23,29,31,33,35,36,37,39,41,46,48],"ascension_level":0}