{"gold_per_floor":[112,112,129,148,148,148,183,183,209,209,228,228,228,269,269,362,362,381,431,467,382,395,415,415,454,454,454,454],"floor_reached":28,"playtime":776,"items_purged":[],"score":488,"play_id":"002daeee-8255-4975-a34e-df56253ac06e","local_time":"20190821000215","is_ascension_mode":true,"campfire_choices":[{"data":"Zap","floor":10,"key":"SMITH"},{"data":"Doom and Gloom","floor":12,"key":"SMITH"},{"floor":15,"key":"REST"},{"floor":27,"key":"REST"}],"neow_cost":"NONE","seed_source_timestamp":44430621931081,"circlet_count":0,"master_deck":["AscendersBane","Defend_B","Defend_B","Defend_B","Defend_B","Zap+1","Dualcast","Hyperbeam+1","Sweeping Beam","Doom and Gloom+1","Conserve Battery","Seek","Biased Cognition","Steam+1","Conserve Battery+1","All For One+1","Defragment","Loop","Gash","Darkness","FTL","Defragment"],"relics":["Cracked Core","Happy Flower","Golden Idol","Oddly Smooth Stone","Juzu Bracelet","Mercury Hourglass","DataDisk","Astrolabe","Red Mask","Cables","Question Card"],"potions_floor_usage":[25,25],"damage_taken":[{"damage":7,"enemies":"Jaw Worm","floor":1,"turns":3},{"damage":1,"enemies":"Cultist","floor":3,"turns":3},{"damage":0,"enemies":"Small Slimes","floor":4,"turns":2},{"damage":25,"enemies":"Lagavulin","floor":7,"turns":4},{"damage":0,"enemies":"Looter","floor":11,"turns":2},{"damage":8,"enemies":"Gremlin Nob","floor":14,"turns":3},{"damage":22,"enemies":"The Guardian","floor":16,"turns":9},{"damage":16,"enemies":"2 Thieves","floor":18,"turns":2},{"damage":0,"enemies":"Masked Bandits","floor":20,"turns":1},{"damage":0,"enemies":"3 Byrds","floor":22,"turns":3},{"damage":21,"enemies":"Snecko","floor":23,"turns":5},{"damage":9,"enemies":"Gremlin Leader","floor":25,"turns":5},{"damage":24,"enemies":"Snake Plant","floor":28,"turns":3}],"seed_played":"7636944373910395654","potions_obtained":[{"floor":1,"key":"Explosive Potion"},{"floor":3,"key":"Block Potion"}],"is_trial":false,"path_per_floor":["M","?","M","M","?","?","E","?","T","R","M","R","T","E","R","B",null,"M","?","?","$","M","M","?","E","T","R","M"],"character_chosen":"DEFECT","items_purchased":["Loop"],"campfire_rested":2,"item_purchase_floors":[21],"current_hp_per_floor":[57,57,56,56,56,56,31,24,24,24,24,24,24,16,35,13,51,35,35,35,35,35,14,14,5,5,24,0],"gold":454,"neow_bonus":"RANDOM_COMMON_RELIC","is_prod":false,"is_daily":false,"chose_seed":false,"campfire_upgraded":2,"win_rate":0,"timestamp":1566338535,"path_taken":["M","?","M","?","?","?","E","?","T","R","M","R","?","E","R","BOSS","M","?","?","$","M","M","?","E","T","R","M"],"build_version":"2019-07-17","purchased_purges":0,"victory":false,"max_hp_per_floor":[71,71,71,71,64,64,64,64,64,64,64,64,64,64,64,64,64,64,64,64,64,64,64,64,64,64,64,64],"card_choices":[{"not_picked":["Go for the Eyes","Recycle"],"picked":"Sweeping Beam","floor":1},{"not_picked":["Go for the Eyes","Compile Driver"],"picked":"Sweeping Beam","floor":3},{"not_picked":["Conserve Battery","Buffer"],"picked":"Doom and Gloom","floor":4},{"not_picked":["Beam Cell","Barrage"],"picked":"Conserve Battery","floor":7},{"not_picked":["Stack","Recycle","Redo"],"picked":"SKIP","floor":11},{"not_picked":["Fusion","Go for the Eyes"],"picked":"Seek","floor":14},{"not_picked":["Amplify","Meteor Strike"],"picked":"Biased Cognition","floor":16},{"not_picked":["Heatsinks","Gash"],"picked":"Defragment","floor":18},{"not_picked":["Doom and Gloom","Recycle"],"picked":"Gash","floor":22},{"not_picked":["Redo","Auto Shields"],"picked":"Darkness","floor":23},{"not_picked":["Skim","Hologram"],"picked":"Defragment","floor":25}],"player_experience":1945551,"relics_obtained":[{"floor":7,"key":"Oddly Smooth Stone"},{"floor":9,"key":"Juzu Bracelet"},{"floor":13,"key":"Mercury Hourglass"},{"floor":14,"key":"DataDisk"},{"floor":20,"key":"Red Mask"},{"floor":25,"key":"Cables"},{"floor":26,"key":"Question Card"}],"event_choices":[{"damage_healed":0,"gold_gain":0,"player_choice":"1 cards matched","damage_taken":0,"max_hp_gain":0,"max_hp_loss":0,"event_name":"Match and Keep!","floor":2,"gold_loss":0,"cards_obtained":["Hyperbeam"]},{"damage_healed":0,"gold_gain":0,"player_choice":"Lose Max HP","damage_taken":0,"relics_obtained":["Golden Idol"],"max_hp_gain":0,"max_hp_loss":7,"event_name":"Golden Idol","floor":5,"gold_loss":0},{"damage_healed":0,"gold_gain":0,"player_choice":"Grow","damage_taken":0,"max_hp_gain":0,"max_hp_loss":0,"event_name":"Living Wall","floor":6,"gold_loss":0,"cards_upgraded":["Hyperbeam"]},{"cards_removed":["Strike_B"],"damage_healed":0,"gold_gain":0,"player_choice":"Card Removal","damage_taken":7,"max_hp_gain":0,"max_hp_loss":0,"event_name":"Golden Wing","floor":8,"gold_loss":0},{"damage_healed":0,"gold_gain":50,"player_choice":"Stole From Cult","damage_taken":0,"max_hp_gain":0,"max_hp_loss":0,"event_name":"Nest","floor":19,"gold_loss":0},{"damage_healed":0,"gold_gain":0,"player_choice":"Fought Bandits","damage_taken":0,"max_hp_gain":0,"max_hp_loss":0,"event_name":"Masked Bandits","floor":20,"gold_loss":0},{"damage_healed":0,"gold_gain":0,"cards_transformed":["Sweeping Beam"],"player_choice":"Transformed","damage_taken":0,"max_hp_gain":0,"max_hp_loss":0,"event_name":"Transmorgrifier","floor":24,"gold_loss":0,"cards_obtained":["FTL"]}],"is_beta":false,"boss_relics":[{"not_picked":["Runic Dome","Busted Crown"],"picked":"Astrolabe"}],"items_purged_floors":[],"is_endless":false,"potions_floor_spawned":[1,3,11,14,20,22],"killed_by":"Snake Plant","ascension_level":20}