{"path_per_floor":["M","M","?","?","M","R","E","R","T","M","M","R","M","E","R","B",null,"M","M","$","M","M","M","R","E","T","$","M","R","E","?","R"],"character_chosen":"THE_SILENT","items_purchased":["Noxious Fumes","Mind Blast","Malaise","Noxious Fumes"],"gold_per_floor":[110,123,123,123,133,133,162,162,162,177,191,191,208,235,235,339,339,355,365,155,165,178,196,196,228,252,31,44,44,70,70,70,70],"floor_reached":33,"campfire_rested":3,"playtime":1284,"item_purchase_floors":[20,20,27,27],"current_hp_per_floor":[62,62,62,48,48,48,29,29,29,27,26,47,47,42,42,35,61,60,60,60,31,31,27,27,27,27,27,26,47,11,11,32,0],"items_purged":["Regret","Writhe"],"gold":70,"score":454,"play_id":"6a9d7451-df3d-4d6f-8da7-84944adc561c","local_time":"20180613091316","is_prod":false,"is_daily":false,"chose_seed":false,"is_ascension_mode":true,"campfire_upgraded":4,"win_rate":0,"timestamp":1528873996,"campfire_choices":[{"data":"Bouncing Flask","floor":6,"key":"SMITH"},{"data":"Neutralize","floor":8,"key":"SMITH"},{"floor":12,"key":"REST"},{"data":"Sucker Punch","floor":15,"key":"SMITH"},{"data":"Noxious Fumes","floor":24,"key":"SMITH"},{"floor":29,"key":"REST"},{"floor":32,"key":"REST"}],"path_taken":["M","M","?","?","M","R","E","R","T","?","?","R","M","E","R","BOSS","M","M","$","M","M","M","R","E","T","$","M","R","E","?","R","BOSS"],"build_version":"2018-06-11","seed_source_timestamp":1755874793062,"purchased_purges":2,"victory":false,"master_deck":["Defend_G","Defend_G+1","Defend_G+1","Defend_G","Defend_G","Strike_G","Strike_G","Strike_G","Strike_G","Strike_G","Survivor+1","Neutralize+1","Bouncing Flask+1","Backflip","Cloak And Dagger","Backstab","Dagger Throw","Backflip+1","Sucker Punch+1","Glass Knife","Bullet Time","Finisher+1","Dagger Throw","Noxious Fumes+1","Mind Blast","Terror+1","PiercingWail","Bouncing Flask","Corpse Explosion","Malaise","Noxious Fumes","Distraction","Poisoned Stab"],"max_hp_per_floor":[70,70,70,70,70,70,70,70,70,70,70,70,70,70,70,70,70,70,70,70,70,70,70,70,70,70,70,70,70,70,70,70,70],"special_seed":0,"relics":["Cursed Key","Snake Skull","Bottled Lightning","Mercury Hourglass","Sozu","War Paint","Lantern","Anchor"],"card_choices":[{"not_picked":["Prepared","Underhanded Strike"],"picked":"Bouncing Flask","floor":1},{"not_picked":["Acrobatics","Finisher"],"picked":"Backflip","floor":2},{"not_picked":["Bane","Flying Knee"],"picked":"Cloak And Dagger","floor":5},{"not_picked":["Skewer","Calculated Gamble"],"picked":"Backstab","floor":7},{"not_picked":["Well Laid Plans","Accuracy"],"picked":"Dagger Throw","floor":10},{"not_picked":["Deflect","Eviscerate"],"picked":"Backflip","floor":11},{"not_picked":["Expertise","Distraction"],"picked":"Sucker Punch","floor":13},{"not_picked":["Dagger Throw","Slice"],"picked":"Glass Knife","floor":14},{"not_picked":["Wraith Form v2","Unload"],"picked":"Bullet Time","floor":16},{"not_picked":["Prepared","Slice"],"picked":"Finisher+1","floor":18},{"not_picked":["Backflip","Slice"],"picked":"Dagger Throw","floor":19},{"not_picked":["Reflex+1","Sucker Punch"],"picked":"Terror+1","floor":21},{"not_picked":["Setup","Backflip"],"picked":"PiercingWail","floor":22},{"not_picked":["Dagger Throw","Caltrops"],"picked":"Bouncing Flask","floor":23},{"not_picked":["Crippling Poison","Quick Slash"],"picked":"Corpse Explosion","floor":25},{"not_picked":["All Out Attack","PiercingWail+1"],"picked":"Distraction","floor":28},{"not_picked":["Endless Agony","Slice"],"picked":"Poisoned Stab","floor":30}],"player_experience":321163,"potions_floor_usage":[14,16,25,33],"damage_taken":[{"damage":1,"enemies":"2 Louse","floor":1,"turns":4},{"damage":0,"enemies":"Small Slimes","floor":2,"turns":3},{"damage":0,"enemies":"Cultist","floor":5,"turns":4},{"damage":19,"enemies":"3 Sentries","floor":7,"turns":9},{"damage":2,"enemies":"Exordium Wildlife","floor":10,"turns":2},{"damage":1,"enemies":"3 Louse","floor":11,"turns":2},{"damage":0,"enemies":"Blue Slaver","floor":13,"turns":2},{"damage":5,"enemies":"Lagavulin","floor":14,"turns":4},{"damage":7,"enemies":"Hexaghost","floor":16,"turns":6},{"damage":1,"enemies":"Spheric Guardian","floor":18,"turns":3},{"damage":0,"enemies":"3 Byrds","floor":19,"turns":3},{"damage":29,"enemies":"Snake Plant","floor":21,"turns":3},{"damage":0,"enemies":"Snecko","floor":22,"turns":3},{"damage":4,"enemies":"Chosen and Byrds","floor":23,"turns":3},{"damage":0,"enemies":"Slavers","floor":25,"turns":4},{"damage":1,"enemies":"Centurion and Healer","floor":28,"turns":4},{"damage":36,"enemies":"Book of Stabbing","floor":30,"turns":4},{"damage":38,"enemies":"Champ","floor":33,"turns":8}],"relics_obtained":[{"floor":7,"key":"Snake Skull"},{"floor":9,"key":"Bottled Lightning"},{"floor":14,"key":"Mercury Hourglass"},{"floor":25,"key":"War Paint"},{"floor":26,"key":"Lantern"},{"floor":30,"key":"Anchor"}],"event_choices":[{"event_name":"Liars Game","player_choice":"disagreed","floor":3,"damage_taken":0},{"event_name":"Shining Light","player_choice":"Entered Light","floor":4,"damage_taken":0},{"event_name":"N\u0027loth","player_choice":"Ignored","floor":31,"damage_taken":0}],"boss_relics":[{"not_picked":["Velvet Choker","Orrery"],"picked":"Sozu"}],"items_purged_floors":[20,27],"potions_floor_spawned":[1,5,11,14,21,22,25],"seed_played":"-4842110163689640639","killed_by":"Champ","ascension_level":8,"potions_obtained":[{"floor":1,"key":"Fire Potion"},{"floor":5,"key":"GhostInAJar"},{"floor":11,"key":"SkillPotion"},{"floor":14,"key":"Poison Potion"}],"is_trial":false}