{"gold_per_floor":[112,127,202,202,74,74,102,113,113,138,138,158,158,192,192,295,295,277,139,139,153,68,94,105,105,105,105,123,134,159,159,159,260,260,270,270,284,296,308,333,333,363,363,377,377,409,409,409,409,409],"floor_reached":51,"playtime":2845,"items_purged":[],"score":1382,"play_id":"14ab9ebe-ccf0-4248-9071-eec4d4f39719","local_time":"20180909164637","is_ascension_mode":true,"campfire_choices":[{"data":"Zap","floor":6,"key":"SMITH"},{"floor":13,"key":"REST"},{"data":"Creative AI","floor":15,"key":"SMITH"},{"data":"Defragment","floor":25,"key":"SMITH"},{"data":"White Noise","floor":27,"key":"SMITH"},{"data":"Buffer","floor":32,"key":"SMITH"},{"data":"Creative AI","floor":41,"key":"SMITH"},{"data":"FTL","floor":45,"key":"SMITH"},{"data":"Amplify","floor":47,"key":"SMITH"},{"data":"Multi-Cast","floor":49,"key":"SMITH"}],"neow_cost":"NONE","seed_source_timestamp":17870746792414,"circlet_count":0,"master_deck":["Strike_B","Strike_B","Strike_B","Strike_B","Defend_B","Defend_B","Defend_B","Defend_B","Zap+1","Dualcast","AscendersBane","Self Repair","Cold Snap","Genetic Algorithm","Sweeping Beam","White Noise+1","Turbo","Creative AI+1","Beam Cell","Go for the Eyes","FTL+1","All For One","Static Discharge+1","Buffer+1","Defragment+1","Auto Shields","Ball Lightning+1","Compile Driver+1","Creative AI+1","Multi-Cast+1","Darkness+1","White Noise+1","Steam Power+1","Tempest+1","Barrage+1","Heatsinks+1","Turbo+1","Amplify+1"],"relics":["Cracked Core","Bag of Preparation","Bottled Flame","StoneCalendar","Bird Faced Urn","FaceOfCleric","Peace Pipe","Coffee Dripper","Nloth\u0027s Gift","Turnip","Shuriken","Mummified Hand","Dead Branch","Blue Candle","Black Star","Gambling Chip","Frozen Egg 2","Mercury Hourglass","Sundial","Darkstone Periapt","Ornamental Fan","Ancient Tea Set","Boot"],"potions_floor_usage":[10,18,24,50],"damage_taken":[{"damage":0,"enemies":"2 Louse","floor":1,"turns":1},{"damage":8,"enemies":"Jaw Worm","floor":2,"turns":4},{"damage":38,"enemies":"Lagavulin","floor":7,"turns":8},{"damage":1,"enemies":"Cultist","floor":8,"turns":3},{"damage":15,"enemies":"3 Sentries","floor":10,"turns":7},{"damage":22,"enemies":"2 Fungi Beasts","floor":12,"turns":4},{"damage":0,"enemies":"Lagavulin","floor":14,"turns":7},{"damage":61,"enemies":"Hexaghost","floor":16,"turns":7},{"damage":33,"enemies":"2 Thieves","floor":18,"turns":4},{"damage":22,"enemies":"3 Byrds","floor":21,"turns":5},{"damage":65,"enemies":"Gremlin Leader","floor":23,"turns":5},{"damage":4,"enemies":"Snecko","floor":24,"turns":7},{"damage":13,"enemies":"Centurion and Healer","floor":28,"turns":6},{"damage":0,"enemies":"Cultist and Chosen","floor":29,"turns":5},{"damage":14,"enemies":"Book of Stabbing","floor":30,"turns":4},{"damage":16,"enemies":"Champ","floor":33,"turns":7},{"damage":0,"enemies":"3 Shapes","floor":35,"turns":7},{"damage":29,"enemies":"Mind Bloom Boss Battle","floor":36,"turns":6},{"damage":9,"enemies":"3 Darklings","floor":37,"turns":3},{"damage":38,"enemies":"Jaw Worm Horde","floor":38,"turns":5},{"damage":2,"enemies":"Maw","floor":39,"turns":6},{"damage":10,"enemies":"Nemesis","floor":40,"turns":5},{"damage":0,"enemies":"2 Orb Walkers","floor":42,"turns":3},{"damage":0,"enemies":"Spire Growth","floor":44,"turns":2},{"damage":0,"enemies":"Giant Head","floor":46,"turns":4},{"damage":69,"enemies":"Awakened One","floor":50,"turns":7}],"seed_played":"989948203820843623","potions_obtained":[{"floor":7,"key":"EssenceOfSteel"},{"floor":12,"key":"Dexterity Potion"},{"floor":16,"key":"SkillPotion"},{"floor":21,"key":"Block Potion"},{"floor":30,"key":"Regen Potion"},{"floor":46,"key":"Energy Potion"}],"is_trial":false,"path_per_floor":["M","M","?","T","$","R","E","M","T","E","?","M","R","E","R","B",null,"M","$","?","M","?","E","M","R","T","R","M","M","E","?","R","B",null,"M","?","M","M","M","E","R","E","T","M","R","E","R","?","R","B"],"character_chosen":"DEFECT","items_purchased":["Genetic Algorithm","Sweeping Beam","Buffer"],"campfire_rested":1,"item_purchase_floors":[5,5,19],"current_hp_per_floor":[68,67,56,56,56,56,25,31,31,27,27,23,45,77,77,40,69,56,56,56,56,56,21,55,55,55,55,66,84,85,85,85,86,86,87,88,89,82,91,92,92,93,93,94,94,95,95,95,95,70],"gold":409,"neow_bonus":"RANDOM_COMMON_RELIC","is_prod":false,"is_daily":false,"chose_seed":false,"campfire_upgraded":9,"win_rate":0,"timestamp":1536504397,"path_taken":["M","M","?","?","$","R","E","M","T","E","?","M","R","E","R","BOSS","M","$","?","M","?","E","M","R","T","R","M","M","E","?","R","BOSS","M","?","M","M","M","E","R","E","T","M","R","E","R","?","R","BOSS"],"build_version":"2018-09-06","purchased_purges":0,"victory":true,"max_hp_per_floor":[75,75,75,75,75,75,75,75,75,75,75,76,76,77,77,78,78,79,79,79,80,80,81,82,82,82,82,83,84,85,85,85,86,86,87,88,89,90,91,92,92,93,93,94,94,95,95,95,95,96],"card_choices":[{"not_picked":["Leap","Streamline"],"picked":"Self Repair","floor":1},{"not_picked":["Steam","Go for the Eyes"],"picked":"Cold Snap","floor":2},{"not_picked":["Meteor Strike","Ball Lightning"],"picked":"White Noise","floor":7},{"not_picked":["Streamline","Steam"],"picked":"Turbo","floor":8},{"not_picked":["Consume","Darkness"],"picked":"Creative AI","floor":10},{"not_picked":["Stack","Hologram"],"picked":"Beam Cell","floor":12},{"not_picked":["Darkness","Stack"],"picked":"Go for the Eyes","floor":12},{"not_picked":["Steam","Streamline"],"picked":"FTL","floor":14},{"not_picked":["Meteor Strike","Hyperbeam"],"picked":"All For One","floor":16},{"not_picked":["Skim+1","Redo"],"picked":"Static Discharge+1","floor":18},{"not_picked":["Steam","Rebound","Compile Driver"],"picked":"SKIP","floor":18},{"not_picked":["Steam","Cold Snap"],"picked":"Defragment","floor":21},{"not_picked":["Gash","Machine Learning"],"picked":"Auto Shields","floor":23},{"not_picked":["Rebound","Leap"],"picked":"Ball Lightning+1","floor":24},{"not_picked":["Scrape+1","Barrage"],"picked":"Compile Driver+1","floor":28},{"not_picked":["Beam Cell+1","Capacitor"],"picked":"Creative AI","floor":29},{"not_picked":["Doom and Gloom","Rebound","Glacier"],"picked":"SKIP","floor":30},{"not_picked":["Meteor Strike","Rainbow"],"picked":"Multi-Cast","floor":33},{"not_picked":["Gash+1","Undo+1"],"picked":"Darkness+1","floor":35},{"not_picked":["Sunder","Loop+1"],"picked":"White Noise+1","floor":36},{"not_picked":["Auto Shields+1","Hello World+1"],"picked":"Steam Power+1","floor":37},{"not_picked":["Ball Lightning","Reprogram+1"],"picked":"Tempest+1","floor":38},{"not_picked":["Conserve Battery+1","Beam Cell+1"],"picked":"Barrage+1","floor":39},{"not_picked":["Gash","Hologram","Meteor Strike"],"picked":"SKIP","floor":40},{"not_picked":["Steam+1","Hologram+1"],"picked":"Heatsinks+1","floor":42},{"not_picked":["Streamline","Compile Driver+1"],"picked":"Turbo+1","floor":44},{"not_picked":["Rebound","Beam Cell"],"picked":"Amplify","floor":46}],"player_experience":394487,"relics_obtained":[{"floor":4,"key":"Bottled Flame"},{"floor":7,"key":"StoneCalendar"},{"floor":9,"key":"Bird Faced Urn"},{"floor":10,"key":"Prayer Wheel"},{"floor":14,"key":"Peace Pipe"},{"floor":23,"key":"Shuriken"},{"floor":26,"key":"Mummified Hand"},{"floor":30,"key":"Dead Branch"},{"floor":36,"key":"Gambling Chip"},{"floor":40,"key":"Frozen Egg 2"},{"floor":40,"key":"Mercury Hourglass"},{"floor":42,"key":"Sundial"},{"floor":42,"key":"Darkstone Periapt"},{"floor":43,"key":"Ornamental Fan"},{"floor":46,"key":"Ancient Tea Set"},{"floor":46,"key":"Boot"}],"event_choices":[{"event_name":"World of Goop","player_choice":"Gather Gold","floor":3,"damage_taken":0},{"event_name":"FaceTrader","player_choice":"Trade","floor":11,"damage_taken":0},{"event_name":"N\u0027loth","player_choice":"Traded a Prayer Wheel","floor":20,"damage_taken":0},{"event_name":"Addict","player_choice":"Obtained Relic","floor":22,"damage_taken":0},{"event_name":"The Mausoleum","player_choice":"Yes","floor":31,"damage_taken":0},{"event_name":"MindBloom","player_choice":"Fight","floor":36,"damage_taken":0},{"event_name":"The Woman in Blue","player_choice":"Bought 0 Potions","floor":48,"damage_taken":0}],"is_beta":true,"boss_relics":[{"not_picked":["Velvet Choker","Snecko Eye"],"picked":"Coffee Dripper"},{"not_picked":["Astrolabe","Nuclear Battery"],"picked":"Black Star"}],"items_purged_floors":[],"is_endless":false,"potions_floor_spawned":[7,12,16,21,23,30,37,40,46],"ascension_level":11}