{"gold_per_floor":[109,109,109,125,20,20,48,64,64,77,77,95,124,138,138,138],"floor_reached":16,"playtime":1641,"items_purged":[],"score":299,"play_id":"b9acb5bb-1c99-421e-8b06-e45102b1c47b","local_time":"20190504230658","is_ascension_mode":true,"campfire_choices":[{"data":"Bash","floor":6,"key":"SMITH"},{"data":"Feed","floor":11,"key":"SMITH"},{"data":"Anger","floor":15,"key":"SMITH"}],"neow_cost":"NONE","seed_source_timestamp":49359610776746,"circlet_count":0,"master_deck":["AscendersBane","Strike_R","Strike_R","Strike_R","Strike_R","Strike_R","Defend_R","Defend_R","Defend_R","Defend_R","Bash+1","Perfected Strike","Anger","Shrug It Off+1","True Grit+1","Feed+1","Armaments+1","Flame Barrier+1","Exhume+1","Anger+1"],"relics":["Burning Blood","NeowsBlessing","Toxic Egg 2","Dream Catcher","Frozen Egg 2","Oddly Smooth Stone"],"potions_floor_usage":[16,16],"damage_taken":[{"damage":0,"enemies":"Jaw Worm","floor":1,"turns":1},{"damage":0,"enemies":"Small Slimes","floor":4,"turns":1},{"damage":0,"enemies":"Gremlin Nob","floor":7,"turns":1},{"damage":0,"enemies":"2 Louse","floor":8,"turns":4},{"damage":16,"enemies":"Lots of Slimes","floor":10,"turns":5},{"damage":6,"enemies":"Looter","floor":12,"turns":3},{"damage":48,"enemies":"3 Sentries","floor":13,"turns":16},{"damage":2,"enemies":"3 Louse","floor":14,"turns":4},{"damage":52,"enemies":"Hexaghost","floor":16,"turns":9}],"seed_played":"7856920939696796430","potions_obtained":[{"floor":7,"key":"Dexterity Potion"},{"floor":8,"key":"Poison Potion"}],"is_trial":false,"path_per_floor":["M","?","?","M","$","R","E","M","T","M","R","M","E","M","R","B"],"character_chosen":"IRONCLAD","items_purchased":["Shrug It Off+1","True Grit+1"],"campfire_rested":0,"item_purchase_floors":[5,5],"current_hp_per_floor":[74,74,69,75,75,75,75,78,78,71,71,75,37,49,49,0],"gold":138,"neow_bonus":"THREE_ENEMY_KILL","is_prod":false,"is_daily":false,"chose_seed":false,"campfire_upgraded":3,"win_rate":0,"timestamp":1557004018,"path_taken":["M","?","?","M","?","R","E","M","T","M","R","M","E","M","R","BOSS"],"build_version":"2019-01-23","purchased_purges":0,"victory":false,"max_hp_per_floor":[75,75,75,75,75,75,75,78,78,81,81,85,89,97,97,97],"card_choices":[{"not_picked":["Clash","Havoc"],"picked":"Perfected Strike","floor":1},{"not_picked":["Dark Embrace","Rupture"],"picked":"Anger","floor":4},{"not_picked":["Offering+1","Feel No Pain"],"picked":"Feed","floor":7},{"not_picked":["Wild Strike","Iron Wave"],"picked":"Armaments+1","floor":8},{"not_picked":["Uppercut","Thunderclap"],"picked":"Flame Barrier+1","floor":10},{"not_picked":["Burning Pact+1","Havoc+1"],"picked":"Exhume+1","floor":12},{"not_picked":["Headbutt","Clash"],"picked":"Anger","floor":13},{"not_picked":["Twin Strike","Pummel","Reckless Charge"],"picked":"SKIP","floor":14}],"player_experience":1649472,"relics_obtained":[{"floor":7,"key":"Dream Catcher"},{"floor":9,"key":"Frozen Egg 2"},{"floor":13,"key":"Oddly Smooth Stone"}],"event_choices":[{"damage_healed":0,"gold_gain":0,"player_choice":"Ignored","damage_taken":0,"max_hp_gain":0,"max_hp_loss":0,"event_name":"Liars Game","floor":2,"gold_loss":0},{"damage_healed":0,"gold_gain":0,"player_choice":"Success","damage_taken":5,"relics_obtained":["Toxic Egg 2"],"max_hp_gain":0,"max_hp_loss":0,"event_name":"Scrap Ooze","floor":3,"gold_loss":0}],"is_beta":false,"boss_relics":[],"items_purged_floors":[],"is_endless":false,"potions_floor_spawned":[7,8,14],"killed_by":"Hexaghost","ascension_level":20}