{"gold_per_floor":[210,48,48,65,75,75,47,47,47,97,97,126,126,151,151,227,227,237,247,12,12,12,37,37,72,72,92,92,119,119,139,139,213,213,232,246,246,265,275,303,313,313,313,340,340,367,384,384,384,384],"floor_reached":50,"playtime":3678,"items_purged":[],"score":1492,"play_id":"2140affe-fedc-4073-bc7f-e651e97a5bfd","local_time":"20190729113003","is_ascension_mode":true,"campfire_choices":[{"data":"Poisoned Stab","floor":6,"key":"SMITH"},{"data":"Footwork","floor":8,"key":"SMITH"},{"data":"Neutralize","floor":11,"key":"SMITH"},{"data":"Glass Knife","floor":13,"key":"SMITH"},{"data":"Predator","floor":15,"key":"SMITH"},{"floor":24,"key":"REST"},{"data":"After Image","floor":28,"key":"SMITH"},{"data":"Well Laid Plans","floor":30,"key":"SMITH"},{"floor":32,"key":"REST"},{"data":"Acrobatics","floor":42,"key":"SMITH"},{"floor":45,"key":"RECALL"},{"data":"1","floor":49,"key":"LIFT"}],"neow_cost":"NONE","seed_source_timestamp":3493528384133,"circlet_count":0,"master_deck":["AscendersBane","Strike_G","Strike_G","Strike_G","Strike_G","Strike_G","Defend_G+1","Defend_G","Defend_G","Defend_G","Defend_G","Survivor","Neutralize+1","Poisoned Stab+1","Corpse Explosion+1","Footwork+1","Predator+1","PiercingWail","Glass Knife+1","After Image+1","Acrobatics+1","Deadly Poison","Well Laid Plans+1","Shame","Tactician+1","Distraction+1","Burst+1","Backflip+1","PiercingWail+1","Master of Strategy+1","Finesse+1","Discovery+1","Blur+1","Backflip+1","Reflex+1","PiercingWail+1","PiercingWail+1"],"relics":["Ring of the Snake","Bag of Preparation","Pocketwatch","Strawberry","War Paint","HoveringKite","Snake Skull","Toxic Egg 2","Omamori","Juzu Bracelet","Happy Flower","Coffee Dripper","Bottled Lightning","Shuriken","Kunai","Girya"],"potions_floor_usage":[33,50,50],"damage_taken":[{"damage":0,"enemies":"2 Louse","floor":1,"turns":2},{"damage":0,"enemies":"Cultist","floor":4,"turns":3},{"damage":2,"enemies":"Small Slimes","floor":5,"turns":3},{"damage":30,"enemies":"Gremlin Nob","floor":12,"turns":4},{"damage":0,"enemies":"Lagavulin","floor":14,"turns":7},{"damage":0,"enemies":"Slime Boss","floor":16,"turns":7},{"damage":9,"enemies":"Shell Parasite","floor":18,"turns":7},{"damage":0,"enemies":"Chosen","floor":19,"turns":4},{"damage":35,"enemies":"Slavers","floor":23,"turns":3},{"damage":2,"enemies":"Gremlin Leader","floor":25,"turns":8},{"damage":0,"enemies":"3 Cultists","floor":27,"turns":3},{"damage":3,"enemies":"Slavers","floor":29,"turns":3},{"damage":3,"enemies":"Cultist and Chosen","floor":31,"turns":5},{"damage":37,"enemies":"Collector","floor":33,"turns":11},{"damage":1,"enemies":"3 Shapes","floor":35,"turns":5},{"damage":5,"enemies":"3 Darklings","floor":36,"turns":5},{"damage":8,"enemies":"Spire Growth","floor":38,"turns":5},{"damage":6,"enemies":"Writhing Mass","floor":39,"turns":7},{"damage":6,"enemies":"Nemesis","floor":40,"turns":11},{"damage":0,"enemies":"Maw","floor":41,"turns":7},{"damage":0,"enemies":"Giant Head","floor":44,"turns":8},{"damage":0,"enemies":"Nemesis","floor":46,"turns":7},{"damage":7,"enemies":"Jaw Worm Horde","floor":47,"turns":4},{"damage":27,"enemies":"Time Eater","floor":50,"turns":6}],"seed_played":"7988817395171222018","potions_obtained":[{"floor":4,"key":"Dexterity Potion"},{"floor":19,"key":"PowerPotion"},{"floor":23,"key":"AttackPotion"},{"floor":33,"key":"Strength Potion"},{"floor":40,"key":"PowerPotion"}],"is_trial":false,"path_per_floor":["M","$","?","M","M","R","$","R","T","?","R","E","R","E","R","B",null,"M","M","$","?","$","E","R","E","T","M","R","E","R","M","R","B",null,"M","M","?","M","M","E","M","R","T","E","R","E","M","?","R","B"],"character_chosen":"THE_SILENT","items_purchased":["Bag of Preparation","PiercingWail","Well Laid Plans","Snake Skull"],"campfire_rested":2,"item_purchase_floors":[2,7,20,20],"current_hp_per_floor":[59,59,59,59,57,57,57,57,57,57,57,34,34,34,34,34,63,54,54,54,54,54,19,40,38,38,38,38,35,35,32,53,16,59,58,53,43,35,29,23,23,23,23,23,23,23,16,16,16,0],"gold":384,"neow_bonus":"HUNDRED_GOLD","is_prod":false,"is_daily":false,"chose_seed":false,"campfire_upgraded":8,"win_rate":0,"timestamp":1564392603,"path_taken":["M","$","?","?","M","R","?","R","T","?","R","E","R","E","R","BOSS","M","?","$","?","?","E","R","E","T","M","R","E","R","M","R","BOSS","M","M","?","M","M","E","M","R","T","E","R","E","M","?","R","BOSS"],"build_version":"2019-07-17","purchased_purges":0,"victory":false,"max_hp_per_floor":[66,66,66,66,66,66,66,66,66,66,66,73,73,73,73,73,73,73,73,73,73,73,73,73,73,73,73,73,73,73,73,73,73,73,73,73,73,73,73,73,73,73,73,73,73,73,73,73,73,73],"card_choices":[{"not_picked":["Dodge and Roll","Outmaneuver"],"picked":"Poisoned Stab","floor":1},{"not_picked":["Deflect","Eviscerate"],"picked":"Footwork","floor":4},{"not_picked":["Blade Dance","Slice"],"picked":"Predator","floor":5},{"not_picked":["Setup","Masterful Stab"],"picked":"Glass Knife","floor":12},{"not_picked":["Tools of the Trade","Skewer","Blade Dance"],"picked":"SKIP","floor":14},{"not_picked":["Venomology","Night Terror"],"picked":"After Image","floor":16},{"not_picked":["Dash","Flechettes"],"picked":"Acrobatics","floor":18},{"not_picked":["Underhanded Strike","Bane"],"picked":"Deadly Poison","floor":19},{"not_picked":["Cloak And Dagger+1","Outmaneuver+1"],"picked":"Tactician+1","floor":23},{"not_picked":["Riddle With Holes+1","Bane"],"picked":"Distraction+1","floor":25},{"not_picked":["Blade Dance+1","Choke","Slice"],"picked":"SKIP","floor":27},{"not_picked":["Setup+1","Die Die Die","A Thousand Cuts"],"picked":"SKIP","floor":29},{"not_picked":["Flying Knee","Quick Slash","Deflect+1"],"picked":"SKIP","floor":31},{"not_picked":["Storm of Steel+1","Venomology+1"],"picked":"Burst+1","floor":33},{"not_picked":["Slice","Backstab"],"picked":"Backflip+1","floor":35},{"not_picked":["Blur+1","Setup+1"],"picked":"PiercingWail+1","floor":36},{"not_picked":["Flash of Steel","Mayhem"],"picked":"Master of Strategy+1","floor":37},{"not_picked":["Transmutation+1","Enlightenment+1"],"picked":"Finesse+1","floor":37},{"not_picked":["Madness+1","Panacea+1"],"picked":"Discovery+1","floor":37},{"not_picked":["Flying Knee","Prepared+1"],"picked":"Blur+1","floor":38},{"not_picked":["Cloak And Dagger+1","Underhanded Strike"],"picked":"Backflip+1","floor":39},{"not_picked":["Dash+1","Dodge and Roll+1"],"picked":"Reflex+1","floor":40},{"not_picked":["Deadly Poison+1","Prepared+1"],"picked":"PiercingWail+1","floor":41},{"not_picked":["Underhanded Strike","Dagger Throw+1","Quick Slash"],"picked":"SKIP","floor":44},{"not_picked":["Outmaneuver+1","Dagger Throw","Bane+1"],"picked":"SKIP","floor":46},{"not_picked":["Flying Knee","Underhanded Strike"],"picked":"PiercingWail+1","floor":47}],"player_experience":1852981,"relics_obtained":[{"floor":9,"key":"Pocketwatch"},{"floor":12,"key":"Strawberry"},{"floor":14,"key":"War Paint"},{"floor":23,"key":"Omamori"},{"floor":25,"key":"Juzu Bracelet"},{"floor":29,"key":"Happy Flower"},{"floor":40,"key":"Bottled Lightning"},{"floor":43,"key":"Shuriken"},{"floor":44,"key":"Kunai"},{"floor":46,"key":"Girya"}],"event_choices":[{"damage_healed":0,"gold_gain":0,"player_choice":"1 cards matched","damage_taken":0,"max_hp_gain":0,"max_hp_loss":0,"event_name":"Match and Keep!","floor":3,"gold_loss":0,"cards_obtained":["Corpse Explosion"]},{"damage_healed":0,"gold_gain":50,"player_choice":"Pray","damage_taken":0,"max_hp_gain":0,"max_hp_loss":0,"event_name":"Golden Shrine","floor":10,"gold_loss":0},{"damage_healed":0,"gold_gain":0,"player_choice":"Stole Relic","damage_taken":0,"relics_obtained":["Toxic Egg 2"],"max_hp_gain":0,"max_hp_loss":0,"event_name":"Addict","floor":21,"gold_loss":0,"cards_obtained":["Shame"]},{"damage_healed":0,"gold_gain":0,"player_choice":"Memory 3","damage_taken":10,"max_hp_gain":0,"max_hp_loss":0,"event_name":"SensoryStone","floor":37,"gold_loss":0},{"damage_healed":0,"gold_gain":0,"player_choice":"Ignored","damage_taken":0,"max_hp_gain":0,"max_hp_loss":0,"event_name":"Tomb of Lord Red Mask","floor":48,"gold_loss":0}],"is_beta":false,"boss_relics":[{"not_picked":["Ring of the Serpent","Orrery"],"picked":"HoveringKite"},{"not_picked":["White Beast Statue","Runic Dome"],"picked":"Coffee Dripper"}],"items_purged_floors":[],"is_endless":false,"potions_floor_spawned":[4,19,23,27,31,33,36,38,40,41],"killed_by":"Time Eater","ascension_level":20}