{"gold_per_floor":[115,132,132,132,97,125,137,178,238,250,262,291,338,366,378,390],"floor_reached":16,"playtime":499,"items_purged":[],"score":294,"play_id":"29707913-ff17-45ae-83aa-62e75bb61a15","local_time":"20181024140057","is_ascension_mode":true,"campfire_choices":[{"data":"Whirlwind","floor":7,"key":"SMITH"},{"floor":11,"key":"REST"},{"floor":15,"key":"REST"}],"neow_cost":"NONE","seed_source_timestamp":0,"circlet_count":0,"master_deck":["Strike_R","Strike_R+1","Strike_R","Strike_R+1","Strike_R","Defend_R","Defend_R+1","Defend_R","Defend_R+1","Bash","AscendersBane","Clothesline+1","Whirlwind+1","Iron Wave+1","Headbutt","Uppercut","Thunderclap","Shrug It Off"],"special_seed":0,"relics":["Burning Blood","Juzu Bracelet","MawBank","Whetstone","War Paint","Darkstone Periapt"],"potions_floor_usage":[6,13,16,16],"damage_taken":[{"damage":3,"enemies":"Jaw Worm","floor":1,"turns":5},{"damage":5,"enemies":"Cultist","floor":2,"turns":4},{"damage":41,"enemies":"Lagavulin","floor":6,"turns":7},{"damage":19,"enemies":"Gremlin Nob","floor":8,"turns":4},{"damage":0,"enemies":"2 Louse","floor":12,"turns":1},{"damage":20,"enemies":"3 Sentries","floor":13,"turns":4},{"damage":13,"enemies":"Large Slime","floor":14,"turns":5},{"damage":35,"enemies":"Slime Boss","floor":16,"turns":8}],"seed_played":"7624288644665320031","potions_obtained":[{"floor":3,"key":"Energy Potion"},{"floor":3,"key":"Swift Potion"},{"floor":6,"key":"SpeedPotion"},{"floor":13,"key":"SpeedPotion"}],"is_trial":false,"path_per_floor":["M","M","?","?","?","E","R","E","T","?","R","M","E","M","R"],"character_chosen":"IRONCLAD","items_purchased":[],"campfire_rested":2,"item_purchase_floors":[],"current_hp_per_floor":[71,72,72,49,67,32,32,19,19,1,23,29,15,8,30,0],"gold":390,"neow_bonus":"RANDOM_COMMON_RELIC","is_prod":false,"is_daily":false,"chose_seed":false,"campfire_upgraded":1,"win_rate":0,"timestamp":1540382457,"path_taken":["M","M","?","?","?","E","R","E","T","?","R","M","E","M","R","BOSS"],"build_version":"2018-10-23","purchased_purges":0,"victory":false,"max_hp_per_floor":[75,75,75,75,75,75,75,75,75,75,75,75,75,75,75,75],"card_choices":[{"not_picked":["Twin Strike","Headbutt"],"picked":"Clothesline","floor":1},{"not_picked":["Dual Wield","Warcry"],"picked":"Whirlwind","floor":2},{"not_picked":["Berserk","Perfected Strike"],"picked":"Iron Wave","floor":6},{"not_picked":["Armaments","Reckless Charge"],"picked":"Headbutt","floor":8},{"not_picked":["Havoc","Flex"],"picked":"Uppercut","floor":12},{"not_picked":["Heavy Blade","True Grit"],"picked":"Thunderclap","floor":13},{"not_picked":["Armaments","Anger"],"picked":"Shrug It Off","floor":14}],"player_experience":671916,"relics_obtained":[{"floor":6,"key":"MawBank"},{"floor":8,"key":"Whetstone"},{"floor":9,"key":"War Paint"},{"floor":13,"key":"Darkstone Periapt"}],"event_choices":[{"damage_healed":0,"gold_gain":0,"player_choice":"Got Potions","damage_taken":0,"max_hp_gain":0,"max_hp_loss":0,"event_name":"The Lab","floor":3,"gold_loss":0},{"damage_healed":0,"gold_gain":0,"player_choice":"Entered Light","damage_taken":23,"max_hp_gain":0,"max_hp_loss":0,"event_name":"Shining Light","floor":4,"gold_loss":0,"cards_upgraded":["Clothesline","Strike_R"]},{"damage_healed":18,"gold_gain":0,"player_choice":"Healed","damage_taken":0,"max_hp_gain":0,"max_hp_loss":0,"event_name":"The Cleric","floor":5,"gold_loss":35},{"damage_healed":0,"gold_gain":0,"player_choice":"Fled","damage_taken":18,"max_hp_gain":0,"max_hp_loss":0,"event_name":"Scrap Ooze","floor":10,"gold_loss":0}],"is_beta":true,"boss_relics":[],"items_purged_floors":[],"is_endless":false,"potions_floor_spawned":[6,12,13],"killed_by":"Slime Boss","ascension_level":15}