{"gold_per_floor":[116,116,116,132,152,178,74,90,113,113,146,157,157,192,192,294,294,305,305,318,17,36,36,65,65,65,100,115,132,132,132,132,229,229,244,244,254,254,254],"floor_reached":39,"playtime":1360,"items_purged":[],"score":675,"play_id":"dd99f06e-2333-468b-a32b-6c1db82d32a7","local_time":"20180708152927","is_ascension_mode":true,"campfire_choices":[{"data":"Footwork","floor":10.0,"key":"SMITH"},{"floor":13.0,"key":"REST"},{"data":"Bouncing Flask","floor":15.0,"key":"SMITH"},{"floor":23.0,"key":"REST"},{"floor":25.0,"key":"REST"},{"floor":30.0,"key":"REST"},{"data":"Noxious Fumes","floor":32.0,"key":"SMITH"}],"neow_cost":"","seed_source_timestamp":0,"circlet_count":0,"master_deck":["Defend_G","Defend_G","Defend_G","Defend_G+1","Defend_G","Strike_G+1","Strike_G+1","Strike_G","Strike_G","Strike_G","Survivor","Neutralize+1","Dagger Spray","Dagger Throw+1","Flechettes+1","Bouncing Flask+1","Skewer+1","Footwork+1","Choke+1","Catalyst+1","Slice+1","Deadly Poison","Burst","Corpse Explosion","Quick Slash+1","Writhe","Dagger Throw+1","Backstab+1","Noxious Fumes+1","Malaise+1","Finisher+1","Deadly Poison","Flying Knee+1","Dagger Throw+1","Noxious Fumes","Bullet Time","Finisher+1","Catalyst+1","Die Die Die+1","Escape Plan+1","Bouncing Flask+1","Dodge and Roll+1"],"special_seed":0,"relics":["Ring of the Snake","Molten Egg 2","Whetstone","Dream Catcher","Regal Pillow","War Paint","Philosopher\u0027s Stone","Happy Flower","Vajra","Anchor","Orichalcum","Prayer Wheel","Oddly Smooth Stone","Velvet Choker","Paper Crane"],"potions_floor_usage":[],"damage_taken":[{"damage":5.0,"enemies":"Small Slimes","floor":1.0,"turns":4.0},{"damage":3.0,"enemies":"Cultist","floor":4.0,"turns":4.0},{"damage":0.0,"enemies":"Jaw Worm","floor":5.0,"turns":3.0},{"damage":6.0,"enemies":"Gremlin Nob","floor":6.0,"turns":3.0},{"damage":5.0,"enemies":"Exordium Thugs","floor":8.0,"turns":3.0},{"damage":1.0,"enemies":"Lagavulin","floor":11.0,"turns":5.0},{"damage":11.0,"enemies":"Looter","floor":12.0,"turns":2.0},{"damage":11.0,"enemies":"3 Sentries","floor":14.0,"turns":6.0},{"damage":3.0,"enemies":"The Guardian","floor":16.0,"turns":4.0},{"damage":5.0,"enemies":"Spheric Guardian","floor":18.0,"turns":3.0},{"damage":21.0,"enemies":"2 Thieves","floor":20.0,"turns":2.0},{"damage":30.0,"enemies":"Sentry and Sphere","floor":22.0,"turns":4.0},{"damage":26.0,"enemies":"Slavers","floor":24.0,"turns":5.0},{"damage":24.0,"enemies":"Gremlin Leader","floor":27.0,"turns":6.0},{"damage":16.0,"enemies":"Centurion and Healer","floor":28.0,"turns":4.0},{"damage":0.0,"enemies":"Snecko","floor":29.0,"turns":3.0},{"damage":26.0,"enemies":"Collector","floor":33.0,"turns":7.0},{"damage":35.0,"enemies":"Flame Bruiser 1 Orb","floor":35.0,"turns":6.0},{"damage":3,"enemies":"Orb Walker","floor":37,"turns":2},{"damage":25,"enemies":"Maw","floor":39,"turns":2}],"seed_played":"5971853204089758683","potions_obtained":[{"floor":1.0,"key":"Swift Potion"},{"floor":5.0,"key":"Explosive Potion"},{"floor":6.0,"key":"PowerPotion"},{"floor":8.0,"key":"Energy Potion"},{"floor":16.0,"key":"AttackPotion"},{"floor":20.0,"key":"AttackPotion"},{"floor":22.0,"key":"Explosive Potion"},{"floor":24.0,"key":"SkillPotion"},{"floor":29.0,"key":"AttackPotion"},{"floor":33.0,"key":"PowerPotion"}],"is_trial":false,"path_per_floor":["M","?","T","M","M","E","$","M","T","R","E","M","R","E","R","B",null,"M","?","M","$","M","R","E","R","T","E","M","M","R","?","R","B",null,"M","?","M","T"],"character_chosen":"THE_SILENT","items_purchased":["Skewer+1","Footwork","Vajra","Anchor"],"campfire_rested":4,"item_purchase_floors":[],"current_hp_per_floor":[58,58,58,55,55,49,49,44,44,44,43,32,68,57,57,54,66,61,61,40,40,10,46,20,56,56,32,16,16,52,52,52,26,59,24,24,21,21,0],"gold":254,"neow_bonus":"","is_prod":false,"is_daily":false,"chose_seed":false,"campfire_upgraded":3,"win_rate":0,"timestamp":1531056567,"path_taken":["M","?","?","?","M","E","$","M","T","R","E","M","R","E","R","BOSS","M","?","?","?","M","R","E","R","T","E","M","M","R","?","R","BOSS","M","?","M","?","M"],"build_version":"2018-07-05","purchased_purges":0,"victory":false,"max_hp_per_floor":[70,70,70,70,70,70,70,70,70,70,70,70,70,70,70,70,70,70,70,70,70,70,70,70,70,70,70,70,70,70,70,70,70,70,70,70,70,70,70],"card_choices":[{"not_picked":["Bane","Quick Slash"],"picked":"Dagger Spray","floor":1.0},{"not_picked":["Calculated Gamble","Prepared"],"picked":"Dagger Throw+1","floor":4.0},{"not_picked":["Quick Slash+1","Deflect"],"picked":"Flechettes+1","floor":5.0},{"not_picked":["Accuracy","Deflect"],"picked":"Bouncing Flask","floor":6.0},{"not_picked":["Cloak And Dagger","Prepared"],"picked":"Choke+1","floor":8.0},{"not_picked":["Night Terror","Concentrate"],"picked":"Catalyst","floor":11.0},{"not_picked":["Dagger Throw+1","Accuracy"],"picked":"Slice+1","floor":12.0},{"not_picked":["PiercingWail","Dagger Throw+1"],"picked":"Deadly Poison","floor":13.0},{"not_picked":["Prepared","Deflect"],"picked":"Burst","floor":14.0},{"not_picked":["Tactician","Envenom"],"picked":"Corpse Explosion","floor":16.0},{"not_picked":["Distraction","Expertise"],"picked":"Quick Slash+1","floor":18.0},{"not_picked":["Endless Agony+1","Blade Dance"],"picked":"Dagger Throw+1","floor":20.0},{"not_picked":["Setup","Distraction+1"],"picked":"Backstab+1","floor":22.0},{"not_picked":["Masterful Stab+1","Dagger Throw+1"],"picked":"Noxious Fumes","floor":23.0},{"not_picked":["Masterful Stab+1","Dodge and Roll"],"picked":"Malaise+1","floor":24.0},{"not_picked":["Dagger Throw+1","Quick Slash+1"],"picked":"Finisher+1","floor":25.0},{"not_picked":["Endless Agony+1","Dodge and Roll+1"],"picked":"Deadly Poison","floor":27.0},{"not_picked":["Expertise","Predator+1"],"picked":"Flying Knee+1","floor":28.0},{"not_picked":["Poisoned Stab+1","Deadly Poison"],"picked":"Dagger Throw+1","floor":28.0},{"not_picked":["Masterful Stab+1","Slice+1"],"picked":"Noxious Fumes","floor":29.0},{"not_picked":["Dagger Throw+1","Poisoned Stab+1"],"picked":"Bullet Time","floor":29.0},{"not_picked":["Deadly Poison","Slice+1"],"picked":"Finisher+1","floor":30.0},{"not_picked":["Unload+1","Glass Knife+1"],"picked":"Die Die Die+1","floor":33.0},{"not_picked":["Flying Knee+1","Setup"],"picked":"Escape Plan+1","floor":35.0},{"not_picked":["Poisoned Stab+1","Accuracy","Escape Plan"],"picked":"SKIP","floor":35.0},{"not_picked":["Underhanded Strike+1","Bane+1"],"picked":"Bouncing Flask+1","floor":37},{"not_picked":["Escape Plan+1","Dagger Spray+1"],"picked":"Dodge and Roll+1","floor":37}],"player_experience":374680,"relics_obtained":[{"floor":3.0,"key":"Molten Egg 2"},{"floor":6.0,"key":"Whetstone"},{"floor":9.0,"key":"Dream Catcher"},{"floor":11.0,"key":"Regal Pillow"},{"floor":14.0,"key":"War Paint"},{"floor":24.0,"key":"Orichalcum"},{"floor":26.0,"key":"Prayer Wheel"},{"floor":27.0,"key":"Oddly Smooth Stone"},{"floor":38,"key":"Paper Crane"}],"event_choices":[{"event_name":"Accursed Blacksmith","player_choice":"Forge","floor":2.0,"damage_taken":0.0},{"event_name":"The Mausoleum","player_choice":"Yes","floor":19.0,"damage_taken":0.0},{"event_name":"Duplicator","player_choice":"One dupe","floor":31.0,"damage_taken":0.0},{"event_name":"Mysterious Sphere","player_choice":"Ignore","floor":36,"damage_taken":0}],"boss_relics":[{"not_picked":["Lizard Tail","Calling Bell"],"picked":"Philosopher\u0027s Stone"},{"not_picked":["Cursed Key","Eternal Feather"],"picked":"Velvet Choker"}],"items_purged_floors":[],"is_endless":false,"potions_floor_spawned":[1,5,6,8,16,20,22,24,29,33],"killed_by":"Maw","ascension_level":8}