{"gold_per_floor":[113,113,263,263,30,61,73,126,138,164,190,202,214,244,256,367,379,414,439,576,538,575,587,618,630,665,677],"floor_reached":27,"playtime":4071,"items_purged":["Doubt"],"score":387,"play_id":"ed1f2b5f-3bf5-443e-891f-5047dee247c6","local_time":"20181128192948","is_ascension_mode":true,"campfire_choices":[{"data":"Infinite Blades","floor":7.0,"key":"SMITH"},{"data":"Choke","floor":15.0,"key":"SMITH"},{"floor":23,"key":"REST"},{"data":"Footwork","floor":25,"key":"SMITH"}],"neow_cost":"NONE","seed_source_timestamp":0,"circlet_count":0,"master_deck":["AscendersBane","Defend_G","Defend_G","Defend_G","Defend_G","Defend_G","Strike_G","Strike_G","Strike_G","Strike_G","Survivor","Neutralize+1","Die Die Die","Flying Knee","Dash+1","Infinite Blades+1","Backflip","PiercingWail","Choke+1","Heel Hook","Bullet Time","Dagger Throw","Footwork+1","Sucker Punch+1","Skewer+1"],"special_seed":0,"relics":["Ring of the Snake","Golden Idol","MawBank","Matryoshka","Anchor","Blue Candle","Snecko Eye","The Specimen","Molten Egg 2","Singing Bowl","Dream Catcher"],"potions_floor_usage":[],"damage_taken":[{"damage":0.0,"enemies":"Cultist","floor":1.0,"turns":3.0},{"damage":26.0,"enemies":"Gremlin Nob","floor":6.0,"turns":5.0},{"damage":17.0,"enemies":"3 Sentries","floor":8.0,"turns":7.0},{"damage":0.0,"enemies":"Small Slimes","floor":10.0,"turns":3.0},{"damage":0.0,"enemies":"2 Louse","floor":11.0,"turns":2.0},{"damage":0.0,"enemies":"Gremlin Gang","floor":14.0,"turns":4.0},{"damage":13.0,"enemies":"Slime Boss","floor":16.0,"turns":10.0},{"damage":0.0,"enemies":"Shell Parasite","floor":18.0,"turns":3.0},{"damage":0.0,"enemies":"3 Byrds","floor":19.0,"turns":5.0},{"damage":0.0,"enemies":"Colosseum Slavers","floor":20.0,"turns":3.0},{"damage":44.0,"enemies":"Colosseum Nobs","floor":20.0,"turns":5.0},{"damage":0,"enemies":"Centurion and Healer","floor":22,"turns":6},{"damage":1,"enemies":"Snake Plant","floor":24,"turns":3},{"damage":23,"enemies":"Slavers","floor":27,"turns":3}],"seed_played":"-3103490827125546335","potions_obtained":[{"floor":6.0,"key":"Block Potion"},{"floor":8.0,"key":"SmokeBomb"},{"floor":14.0,"key":"GamblersBrew"},{"floor":18.0,"key":"GamblersBrew"}],"is_trial":false,"path_per_floor":["M","?","?","?","$","E","R","E","T","M","M","?","?","M","R","B",null,"M","M","?","?","M","R","M","R","T","E"],"character_chosen":"THE_SILENT","items_purchased":["Dash","Infinite Blades"],"campfire_rested":1,"item_purchase_floors":[5,5],"current_hp_per_floor":[59,59,59,59,59,33,33,16,16,16,16,16,16,16,16,3,46,46,46,2,2,2,20,19,19,19,0],"gold":677,"neow_bonus":"ONE_RANDOM_RARE_CARD","is_prod":false,"is_daily":false,"chose_seed":false,"campfire_upgraded":3,"win_rate":0,"timestamp":1543429788,"path_taken":["M","?","?","?","$","E","R","E","T","?","M","?","?","M","R","BOSS","M","?","?","?","?","R","M","R","T","E"],"build_version":"2018-11-15","purchased_purges":1,"victory":false,"max_hp_per_floor":[66,60,60,60,60,60,60,60,60,60,60,60,60,60,60,60,60,60,60,60,60,60,60,60,60,60,60],"card_choices":[{"not_picked":["Deflect","Prepared"],"picked":"Flying Knee","floor":1.0},{"not_picked":["Blur","Cloak And Dagger"],"picked":"Backflip","floor":6.0},{"not_picked":["Deflect","Underhanded Strike"],"picked":"PiercingWail","floor":8.0},{"not_picked":["Flying Knee","Predator"],"picked":"Choke","floor":10.0},{"not_picked":["Tools of the Trade","Acrobatics"],"picked":"Heel Hook","floor":11.0},{"not_picked":["Prepared","Quick Slash","Outmaneuver"],"picked":"SKIP","floor":14.0},{"not_picked":["Prepared","Quick Slash","Outmaneuver"],"picked":"SKIP","floor":14.0},{"not_picked":["Doppelganger","Malaise"],"picked":"Bullet Time","floor":16.0},{"not_picked":["Underhanded Strike","Poisoned Stab"],"picked":"Dagger Throw","floor":18.0},{"not_picked":["Setup","Prepared"],"picked":"Footwork","floor":19.0},{"not_picked":["Deflect","Deadly Poison"],"picked":"Sucker Punch+1","floor":22},{"not_picked":["Bane+1","Outmaneuver"],"picked":"Skewer+1","floor":24}],"player_experience":911079,"relics_obtained":[{"floor":6.0,"key":"MawBank"},{"floor":8.0,"key":"Matryoshka"},{"floor":9.0,"key":"Anchor"},{"floor":9.0,"key":"Blue Candle"},{"floor":20.0,"key":"The Specimen"},{"floor":20.0,"key":"Molten Egg 2"},{"floor":26,"key":"Singing Bowl"},{"floor":26,"key":"Dream Catcher"}],"event_choices":[{"damage_healed":0.0,"max_hp_gain":0.0,"max_hp_loss":6.0,"gold_gain":0.0,"event_name":"Golden Idol","player_choice":"Lose Max HP","floor":2.0,"gold_loss":0.0,"damage_taken":0.0,"relics_obtained":["Golden Idol"]},{"damage_healed":0.0,"max_hp_gain":0.0,"max_hp_loss":0.0,"gold_gain":150.0,"event_name":"Liars Game","player_choice":"AGREE","floor":3.0,"gold_loss":0.0,"damage_taken":0.0,"cards_obtained":["Doubt"]},{"damage_healed":0.0,"max_hp_gain":0.0,"max_hp_loss":0.0,"gold_gain":0.0,"event_name":"Upgrade Shrine","player_choice":"Upgraded","floor":4.0,"gold_loss":0.0,"damage_taken":0.0,"cards_upgraded":["Neutralize"]},{"damage_healed":0.0,"max_hp_gain":0.0,"max_hp_loss":0.0,"gold_gain":0.0,"event_name":"Living Wall","player_choice":"Grow","floor":12.0,"gold_loss":0.0,"damage_taken":0.0,"cards_upgraded":["Dash"]},{"cards_removed":["Strike_G"],"damage_healed":0.0,"max_hp_gain":0.0,"max_hp_loss":0.0,"gold_gain":0.0,"event_name":"Wheel of Change","player_choice":"Card Removal","floor":13.0,"gold_loss":0.0,"damage_taken":0.0},{"damage_healed":0.0,"max_hp_gain":0.0,"max_hp_loss":0.0,"gold_gain":0.0,"event_name":"Colosseum","player_choice":"Fight","floor":20.0,"gold_loss":0.0,"damage_taken":0.0},{"damage_healed":0.0,"max_hp_gain":0.0,"max_hp_loss":0.0,"gold_gain":0.0,"event_name":"Colosseum","player_choice":"Fought Nobs","floor":20.0,"gold_loss":0.0,"damage_taken":0.0},{"damage_healed":0.0,"max_hp_gain":0.0,"max_hp_loss":0.0,"gold_gain":0.0,"event_name":"The Joust","player_choice":"Bet on Murderer","floor":21.0,"gold_loss":50.0,"damage_taken":0.0}],"is_beta":true,"boss_relics":[{"not_picked":["Velvet Choker","White Beast Statue"],"picked":"Snecko Eye"}],"items_purged_floors":[5],"is_endless":false,"potions_floor_spawned":[6,8,14,18],"killed_by":"Slavers","ascension_level":15}