{"gold_per_floor":[119,138,63,63,63,390,49,82,82,82,115,115,132,152,152,231,231,245,245,245,257,275,275,304,322,404,404,74,103,103,103],"floor_reached":31,"playtime":1425,"items_purged":[],"score":682,"play_id":"f4cba378-04cf-413f-8c8c-6ff3db20a43b","local_time":"20190120012949","is_ascension_mode":true,"campfire_choices":[{"data":"Armaments","floor":10,"key":"SMITH"},{"data":"hubris:DuctTapeCard","floor":12,"key":"SMITH"},{"data":"Bash","floor":15,"key":"SMITH"},{"data":"True Grit","floor":23,"key":"SMITH"},{"floor":27,"key":"DIG"},{"floor":30,"key":"REST"}],"neow_cost":"NONE","seed_source_timestamp":46938644978014,"circlet_count":0,"master_deck":["AscendersBane","Strike_R+1","Strike_R+1","Strike_R+1","Defend_R+1","Defend_R+1","Defend_R+1","Defend_R+1","Bash+1","Anger","Headbutt","Armaments+1","hubris:DuctTapeCard+2","Brutality","Anger","Demon Form","Second Wind","Ghostly","Ghostly","Ghostly","Power Through","True Grit+1","Sever Soul+1","Heavy Blade"],"relics":["Burning Blood","NeowsBlessing","Old Coin","Mercury Hourglass","hubris:DuctTape","StoneCalendar","Boot","hubris:Backtick","Dead Branch","Shovel","Bottled Lightning","FossilizedHelix","Strawberry","Centennial Puzzle","Singing Bowl"],"potions_floor_usage":[11,16,24,25,31],"damage_taken":[{"damage":0,"enemies":"Cultist","floor":1,"turns":1},{"damage":0,"enemies":"Jaw Worm","floor":2,"turns":1},{"damage":0,"enemies":"3 Sentries","floor":6,"turns":2},{"damage":26,"enemies":"Lagavulin","floor":8,"turns":7},{"damage":6,"enemies":"Gremlin Nob","floor":11,"turns":2},{"damage":6,"enemies":"Small Slimes","floor":13,"turns":2},{"damage":6,"enemies":"3 Louse","floor":14,"turns":1},{"damage":20,"enemies":"The Guardian","floor":16,"turns":8},{"damage":18,"enemies":"Spheric Guardian","floor":18,"turns":4},{"damage":6,"enemies":"2 Thieves","floor":21,"turns":4},{"damage":7,"enemies":"Shelled Parasite and Fungi","floor":22,"turns":6},{"damage":32,"enemies":"Book of Stabbing","floor":24,"turns":6},{"damage":10,"enemies":"Cultist and Chosen","floor":25,"turns":5},{"damage":13,"enemies":"Slavers","floor":29,"turns":6},{"damage":26,"enemies":"Book of Stabbing","floor":31,"turns":5}],"seed_played":"2135893154148607377","potions_obtained":[{"floor":6,"key":"GamblersBrew"},{"floor":14,"key":"PowerPotion"},{"floor":16,"key":"Regen Potion"},{"floor":18,"key":"SkillPotion"},{"floor":29,"key":"Dexterity Potion"}],"is_trial":false,"path_per_floor":["M","M","?","?","?","E","$","E","T","R","E","R","M","M","R","B",null,"M","?","?","M","M","R","E","M","T","R","$","E","R","E"],"character_chosen":"IRONCLAD","items_purchased":["Mercury Hourglass","Armaments","Strawberry","Centennial Puzzle"],"campfire_rested":1,"item_purchase_floors":[7,7,28,28],"current_hp_per_floor":[74,75,75,52,52,58,58,38,38,38,38,38,38,38,38,24,62,50,37,37,37,36,36,10,11,11,11,18,13,26,0],"gold":103,"neow_bonus":"THREE_ENEMY_KILL","is_prod":false,"is_daily":false,"chose_seed":false,"campfire_upgraded":4,"win_rate":0,"timestamp":1547944189,"path_taken":["M","?","?","?","?","E","$","E","T","R","E","R","M","?","R","BOSS","M","?","?","M","?","R","E","M","T","R","$","E","R","E"],"build_version":"2019-01-17v2","purchased_purges":0,"victory":false,"max_hp_per_floor":[75,75,75,75,75,75,75,75,75,75,75,75,75,75,75,75,75,75,37,37,37,37,37,37,37,37,37,44,46,46,46],"card_choices":[{"not_picked":["Pummel","True Grit"],"picked":"Anger","floor":1},{"not_picked":["Flex","Cleave"],"picked":"Headbutt","floor":2},{"not_picked":["Iron Wave","hubris:SharpeningStone"],"picked":"Offering","floor":6},{"not_picked":["Headbutt","Clothesline"],"picked":"hubris:ReadiedAction","floor":8},{"not_picked":["Clothesline","hubris:CleavingFinish"],"picked":"Brutality","floor":11},{"not_picked":["Cleave","Body Slam"],"picked":"Anger","floor":13},{"not_picked":["Anger","Thunderclap","Warcry"],"picked":"SKIP","floor":14},{"not_picked":["Impervious","Barricade"],"picked":"Demon Form","floor":16},{"not_picked":["Pommel Strike","Anger+1"],"picked":"Second Wind","floor":18},{"not_picked":["Anger","Rage"],"picked":"Power Through","floor":21},{"not_picked":["Clothesline","Havoc"],"picked":"True Grit","floor":22},{"not_picked":["Havoc","Combust"],"picked":"Sever Soul+1","floor":24},{"not_picked":["Wild Strike","Flex"],"picked":"Heavy Blade","floor":25},{"not_picked":["Armaments","Brutality","Ghostly Armor"],"picked":"Singing Bowl","floor":29}],"player_experience":1134520,"relics_obtained":[{"floor":6,"key":"Old Coin"},{"floor":8,"key":"hubris:DuctTape"},{"floor":9,"key":"StoneCalendar"},{"floor":11,"key":"Boot"},{"floor":24,"key":"Shovel"},{"floor":26,"key":"Bottled Lightning"},{"floor":27,"key":"FossilizedHelix"},{"floor":29,"key":"Singing Bowl"}],"event_choices":[{"cards_removed":["Strike_R"],"damage_healed":0,"gold_gain":0,"player_choice":"Card Removal","damage_taken":0,"max_hp_gain":0,"max_hp_loss":0,"event_name":"The Cleric","floor":3,"gold_loss":75},{"damage_healed":0,"gold_gain":0,"player_choice":"Entered Light","damage_taken":23,"max_hp_gain":0,"max_hp_loss":0,"event_name":"Shining Light","floor":4,"gold_loss":0,"cards_upgraded":["Defend_R","Strike_R"]},{"cards_removed":["Strike_R"],"damage_healed":0,"gold_gain":0,"player_choice":"Offered Basic","damage_taken":0,"max_hp_gain":0,"max_hp_loss":0,"event_name":"Bonfire Elementals","floor":5,"gold_loss":0},{"damage_healed":0,"gold_gain":0,"player_choice":"Became a Ghost","damage_taken":0,"max_hp_gain":0,"max_hp_loss":38,"event_name":"Ghosts","floor":19,"gold_loss":0,"cards_obtained":["Ghostly","Ghostly","Ghostly"]},{"damage_healed":0,"gold_gain":0,"player_choice":"Simplicity","damage_taken":0,"max_hp_gain":0,"max_hp_loss":0,"event_name":"Back to Basics","floor":20,"gold_loss":0,"cards_upgraded":["Strike_R","Strike_R","Defend_R","Defend_R","Defend_R"]}],"is_beta":false,"boss_relics":[{"not_picked":["Lizard Tail","Fusion Hammer"],"picked":"hubris:Backtick"}],"items_purged_floors":[],"is_endless":false,"potions_floor_spawned":[6,14,16,18,29],"killed_by":"Book of Stabbing","ascension_level":20}