{"gold_per_floor":[117,131,141,141,151,151,184,184,184,196,2,2,2,22,22,96,96,115,127,127,143,154,154,154],"floor_reached":24,"playtime":1446,"items_purged":["Strike_G"],"score":350,"play_id":"d211e70e-5dc1-4f24-a650-afa4de6bb5f5","local_time":"20181122225453","is_ascension_mode":true,"campfire_choices":[{"data":"After Image","floor":6.0,"key":"SMITH"},{"data":"Glass Knife","floor":8.0,"key":"SMITH"},{"floor":15.0,"key":"REST"},{"data":"Blade Dance","floor":23,"key":"SMITH"}],"neow_cost":"TEN_PERCENT_HP_LOSS","seed_source_timestamp":0,"circlet_count":0,"master_deck":["AscendersBane","Defend_G","Defend_G","Defend_G","Defend_G","Strike_G","Strike_G","Strike_G","Survivor","Neutralize","After Image+1","Blade Dance+1","Expertise","Dagger Spray","Outmaneuver","Deadly Poison","Glass Knife+1","Blade Dance+1","Backflip","Well Laid Plans","Heel Hook","Doppelganger","Backflip+1","Backstab+1","Expertise"],"special_seed":0,"relics":["Ring of the Snake","Incense Burner","Ornamental Fan","Philosopher\u0027s Stone"],"potions_floor_usage":[21,24],"damage_taken":[{"damage":1.0,"enemies":"Cultist","floor":1.0,"turns":5.0},{"damage":0.0,"enemies":"Small Slimes","floor":2.0,"turns":4.0},{"damage":4.0,"enemies":"Jaw Worm","floor":3.0,"turns":5.0},{"damage":14.0,"enemies":"Large Slime","floor":5.0,"turns":9.0},{"damage":26.0,"enemies":"Gremlin Nob","floor":7.0,"turns":5.0},{"damage":4.0,"enemies":"2 Fungi Beasts","floor":10.0,"turns":3.0},{"damage":0.0,"enemies":"Red Slaver","floor":14.0,"turns":4.0},{"damage":7.0,"enemies":"The Guardian","floor":16.0,"turns":13.0},{"damage":0.0,"enemies":"Spheric Guardian","floor":18.0,"turns":3.0},{"damage":0.0,"enemies":"Shell Parasite","floor":19.0,"turns":3.0},{"damage":0,"enemies":"Snecko","floor":21,"turns":5},{"damage":1,"enemies":"Centurion and Healer","floor":22,"turns":7},{"damage":64,"enemies":"Gremlin Leader","floor":24,"turns":9}],"seed_played":"-7858253348024711011","potions_obtained":[{"floor":1.0,"key":"FearPotion"},{"floor":7.0,"key":"Ancient Potion"},{"floor":14.0,"key":"LiquidBronze"},{"floor":21,"key":"AttackPotion"}],"is_trial":false,"path_per_floor":["M","M","M","?","M","R","E","R","T","M","$","?","?","M","R","B",null,"M","M","?","M","M","R","E"],"character_chosen":"THE_SILENT","items_purchased":["Backflip","Well Laid Plans"],"campfire_rested":1,"item_purchase_floors":[11,11],"current_hp_per_floor":[58,58,54,54,40,40,14,14,14,10,10,10,10,10,28,21,50,50,50,50,50,49,49,0],"gold":154,"neow_bonus":"THREE_RARE_CARDS","is_prod":false,"is_daily":false,"chose_seed":false,"campfire_upgraded":3,"win_rate":0,"timestamp":1542923693,"path_taken":["M","M","?","?","?","R","E","R","T","M","?","?","?","M","R","BOSS","M","M","?","M","M","R","E"],"build_version":"2018-11-15","purchased_purges":1,"victory":false,"max_hp_per_floor":[60,60,60,60,60,60,60,60,60,60,60,60,60,60,60,60,60,60,60,60,60,60,60,60],"card_choices":[{"not_picked":["Venomology","Tools of the Trade"],"picked":"After Image","floor":0.0},{"not_picked":["Flechettes","Concentrate"],"picked":"Blade Dance","floor":1.0},{"not_picked":["Flying Knee","Deflect"],"picked":"Expertise","floor":2.0},{"not_picked":["Reflex","Masterful Stab"],"picked":"Dagger Spray","floor":3.0},{"not_picked":["Outmaneuver","Slice"],"picked":"Deadly Poison","floor":5.0},{"not_picked":["Quick Slash","Well Laid Plans"],"picked":"Glass Knife","floor":7.0},{"not_picked":["Quick Slash","Masterful Stab"],"picked":"Blade Dance","floor":10.0},{"not_picked":["Cloak And Dagger","Sucker Punch"],"picked":"Heel Hook","floor":14.0},{"not_picked":["Bullet Time","Venomology"],"picked":"Doppelganger","floor":16.0},{"not_picked":["All Out Attack","Dagger Throw+1"],"picked":"Backflip+1","floor":18.0},{"not_picked":["Eviscerate","Cloak And Dagger"],"picked":"Backstab+1","floor":19.0},{"not_picked":["Slice","Skewer","Underhanded Strike"],"picked":"SKIP","floor":21},{"not_picked":["Leg Sweep","Sucker Punch"],"picked":"Expertise","floor":22}],"player_experience":869528,"relics_obtained":[{"floor":7.0,"key":"Incense Burner"},{"floor":9.0,"key":"Ornamental Fan"}],"event_choices":[{"damage_healed":0.0,"max_hp_gain":0.0,"max_hp_loss":0.0,"gold_gain":0.0,"cards_transformed":["Strike_G"],"event_name":"Transmorgrifier","player_choice":"Transformed","floor":4.0,"gold_loss":0.0,"damage_taken":0.0,"cards_obtained":["Outmaneuver"]},{"damage_healed":0.0,"max_hp_gain":0.0,"max_hp_loss":0.0,"gold_gain":0.0,"event_name":"Liars Game","player_choice":"Ignored","floor":12.0,"gold_loss":0.0,"damage_taken":0.0},{"damage_healed":0.0,"max_hp_gain":0.0,"max_hp_loss":0.0,"gold_gain":0.0,"event_name":"Living Wall","player_choice":"Grow","floor":13.0,"gold_loss":0.0,"damage_taken":0.0,"cards_upgraded":["Blade Dance"]},{"cards_removed":["Defend_G"],"damage_healed":0.0,"max_hp_gain":0.0,"max_hp_loss":0.0,"gold_gain":0.0,"event_name":"Bonfire Elementals","player_choice":"Offered Basic","floor":20.0,"gold_loss":0.0,"damage_taken":0.0}],"is_beta":true,"boss_relics":[{"not_picked":["Runic Pyramid","Velvet Choker"],"picked":"Philosopher\u0027s Stone"}],"items_purged_floors":[11],"is_endless":false,"potions_floor_spawned":[1,7,14,21,22],"killed_by":"Gremlin Leader","ascension_level":15}