{"gold_per_floor":[119,134,99,119,139,139,125,125,151,165,265,265,285,317,317,317],"floor_reached":16,"playtime":3123,"items_purged":[],"score":172,"play_id":"f65543ec-6036-4b2f-8c87-8d3c9f383fff","local_time":"20180921001640","is_ascension_mode":true,"campfire_choices":[{"data":"Zap","floor":6,"key":"SMITH"},{"data":"Double Energy","floor":8,"key":"SMITH"},{"data":"Dualcast","floor":12,"key":"SMITH"},{"floor":15,"key":"REST"}],"neow_cost":"NONE","seed_source_timestamp":56947365376564,"circlet_count":0,"master_deck":["Strike_B","Strike_B","Strike_B","Strike_B","Defend_B","Defend_B","Defend_B","Defend_B","Zap+1","Dualcast+1","AscendersBane","Hologram","Conserve Battery","Double Energy+1","Turbo","Rebound","Capacitor","Fusion","Barrage"],"relics":["Cracked Core","Blood Vial","Smiling Mask"],"potions_floor_usage":[5,14,16],"damage_taken":[{"damage":9,"enemies":"Small Slimes","floor":1,"turns":3},{"damage":13,"enemies":"Jaw Worm","floor":2,"turns":4},{"damage":0,"enemies":"Cultist","floor":4,"turns":4},{"damage":0,"enemies":"2 Fungi Beasts","floor":5,"turns":2},{"damage":10,"enemies":"Exordium Thugs","floor":7,"turns":5},{"damage":8,"enemies":"Exordium Wildlife","floor":10,"turns":3},{"damage":22,"enemies":"Large Slime","floor":13,"turns":6},{"damage":36,"enemies":"Lagavulin","floor":14,"turns":8},{"damage":29,"enemies":"Hexaghost","floor":16,"turns":7}],"seed_played":"6458620602261909873","potions_obtained":[{"floor":1,"key":"Fire Potion"},{"floor":5,"key":"Fire Potion"},{"floor":14,"key":"PowerPotion"}],"is_trial":false,"path_per_floor":["M","M","?","M","M","R","M","R","T","M","?","R","M","E","R"],"character_chosen":"DEFECT","items_purchased":[],"campfire_rested":1,"item_purchase_floors":[],"current_hp_per_floor":[66,53,73,73,73,73,63,63,63,57,57,57,37,3,27,0],"gold":317,"neow_bonus":"TEN_PERCENT_HP_BONUS","is_prod":false,"is_daily":false,"chose_seed":false,"campfire_upgraded":3,"win_rate":0,"timestamp":1537481800,"path_taken":["M","M","?","M","M","R","M","R","T","M","?","R","M","E","R","BOSS"],"build_version":"2018-09-20","purchased_purges":0,"victory":false,"max_hp_per_floor":[82,82,82,82,82,82,82,82,82,82,82,82,82,82,82,82],"card_choices":[{"not_picked":["Aggregate","Stack"],"picked":"Hologram","floor":1},{"not_picked":["Coolheaded","Cold Snap"],"picked":"Conserve Battery","floor":2},{"not_picked":["Turbo","Auto Shields"],"picked":"Double Energy","floor":4},{"not_picked":["Redo","Hologram"],"picked":"Turbo","floor":5},{"not_picked":["Machine Learning","Hologram"],"picked":"Rebound","floor":7},{"not_picked":["Coolheaded","Rebound"],"picked":"Capacitor","floor":10},{"not_picked":["Stack","Ball Lightning"],"picked":"Fusion","floor":13},{"not_picked":["Static Discharge","Fusion"],"picked":"Barrage","floor":14}],"player_experience":460433,"relics_obtained":[{"floor":9,"key":"Blood Vial"},{"floor":14,"key":"Smiling Mask"}],"event_choices":[{"event_name":"The Cleric","player_choice":"Healed","floor":3,"damage_taken":0},{"event_name":"Golden Shrine","player_choice":"Pray","floor":11,"damage_taken":0}],"is_beta":true,"boss_relics":[],"items_purged_floors":[],"is_endless":false,"potions_floor_spawned":[1,5,14],"killed_by":"Hexaghost","ascension_level":13}