{"gold_per_floor":[110,110,120,132,54,54,73,73,99,99,99,113,127,153,153,254,254,271,196,209,227,227,253,253,273,273,273,283,283,283,29,29,134,134,153,168,168,188,199,199,227,227,227,127,127,144,144,159,159,159],"floor_reached":50,"playtime":2308,"items_purged":["Strike_G","Parasite"],"score":519,"play_id":"6952db3b-4243-4d0e-977a-0eb2862dd744","local_time":"20190625004131","is_ascension_mode":false,"campfire_choices":[{"data":"Neutralize","floor":6.0,"key":"SMITH"},{"data":"Noxious Fumes","floor":8.0,"key":"SMITH"},{"floor":15.0,"key":"REST"},{"floor":24.0,"key":"REST"},{"floor":30.0,"key":"RECALL"},{"floor":32.0,"key":"REST"},{"floor":40,"key":"REST"},{"floor":42,"key":"REST"},{"data":"Poisoned Stab","floor":45,"key":"SMITH"},{"data":"Burst","floor":47,"key":"SMITH"},{"data":"Footwork","floor":49,"key":"SMITH"}],"neow_cost":"NONE","seed_source_timestamp":698132077459798,"circlet_count":0,"master_deck":["Defend_G","Defend_G","Defend_G","Defend_G","Defend_G","Strike_G","Strike_G","Strike_G","Strike_G","Survivor","Neutralize+1","Footwork+1","Endless Agony","Deadly Poison","Blur","Noxious Fumes+1","Riddle With Holes","Backflip","Escape Plan","Dodge and Roll","Glass Knife","Footwork+1","Cloak And Dagger+1","Poisoned Stab","Deadly Poison","Sucker Punch+1","Burst+1","Poisoned Stab+1","Slice+1","Poisoned Stab+1","Prepared+1","Terror+1","Poisoned Stab","Deflect"],"special_seed":0,"relics":["Ring of the Snake","Bag of Marbles","Bronze Scales","Peace Pipe","Blood Vial","Meat on the Bone","Mercury Hourglass","MutagenicStrength","Matryoshka","Eternal Feather","Snake Skull","Regal Pillow"],"potions_floor_usage":[39,41,46,50],"damage_taken":[{"damage":2.0,"enemies":"Cultist","floor":1.0,"turns":5.0},{"damage":3.0,"enemies":"Jaw Worm","floor":3.0,"turns":3.0},{"damage":0.0,"enemies":"2 Louse","floor":4.0,"turns":3.0},{"damage":4.0,"enemies":"Large Slime","floor":7.0,"turns":7.0},{"damage":12.0,"enemies":"Gremlin Gang","floor":12.0,"turns":4.0},{"damage":13.0,"enemies":"Lots of Slimes","floor":13.0,"turns":4.0},{"damage":13.0,"enemies":"Gremlin Nob","floor":14.0,"turns":4.0},{"damage":17.0,"enemies":"Hexaghost","floor":16.0,"turns":10.0},{"damage":13.0,"enemies":"Chosen","floor":18.0,"turns":5.0},{"damage":2.0,"enemies":"Shell Parasite","floor":20.0,"turns":7.0},{"damage":17.0,"enemies":"Cultist and Chosen","floor":21.0,"turns":7.0},{"damage":35.0,"enemies":"Gremlin Leader","floor":23.0,"turns":9.0},{"damage":23.0,"enemies":"Sentry and Sphere","floor":25.0,"turns":8.0},{"damage":11.0,"enemies":"Snake Plant","floor":28.0,"turns":3.0},{"damage":64.0,"enemies":"Automaton","floor":33.0,"turns":12.0},{"damage":0.0,"enemies":"Orb Walker","floor":35.0,"turns":4.0},{"damage":11.0,"enemies":"3 Shapes","floor":36.0,"turns":7.0},{"damage":33.0,"enemies":"Spire Growth","floor":38.0,"turns":6.0},{"damage":28,"enemies":"Writhing Mass","floor":39,"turns":7},{"damage":54,"enemies":"Nemesis","floor":41,"turns":9},{"damage":40,"enemies":"Jaw Worm Horde","floor":46,"turns":4},{"damage":12,"enemies":"4 Shapes","floor":48,"turns":6},{"damage":81,"enemies":"Time Eater","floor":50,"turns":7}],"seed_played":"-1303110134763386338","potions_obtained":[{"floor":1.0,"key":"Energy Potion"},{"floor":7.0,"key":"Explosive Potion"},{"floor":13.0,"key":"Explosive Potion"},{"floor":14.0,"key":"SkillPotion"},{"floor":18.0,"key":"Block Potion"},{"floor":23.0,"key":"Fire Potion"},{"floor":25.0,"key":"SpeedPotion"},{"floor":33.0,"key":"PowerPotion"},{"floor":39,"key":"PowerPotion"},{"floor":41,"key":"SkillPotion"},{"floor":46,"key":"SkillPotion"},{"floor":48,"key":"Ancient Potion"}],"is_trial":false,"path_per_floor":["M","$","M","M","$","R","M","R","T","?","?","M","M","E","R","B",null,"M","$","M","M","?","E","R","M","T","?","M","?","R","$","R","B",null,"M","M","?","M","M","R","E","R","T","$","R","M","R","M","R","B"],"character_chosen":"THE_SILENT","items_purchased":["Noxious Fumes","Matryoshka"],"campfire_rested":5,"item_purchase_floors":[5,31],"current_hp_per_floor":[68,68,65,65,65,65,61,61,61,58,58,46,33,20,41,26,70,57,57,57,42,65,32,53,44,44,44,47,47,47,47,68,18,70,70,59,59,40,26,65,25,64,64,64,67,39,57,47,65,0],"gold":159,"neow_bonus":"THREE_CARDS","is_prod":false,"is_daily":false,"chose_seed":false,"campfire_upgraded":5,"win_rate":0,"timestamp":1561390891,"path_taken":["M","?","M","M","$","R","M","R","T","?","?","M","M","E","R","BOSS","M","$","?","M","?","E","R","M","T","?","M","?","R","$","R","BOSS","M","M","?","M","?","R","E","R","T","?","R","M","R","M","R","BOSS"],"build_version":"2019-01-23","purchased_purges":2,"victory":false,"max_hp_per_floor":[70,70,70,70,70,70,70,70,70,70,70,70,70,70,70,70,70,70,70,70,70,70,70,70,70,70,70,70,70,70,70,70,70,70,70,70,70,70,70,70,70,70,70,67,67,67,67,67,67,67],"card_choices":[{"not_picked":["Blade Dance","Dagger Spray"],"picked":"Footwork","floor":0.0},{"not_picked":["Deflect","All Out Attack"],"picked":"Endless Agony","floor":1.0},{"not_picked":["Acrobatics","Terror"],"picked":"Deadly Poison","floor":3.0},{"not_picked":["Dodge and Roll","PiercingWail"],"picked":"Blur","floor":4.0},{"not_picked":["Concentrate","Reflex"],"picked":"Riddle With Holes","floor":7.0},{"not_picked":["PiercingWail","Dash"],"picked":"Backflip","floor":12.0},{"not_picked":["Dagger Spray","Calculated Gamble"],"picked":"Escape Plan","floor":13.0},{"not_picked":["Underhanded Strike","Bane"],"picked":"Dodge and Roll","floor":14.0},{"not_picked":["Phantasmal Killer","Die Die Die"],"picked":"Glass Knife","floor":16.0},{"not_picked":["Riddle With Holes","Prepared"],"picked":"Footwork+1","floor":18.0},{"not_picked":["Finisher","Acrobatics+1"],"picked":"Cloak And Dagger+1","floor":20.0},{"not_picked":["Heel Hook","Tactician","Bane"],"picked":"SKIP","floor":21.0},{"not_picked":["Skewer+1","Dagger Spray"],"picked":"Poisoned Stab","floor":23.0},{"not_picked":["Slice+1","Outmaneuver+1"],"picked":"Deadly Poison","floor":25.0},{"not_picked":["Acrobatics","Envenom"],"picked":"Sucker Punch+1","floor":28.0},{"not_picked":["Envenom","Malaise"],"picked":"Burst","floor":33.0},{"not_picked":["Underhanded Strike+1","Bouncing Flask"],"picked":"Poisoned Stab","floor":35.0},{"not_picked":["Masterful Stab","Well Laid Plans"],"picked":"Slice+1","floor":36.0},{"not_picked":["Endless Agony+1","Reflex"],"picked":"Poisoned Stab+1","floor":38.0},{"not_picked":["Flechettes","PiercingWail"],"picked":"Prepared+1","floor":39},{"not_picked":["Tools of the Trade","PiercingWail"],"picked":"Terror+1","floor":41},{"not_picked":["Bane","Predator"],"picked":"Poisoned Stab","floor":46},{"not_picked":["All Out Attack","Underhanded Strike"],"picked":"Deflect","floor":48}],"player_experience":198982,"relics_obtained":[{"floor":9.0,"key":"Bag of Marbles"},{"floor":14.0,"key":"Blood Vial"},{"floor":23.0,"key":"Meat on the Bone"},{"floor":26.0,"key":"Mercury Hourglass"},{"floor":41,"key":"Snake Skull"},{"floor":43,"key":"Regal Pillow"}],"event_choices":[{"damage_healed":0.0,"max_hp_gain":0.0,"max_hp_loss":0.0,"gold_gain":0.0,"event_name":"Scrap Ooze","player_choice":"Success","floor":10.0,"gold_loss":0.0,"damage_taken":3.0,"relics_obtained":["Bronze Scales"]},{"damage_healed":0.0,"max_hp_gain":0.0,"max_hp_loss":0.0,"gold_gain":0.0,"event_name":"WeMeetAgain","player_choice":"Gave Potion","floor":11.0,"gold_loss":0.0,"damage_taken":0.0,"relics_obtained":["Peace Pipe"]},{"damage_healed":23.0,"max_hp_gain":0.0,"max_hp_loss":0.0,"gold_gain":0.0,"event_name":"The Library","player_choice":"Heal","floor":22.0,"gold_loss":0.0,"damage_taken":0.0},{"damage_healed":0.0,"max_hp_gain":0.0,"max_hp_loss":0.0,"gold_gain":0.0,"event_name":"Cursed Tome","player_choice":"Ignored","floor":27.0,"gold_loss":0.0,"damage_taken":0.0},{"damage_healed":0.0,"max_hp_gain":0.0,"max_hp_loss":0.0,"gold_gain":0.0,"event_name":"Drug Dealer","player_choice":"Inject Mutagens","floor":29.0,"gold_loss":0.0,"damage_taken":0.0,"relics_obtained":["MutagenicStrength"]},{"damage_healed":0.0,"max_hp_gain":0.0,"max_hp_loss":0.0,"gold_gain":0.0,"event_name":"SecretPortal","player_choice":"Ignored","floor":37.0,"gold_loss":0.0,"damage_taken":0.0}],"is_beta":false,"boss_relics":[{"not_picked":["Busted Crown","Ectoplasm","Philosopher\u0027s Stone"]},{"not_picked":["Black Star","Runic Dome"],"picked":"Eternal Feather"}],"items_purged_floors":[19,44],"is_endless":false,"potions_floor_spawned":[1,7,13,14,18,23,25,33,39,41,46,48],"killed_by":"Time Eater","ascension_level":0}