{"gold_per_floor":[18,28,28,28,51,85,85,124,124,157,203,203,23,23,23,122,122,137,137,153,73,89,89],"floor_reached":23,"playtime":910,"items_purged":[],"score":539,"play_id":"0676225d-fdb4-4981-bf08-e56fb37b76c6","local_time":"20190724152814","is_ascension_mode":true,"campfire_choices":[{"data":"Zap","floor":7.0,"key":"SMITH"},{"floor":12.0,"key":"REST"},{"data":"Buffer","floor":15.0,"key":"SMITH"}],"neow_cost":"NO_GOLD","seed_source_timestamp":20173126498614,"circlet_count":0,"master_deck":["AscendersBane","Defend_B","Defend_B","Defend_B","Defend_B","Zap+1","Dualcast","Rebound","Ball Lightning","Heatsinks","Coolheaded","Consume+1","Doom and Gloom","Undo","Buffer+1","Seek","Sweeping Beam+1","Doom and Gloom+1","Capacitor+1","Redo+1","Cold Snap","Creative AI","Cold Snap"],"special_seed":0,"relics":["Cracked Core","Golden Idol","Happy Flower","Gremlin Horn","Darkstone Periapt","Ancient Tea Set","Strawberry","Pear","Astrolabe"],"potions_floor_usage":[23],"damage_taken":[{"damage":4.0,"enemies":"Jaw Worm","floor":1.0,"turns":3.0},{"damage":1.0,"enemies":"Cultist","floor":2.0,"turns":3.0},{"damage":7.0,"enemies":"Small Slimes","floor":5.0,"turns":2.0},{"damage":20.0,"enemies":"Lagavulin","floor":6.0,"turns":7.0},{"damage":11.0,"enemies":"Gremlin Nob","floor":8.0,"turns":3.0},{"damage":28.0,"enemies":"Lagavulin","floor":10.0,"turns":4.0},{"damage":0,"enemies":"Slime Boss","floor":16,"turns":8},{"damage":17,"enemies":"Shell Parasite","floor":18,"turns":8},{"damage":0,"enemies":"Chosen","floor":20,"turns":6},{"damage":4,"enemies":"Centurion and Healer","floor":22,"turns":7},{"damage":65,"enemies":"Book of Stabbing","floor":23,"turns":7}],"seed_played":"-7989894867209470722","potions_obtained":[{"floor":2.0,"key":"Ancient Potion"},{"floor":5.0,"key":"EssenceOfSteel"},{"floor":6.0,"key":"FocusPotion"},{"floor":16,"key":"SneckoOil"},{"floor":18,"key":"Energy Potion"}],"is_trial":false,"path_per_floor":["M","M","?","?","M","E","R","E","T","E","T","R","$","?","R","B",null,"M","?","M","$","M","E"],"character_chosen":"DEFECT","items_purchased":["Buffer","Creative AI"],"campfire_rested":1,"item_purchase_floors":[13,21],"current_hp_per_floor":[74,73,73,73,66,46,46,35,35,7,14,39,39,38,38,38,80,63,63,63,63,59,0],"gold":89,"neow_bonus":"TWENTY_PERCENT_HP_BONUS","is_prod":false,"is_daily":false,"chose_seed":false,"campfire_upgraded":2,"win_rate":0,"timestamp":1563974894,"path_taken":["M","M","?","?","?","E","R","E","T","E","?","R","$","?","R","BOSS","M","?","M","$","?","E"],"build_version":"2019-07-17","purchased_purges":0,"victory":false,"max_hp_per_floor":[85,85,77,77,77,77,77,77,77,77,84,84,84,94,94,94,94,94,94,94,94,94,94],"card_choices":[{"not_picked":["Steam","Barrage"],"picked":"Rebound","floor":1.0},{"not_picked":["Chaos","Go for the Eyes"],"picked":"Ball Lightning","floor":2.0},{"not_picked":["Compile Driver","Gash"],"picked":"Coolheaded","floor":5.0},{"not_picked":["Go for the Eyes","Scrape"],"picked":"Consume","floor":6.0},{"not_picked":["Chill","Force Field"],"picked":"Doom and Gloom","floor":8.0},{"not_picked":["Stack","Ball Lightning"],"picked":"Undo","floor":10.0},{"not_picked":["Amplify","Core Surge"],"picked":"Seek","floor":16},{"not_picked":["Gash+1","Compile Driver"],"picked":"Redo+1","floor":18},{"not_picked":["Barrage","Aggregate"],"picked":"Cold Snap","floor":20},{"not_picked":["Redo","Multi-Cast"],"picked":"Cold Snap","floor":22}],"player_experience":1836636,"relics_obtained":[{"floor":6.0,"key":"Happy Flower"},{"floor":8.0,"key":"Gremlin Horn"},{"floor":9.0,"key":"Darkstone Periapt"},{"floor":10.0,"key":"Ancient Tea Set"},{"floor":11.0,"key":"Strawberry"}],"event_choices":[{"damage_healed":0.0,"max_hp_gain":0.0,"max_hp_loss":8.0,"gold_gain":0.0,"event_name":"Golden Idol","player_choice":"Lose Max HP","floor":3.0,"gold_loss":0.0,"damage_taken":0.0,"relics_obtained":["Golden Idol"]},{"damage_healed":0.0,"max_hp_gain":0.0,"max_hp_loss":0.0,"gold_gain":0.0,"cards_transformed":["Strike_B"],"event_name":"Transmorgrifier","player_choice":"Transformed","floor":4.0,"gold_loss":0.0,"damage_taken":0.0,"cards_obtained":["Heatsinks"]},{"damage_healed":0.0,"max_hp_gain":0.0,"max_hp_loss":0.0,"gold_gain":0.0,"event_name":"Scrap Ooze","player_choice":"Success","floor":14.0,"gold_loss":0.0,"damage_taken":11.0,"relics_obtained":["Pear"]},{"damage_healed":0,"gold_gain":0,"player_choice":"Upgraded","damage_taken":0,"max_hp_gain":0,"max_hp_loss":0,"event_name":"Upgrade Shrine","floor":19,"gold_loss":0,"cards_upgraded":["Consume"]}],"is_beta":false,"boss_relics":[{"not_picked":["FrozenCore","White Beast Statue"],"picked":"Astrolabe"}],"items_purged_floors":[],"is_endless":false,"potions_floor_spawned":[2,5,6,16,18],"killed_by":"Book of Stabbing","ascension_level":20}