{"gold_per_floor":[113,126,46,58,58,58,91,105,105,48,48,68,96,96],"floor_reached":14,"playtime":2112,"items_purged":[],"score":200,"play_id":"d085dd49-f1c7-4368-8966-522cae864df0","local_time":"20190504223326","is_ascension_mode":true,"campfire_choices":[{"data":"Doom and Gloom","floor":6,"key":"SMITH"},{"data":"Defragment","floor":11,"key":"SMITH"}],"neow_cost":"NONE","seed_source_timestamp":45863579151846,"circlet_count":0,"master_deck":["AscendersBane","Strike_B+1","Strike_B+1","Strike_B","Strike_B","Defend_B","Defend_B","Defend_B","Defend_B","Zap","Dualcast","Undo","Compile Driver","Doom and Gloom+1","Conserve Battery","Defragment+1","FTL","Ball Lightning","Leap+1","Cold Snap"],"special_seed":0,"relics":["Cracked Core","NeowsBlessing","NlothsMask","Toxic Egg 2","Whetstone"],"potions_floor_usage":[8],"damage_taken":[{"damage":0,"enemies":"Cultist","floor":1,"turns":1},{"damage":0,"enemies":"Jaw Worm","floor":2,"turns":1},{"damage":0,"enemies":"2 Louse","floor":4,"turns":1},{"damage":10,"enemies":"3 Sentries","floor":7,"turns":6},{"damage":31,"enemies":"Exordium Wildlife","floor":8,"turns":5},{"damage":0,"enemies":"3 Louse","floor":12,"turns":2},{"damage":32,"enemies":"Gremlin Nob","floor":13,"turns":4},{"damage":8,"enemies":"Exordium Thugs","floor":14,"turns":1}],"seed_played":"7076262316818135586","potions_obtained":[{"floor":1,"key":"Regen Potion"},{"floor":2,"key":"Ancient Potion"},{"floor":12,"key":"LiquidBronze"}],"is_trial":false,"path_per_floor":["M","M","$","M","?","R","E","M","T","$","R","M","E","M"],"character_chosen":"DEFECT","items_purchased":["Doom and Gloom","Ball Lightning"],"campfire_rested":0,"item_purchase_floors":[3,10],"current_hp_per_floor":[64,64,64,64,64,64,54,37,37,37,37,37,5,0],"gold":96,"neow_bonus":"THREE_ENEMY_KILL","is_prod":false,"is_daily":false,"chose_seed":false,"campfire_upgraded":2,"win_rate":0,"timestamp":1557002006,"path_taken":["M","?","$","M","?","R","E","M","T","?","R","M","E","M"],"build_version":"2019-01-23","purchased_purges":0,"victory":false,"max_hp_per_floor":[71,71,71,71,71,71,71,71,71,71,71,71,71,71],"card_choices":[{"not_picked":["Aggregate","Rebound"],"picked":"Undo","floor":1},{"not_picked":["Leap","Loop"],"picked":"Compile Driver","floor":2},{"not_picked":["Streamline","Stack"],"picked":"Conserve Battery","floor":4},{"not_picked":["Redo","Aggregate"],"picked":"Defragment","floor":7},{"not_picked":["Fusion+1","Hologram+1"],"picked":"FTL","floor":8},{"not_picked":["Rebound","Compile Driver"],"picked":"Leap+1","floor":12},{"not_picked":["Beam Cell","Reinforced Body+1"],"picked":"Cold Snap","floor":13}],"player_experience":1647360,"relics_obtained":[{"floor":7,"key":"Toxic Egg 2"},{"floor":13,"key":"Whetstone"}],"event_choices":[{"damage_healed":0,"gold_gain":0,"player_choice":"Trade","damage_taken":0,"relics_obtained":["NlothsMask"],"max_hp_gain":0,"max_hp_loss":0,"event_name":"FaceTrader","floor":5,"gold_loss":0}],"is_beta":false,"boss_relics":[],"items_purged_floors":[],"is_endless":false,"potions_floor_spawned":[1,2,12],"killed_by":"Exordium Thugs","ascension_level":20}