{"gold_per_floor":[369,385,397,410,427,427,137,137,161,161,176,204,215,215,215,311,311,324,61,82,116,116,116,141,141,166,166,215,490,503,532,532,532],"floor_reached":33,"playtime":2743,"items_purged":["Strike_R","Strike_R"],"score":564,"play_id":"4bdf9775-6764-4021-9774-30408268408f","local_time":"20181122204249","is_ascension_mode":true,"campfire_choices":[{"data":"Rampage","floor":6,"key":"SMITH"},{"data":"Double Tap","floor":8,"key":"SMITH"},{"data":"Armaments","floor":10,"key":"SMITH"},{"data":"Flame Barrier","floor":15,"key":"SMITH"},{"data":"Whirlwind","floor":23,"key":"SMITH"},{"data":"Feed","floor":25,"key":"SMITH"},{"data":"Shockwave","floor":27,"key":"SMITH"},{"floor":32,"key":"REST"}],"neow_cost":"TEN_PERCENT_HP_LOSS","seed_source_timestamp":35583613764689,"circlet_count":0,"master_deck":["AscendersBane","Strike_R","Strike_R","Strike_R+1","Defend_R","Defend_R","Defend_R","Defend_R","Bash+1","Whirlwind+1","Armaments+1","Flame Barrier+1","Rampage+1","Double Tap+1","True Grit","Anger","Shockwave+1","Iron Wave","Feed+1","Clothesline","True Grit+1","Warcry"],"relics":["Burning Blood","Whetstone","Smiling Mask","Red Skull","Bloody Idol","Velvet Choker","Toolbox","Red Mask","Omamori","Pen Nib","Happy Flower","Art of War"],"potions_floor_usage":[16,21,24,33,33],"damage_taken":[{"damage":2,"enemies":"Cultist","floor":1,"turns":4},{"damage":1,"enemies":"2 Louse","floor":2,"turns":3},{"damage":9,"enemies":"Jaw Worm","floor":3,"turns":5},{"damage":13,"enemies":"Blue Slaver","floor":4,"turns":7},{"damage":13,"enemies":"2 Fungi Beasts","floor":5,"turns":4},{"damage":22,"enemies":"Gremlin Gang","floor":11,"turns":2},{"damage":26,"enemies":"3 Sentries","floor":12,"turns":7},{"damage":4,"enemies":"3 Louse","floor":13,"turns":4},{"damage":10,"enemies":"Hexaghost","floor":16,"turns":10},{"damage":22,"enemies":"Shell Parasite","floor":18,"turns":6},{"damage":0,"enemies":"3 Byrds","floor":20,"turns":3},{"damage":7,"enemies":"Masked Bandits","floor":21,"turns":3},{"damage":19,"enemies":"Book of Stabbing","floor":24,"turns":5},{"damage":19,"enemies":"Slavers","floor":28,"turns":6},{"damage":23,"enemies":"Snecko","floor":30,"turns":5},{"damage":7,"enemies":"Gremlin Leader","floor":31,"turns":5},{"damage":60,"enemies":"Champ","floor":33,"turns":10}],"seed_played":"8044983052402001493","potions_obtained":[{"floor":3,"key":"Ancient Potion"},{"floor":4,"key":"EssenceOfSteel"},{"floor":16,"key":"Explosive Potion"},{"floor":21,"key":"Swift Potion"},{"floor":28,"key":"Dexterity Potion"}],"is_trial":false,"path_per_floor":["M","M","M","M","M","R","$","R","T","R","M","E","M","?","R","B",null,"M","$","M","?","?","R","E","R","T","R","E","?","M","E","R","B"],"character_chosen":"IRONCLAD","items_purchased":["Whetstone","True Grit","Toolbox"],"campfire_rested":1,"item_purchase_floors":[7,7,19],"current_hp_per_floor":[68,68,65,58,51,51,51,51,51,51,35,15,17,17,17,13,50,34,34,43,45,45,45,37,37,42,42,39,44,32,36,56,0],"gold":532,"neow_bonus":"TWO_FIFTY_GOLD","is_prod":false,"is_daily":false,"chose_seed":false,"campfire_upgraded":7,"win_rate":0,"timestamp":1542915769,"path_taken":["M","?","M","M","M","R","$","R","T","R","M","E","M","?","R","BOSS","M","$","M","?","?","R","E","R","T","R","E","?","?","E","R","BOSS"],"build_version":"2018-11-15","purchased_purges":2,"victory":false,"max_hp_per_floor":[68,68,68,68,68,68,68,68,68,68,68,68,68,62,62,62,62,62,62,65,68,68,68,68,68,68,68,68,68,68,68,68,68],"card_choices":[{"not_picked":["True Grit","Pommel Strike"],"picked":"Whirlwind","floor":1},{"not_picked":["Perfected Strike","Blood for Blood"],"picked":"Armaments","floor":2},{"not_picked":["Clash","Iron Wave"],"picked":"Flame Barrier","floor":3},{"not_picked":["Iron Wave","Armaments"],"picked":"Rampage","floor":4},{"not_picked":["Shrug It Off","Sentinel"],"picked":"Double Tap","floor":5},{"not_picked":["Uppercut","Headbutt"],"picked":"Anger","floor":11},{"not_picked":["Flame Barrier","Pommel Strike"],"picked":"Shockwave","floor":12},{"not_picked":["Rampage","True Grit"],"picked":"Iron Wave","floor":13},{"not_picked":["Immolate","Double Tap"],"picked":"Feed","floor":16},{"not_picked":["Heavy Blade","True Grit","Corruption"],"picked":"SKIP","floor":18},{"not_picked":["Cleave","True Grit"],"picked":"Clothesline","floor":20},{"not_picked":["Reckless Charge","Blood for Blood"],"picked":"True Grit+1","floor":21},{"not_picked":["Corruption","Wild Strike"],"picked":"Warcry","floor":24},{"not_picked":["Wild Strike","Entrench+1","Feed"],"picked":"SKIP","floor":28},{"not_picked":["Clothesline","Heavy Blade","Cleave"],"picked":"SKIP","floor":30},{"not_picked":["Body Slam","Combust","Havoc"],"picked":"SKIP","floor":31}],"player_experience":866785,"relics_obtained":[{"floor":9,"key":"Smiling Mask"},{"floor":12,"key":"Red Skull"},{"floor":21,"key":"Red Mask"},{"floor":24,"key":"Omamori"},{"floor":26,"key":"Pen Nib"},{"floor":28,"key":"Happy Flower"},{"floor":31,"key":"Art of War"}],"event_choices":[{"damage_healed":0,"gold_gain":0,"player_choice":"Lose Max HP","damage_taken":0,"relics_obtained":["Golden Idol"],"max_hp_gain":0,"max_hp_loss":6,"event_name":"Golden Idol","floor":14,"gold_loss":0},{"damage_healed":0,"gold_gain":0,"player_choice":"Fought Bandits","damage_taken":0,"max_hp_gain":0,"max_hp_loss":0,"event_name":"Masked Bandits","floor":21,"gold_loss":0},{"damage_healed":0,"gold_gain":0,"player_choice":"Gave Idol","damage_taken":0,"relics_obtained":["Bloody Idol"],"max_hp_gain":0,"max_hp_loss":0,"event_name":"Forgotten Altar","floor":22,"relics_lost":["Golden Idol"],"gold_loss":0},{"damage_healed":0,"gold_gain":275,"player_choice":"Desecrate","damage_taken":0,"max_hp_gain":0,"max_hp_loss":0,"event_name":"Golden Shrine","floor":29,"gold_loss":0,"cards_obtained":["Regret"]}],"is_beta":true,"boss_relics":[{"not_picked":["White Beast Statue","Calling Bell"],"picked":"Velvet Choker"}],"items_purged_floors":[7,19],"is_endless":false,"potions_floor_spawned":[3,4,5,13,16,21,28,30,31],"killed_by":"Champ","ascension_level":17}