{"gold_per_floor":[112,37,37,56,56,56,91,112,138,138,138,138,209,250,250,343,343,357,272,272,131,131,131,167,167,197,212,226,241,277,19,19,19],"floor_reached":33,"playtime":1126,"items_purged":[],"score":578,"play_id":"47f4eee1-0b50-41d9-9450-9a0d35272fe2","local_time":"20190323185036","is_ascension_mode":true,"campfire_choices":[{"data":"Immolate","floor":6,"key":"SMITH"},{"data":"Bash","floor":10,"key":"SMITH"},{"data":"True Grit","floor":12,"key":"SMITH"},{"data":"Body Slam","floor":15,"key":"SMITH"},{"data":"Spot Weakness","floor":23,"key":"SMITH"},{"data":"Exhume","floor":25,"key":"SMITH"},{"data":"Armaments","floor":32,"key":"SMITH"}],"neow_cost":"PERCENT_DAMAGE","seed_source_timestamp":5672656087651,"circlet_count":0,"master_deck":["AscendersBane","Strike_R+1","Strike_R+1","Strike_R+1","Strike_R+1","Defend_R+1","Defend_R+1","Defend_R+1","Defend_R+1","Bash+1","Immolate+1","Anger","True Grit+1","Evolve","Body Slam+1","Exhume+1","Metallicize","Feed","Shrug It Off","Spot Weakness+1","Limit Break","Power Through+1","Battle Trance","Armaments+1","Corruption"],"relics":["Burning Blood","Golden Idol","PreservedInsect","Oddly Smooth Stone","Gremlin Horn","Mummified Hand","Matryoshka","Coffee Dripper","Blue Candle","Centennial Puzzle","Tiny Chest","Paper Frog","Lantern","Happy Flower"],"potions_floor_usage":[14,16,24,30,33,33],"damage_taken":[{"damage":0,"enemies":"2 Louse","floor":1,"turns":1},{"damage":0,"enemies":"Small Slimes","floor":4,"turns":2},{"damage":32,"enemies":"Gremlin Nob","floor":7,"turns":4},{"damage":7,"enemies":"Jaw Worm","floor":8,"turns":2},{"damage":8,"enemies":"3 Sentries","floor":13,"turns":4},{"damage":9,"enemies":"Lagavulin","floor":14,"turns":6},{"damage":34,"enemies":"The Guardian","floor":16,"turns":13},{"damage":35,"enemies":"Spheric Guardian","floor":18,"turns":6},{"damage":18,"enemies":"Book of Stabbing","floor":24,"turns":3},{"damage":5,"enemies":"2 Thieves","floor":27,"turns":3},{"damage":15,"enemies":"Snake Plant","floor":28,"turns":4},{"damage":2,"enemies":"Centurion and Healer","floor":29,"turns":10},{"damage":12,"enemies":"Slavers","floor":30,"turns":6},{"damage":41,"enemies":"Automaton","floor":33,"turns":6}],"seed_played":"6826101897707420953","potions_obtained":[{"floor":4,"key":"Strength Potion"},{"floor":7,"key":"AttackPotion"},{"floor":14,"key":"Strength Potion"},{"floor":27,"key":"Explosive Potion"},{"floor":29,"key":"SkillPotion"},{"floor":30,"key":"SkillPotion"}],"is_trial":false,"path_per_floor":["M","?","?","M","?","R","E","M","T","R","T","R","?","E","R","B",null,"M","?","?","$","?","R","E","R","T","M","M","M","E","$","R","B"],"character_chosen":"IRONCLAD","items_purchased":["Feed","Shrug It Off","Corruption","Happy Flower","Weak Potion"],"campfire_rested":0,"item_purchase_floors":[21,21,31,31,31],"current_hp_per_floor":[56,56,61,67,67,67,41,40,40,40,40,40,38,35,35,7,56,27,27,27,27,27,27,18,18,18,22,13,23,23,23,23,0],"gold":19,"neow_bonus":"THREE_RARE_CARDS","is_prod":false,"is_daily":false,"chose_seed":false,"campfire_upgraded":7,"win_rate":0,"timestamp":1553363436,"path_taken":["M","?","?","M","?","R","E","M","T","R","?","R","?","E","R","BOSS","M","?","?","$","?","R","E","R","T","M","M","M","E","$","R","BOSS"],"build_version":"2019-01-23","purchased_purges":0,"victory":false,"max_hp_per_floor":[75,75,80,80,72,72,72,72,72,72,72,72,72,72,72,72,72,72,72,72,72,72,72,75,75,75,78,78,84,90,90,90,90],"card_choices":[{"not_picked":["Dark Embrace","Juggernaut"],"picked":"Immolate","floor":0},{"not_picked":["Heavy Blade","Hemokinesis"],"picked":"Anger","floor":1},{"not_picked":["Cleave","Flex","Clash"],"picked":"SKIP","floor":4},{"not_picked":["Power Through","Thunderclap"],"picked":"True Grit","floor":7},{"not_picked":["Rupture","Clash"],"picked":"Evolve","floor":8},{"not_picked":["Seeing Red","Searing Blow"],"picked":"Body Slam","floor":13},{"not_picked":["Body Slam","Flex","Wild Strike"],"picked":"SKIP","floor":14},{"not_picked":["Dark Embrace","Berserk"],"picked":"Exhume","floor":16},{"not_picked":["Body Slam","Cleave"],"picked":"Metallicize","floor":18},{"not_picked":["Shockwave","Entrench"],"picked":"Limit Break","floor":24},{"not_picked":["Flex","Bloodletting","True Grit"],"picked":"SKIP","floor":27},{"not_picked":["Shockwave","Clash"],"picked":"Power Through+1","floor":28},{"not_picked":["Disarm","Clothesline"],"picked":"Battle Trance","floor":29},{"not_picked":["Spot Weakness+1","Bloodletting"],"picked":"Armaments","floor":30}],"player_experience":1463702,"relics_obtained":[{"floor":7,"key":"PreservedInsect"},{"floor":9,"key":"Oddly Smooth Stone"},{"floor":11,"key":"Gremlin Horn"},{"floor":13,"key":"Mummified Hand"},{"floor":14,"key":"Matryoshka"},{"floor":24,"key":"Centennial Puzzle"},{"floor":26,"key":"Tiny Chest"},{"floor":26,"key":"Paper Frog"},{"floor":30,"key":"Lantern"}],"event_choices":[{"cards_removed":["Strike_R"],"damage_healed":0,"gold_gain":0,"player_choice":"Card Removal","damage_taken":0,"max_hp_gain":0,"max_hp_loss":0,"event_name":"The Cleric","floor":2,"gold_loss":75},{"damage_healed":0,"gold_gain":0,"player_choice":"Donut","damage_taken":0,"max_hp_gain":5,"max_hp_loss":0,"event_name":"Big Fish","floor":3,"gold_loss":0},{"damage_healed":0,"gold_gain":0,"player_choice":"Lose Max HP","damage_taken":0,"relics_obtained":["Golden Idol"],"max_hp_gain":0,"max_hp_loss":8,"event_name":"Golden Idol","floor":5,"gold_loss":0},{"damage_healed":0,"gold_gain":30,"player_choice":"Searched \u00273\u0027 times","damage_taken":0,"max_hp_gain":0,"max_hp_loss":0,"event_name":"Dead Adventurer","floor":13,"gold_loss":0},{"damage_healed":0,"gold_gain":0,"player_choice":"Obtained Relic","damage_taken":0,"relics_obtained":["Blue Candle"],"max_hp_gain":0,"max_hp_loss":0,"event_name":"Addict","floor":19,"gold_loss":85},{"damage_healed":0,"gold_gain":0,"player_choice":"Simplicity","damage_taken":0,"max_hp_gain":0,"max_hp_loss":0,"event_name":"Back to Basics","floor":20,"gold_loss":0,"cards_upgraded":["Strike_R","Strike_R","Strike_R","Strike_R","Defend_R","Defend_R","Defend_R","Defend_R"]},{"damage_healed":0,"gold_gain":0,"player_choice":"Read","damage_taken":0,"max_hp_gain":0,"max_hp_loss":0,"event_name":"The Library","floor":22,"gold_loss":0,"cards_obtained":["Spot Weakness"]}],"is_beta":false,"boss_relics":[{"not_picked":["Eternal Feather","Empty Cage"],"picked":"Coffee Dripper"}],"items_purged_floors":[],"is_endless":false,"potions_floor_spawned":[4,7,14,27,29,30],"killed_by":"Automaton","ascension_level":20}