{"gold_per_floor":[15,25,39,39,56,56,76,96,96,115,142,142,167,184,184,258,258,277,277,277,202,214,214,245,245,245,262,280,312,36,55,55,134,184,204,146,166,181,200,200,231,231,231,265,319,352,352,381,381,381,381,381,381,68,98,98],"floor_reached":56,"playtime":4217,"items_purged":["Strike_R","Strike_R"],"score":2188,"play_id":"ad42bb82-b3da-4405-af64-07c4d406cade","local_time":"20190228204917","is_ascension_mode":true,"campfire_choices":[{"data":"Armaments","floor":6.0,"key":"SMITH"},{"floor":12.0,"key":"REST"},{"data":"Demon Form","floor":15.0,"key":"SMITH"},{"data":"Heavy Blade","floor":23.0,"key":"SMITH"},{"data":"Shockwave","floor":25.0,"key":"SMITH"},{"floor":32.0,"key":"REST"},{"data":"Limit Break","floor":40,"key":"SMITH"},{"data":"Burning Pact","floor":42,"key":"SMITH"},{"floor":49,"key":"RECALL"},{"floor":53,"key":"REST"}],"neow_cost":"NO_GOLD","seed_source_timestamp":0,"circlet_count":0,"master_deck":["AscendersBane","Strike_R","Strike_R","Defend_R","Defend_R","Defend_R","Bash","Demon Form+1","Shrug It Off+1","Seeing Red","Armaments+1","Heavy Blade+1","Headbutt","Battle Trance","Shockwave+1","Burning Pact+1","Offering","Flex+1","Offering","Feed","Corruption+1","Feel No Pain","Dark Shackles","Limit Break+1","Shrug It Off","Impervious","Flex+1","Twin Strike","Anger","Rupture","Barricade","Feel No Pain","Evolve"],"special_seed":0,"relics":["Burning Blood","Incense Burner","Boot","Thread and Needle","Runic Pyramid","Enchiridion","Darkstone Periapt","Singing Bowl","Bag of Preparation","Tiny House","Pen Nib","Ancient Tea Set","Bird Faced Urn","Strawberry","Champion Belt","OrangePellets","Bronze Scales"],"potions_floor_usage":[55,56],"damage_taken":[{"damage":13.0,"enemies":"Cultist","floor":1.0,"turns":5.0},{"damage":18.0,"enemies":"Jaw Worm","floor":2.0,"turns":6.0},{"damage":10.0,"enemies":"Small Slimes","floor":3.0,"turns":4.0},{"damage":6.0,"enemies":"Exordium Wildlife","floor":5.0,"turns":4.0},{"damage":12.0,"enemies":"Exordium Thugs","floor":7.0,"turns":8.0},{"damage":18.0,"enemies":"Lots of Slimes","floor":8.0,"turns":3.0},{"damage":9.0,"enemies":"Red Slaver","floor":10.0,"turns":5.0},{"damage":20.0,"enemies":"Lagavulin","floor":11.0,"turns":5.0},{"damage":15.0,"enemies":"3 Sentries","floor":13.0,"turns":9.0},{"damage":4.0,"enemies":"2 Fungi Beasts","floor":14.0,"turns":5.0},{"damage":1.0,"enemies":"The Guardian","floor":16.0,"turns":7.0},{"damage":9.0,"enemies":"Spheric Guardian","floor":18.0,"turns":6.0},{"damage":0.0,"enemies":"Chosen","floor":22.0,"turns":3.0},{"damage":17.0,"enemies":"Slavers","floor":24.0,"turns":6.0},{"damage":7.0,"enemies":"Centurion and Healer","floor":27.0,"turns":4.0},{"damage":16.0,"enemies":"Snecko","floor":28.0,"turns":4.0},{"damage":24.0,"enemies":"Book of Stabbing","floor":29.0,"turns":4.0},{"damage":6.0,"enemies":"Chosen and Byrds","floor":31.0,"turns":5.0},{"damage":16.0,"enemies":"Champ","floor":33.0,"turns":11.0},{"damage":6,"enemies":"3 Shapes","floor":35,"turns":3},{"damage":6,"enemies":"Orb Walker","floor":37,"turns":3},{"damage":12,"enemies":"4 Shapes","floor":38,"turns":5},{"damage":6,"enemies":"Jaw Worm Horde","floor":39,"turns":3},{"damage":12,"enemies":"Giant Head","floor":41,"turns":4},{"damage":0,"enemies":"Nemesis","floor":44,"turns":7},{"damage":10,"enemies":"2 Orb Walkers","floor":45,"turns":3},{"damage":41,"enemies":"Reptomancer","floor":46,"turns":5},{"damage":9,"enemies":"Nemesis","floor":48,"turns":5},{"damage":18,"enemies":"Time Eater","floor":50,"turns":5},{"damage":59,"enemies":"Awakened One","floor":51,"turns":7},{"damage":78,"enemies":"Shield and Spear","floor":55,"turns":8},{"damage":134,"enemies":"The Heart","floor":56,"turns":8}],"seed_played":"5933552564953817070","potions_obtained":[{"floor":2.0,"key":"Explosive Potion"},{"floor":5.0,"key":"SneckoOil"},{"floor":7.0,"key":"Energy Potion"},{"floor":8.0,"key":"SteroidPotion"},{"floor":14.0,"key":"SkillPotion"},{"floor":22.0,"key":"FearPotion"},{"floor":27.0,"key":"Block Potion"},{"floor":31.0,"key":"LiquidBronze"},{"floor":34.0,"key":"PowerPotion"},{"floor":35,"key":"Strength Potion"}],"is_trial":false,"path_per_floor":["M","M","M","?","M","R","M","M","T","M","E","R","E","M","R","B",null,"M","?","?","$","M","R","E","R","T","M","M","E","$","M","R","B",null,"M","$","M","M","M","R","E","R","T","E","?","E","?","E","R","B","B",null,"R","$","E","B"],"character_chosen":"IRONCLAD","items_purchased":["Feel No Pain","Dark Shackles","Shrug It Off","OrangePellets","Feel No Pain"],"campfire_rested":3,"item_purchase_floors":[30,30,36,54,54],"current_hp_per_floor":[61,49,45,45,45,45,39,27,27,24,10,32,23,25,25,30,64,61,40,40,40,46,46,35,35,35,40,32,18,18,23,50,44,90,95,95,99,99,102,102,101,101,101,110,110,96,96,106,106,110,71,136,157,157,103,0],"gold":98,"neow_bonus":"THREE_RARE_CARDS","is_prod":false,"is_daily":false,"chose_seed":false,"campfire_upgraded":6,"win_rate":0,"timestamp":1551383357,"path_taken":["M","?","M","?","?","R","M","?","T","M","E","R","E","M","R","BOSS","M","?","?","$","M","R","E","R","T","?","?","E","?","M","R","BOSS","M","$","M","M","M","R","E","R","T","E","?","E","?","E","R","BOSS","BOSS","R","$","E","BOSS"],"build_version":"2019-01-23","purchased_purges":2,"victory":false,"max_hp_per_floor":[75,75,75,75,75,75,75,75,75,75,75,75,75,75,75,75,75,75,75,75,75,75,75,75,75,75,81,83,87,87,92,92,96,103,108,108,112,118,121,121,126,126,126,129,133,146,146,149,149,153,157,157,157,157,161,161],"card_choices":[{"not_picked":["Exhume","Brutality"],"picked":"Demon Form","floor":0.0},{"not_picked":["Thunderclap","True Grit"],"picked":"Shrug It Off","floor":1.0},{"not_picked":["Intimidate","Burning Pact"],"picked":"Seeing Red","floor":2.0},{"not_picked":["Thunderclap","Rage"],"picked":"Armaments","floor":3.0},{"not_picked":["Body Slam","Cleave"],"picked":"Heavy Blade","floor":5.0},{"not_picked":["Heavy Blade","Hemokinesis"],"picked":"Headbutt","floor":7.0},{"not_picked":["Whirlwind","Sever Soul"],"picked":"Battle Trance","floor":8.0},{"not_picked":["Shrug It Off","Heavy Blade"],"picked":"Shockwave","floor":10.0},{"not_picked":["Intimidate","Flex"],"picked":"Burning Pact","floor":11.0},{"not_picked":["Brutality","Clothesline","Thunderclap"],"picked":"SKIP","floor":13.0},{"not_picked":["Sever Soul","Headbutt","Flex"],"picked":"SKIP","floor":14.0},{"not_picked":["Demon Form","Immolate"],"picked":"Offering","floor":16.0},{"not_picked":["Clothesline","Thunderclap"],"picked":"Flex+1","floor":18.0},{"not_picked":["Warcry","Searing Blow","True Grit"],"picked":"SKIP","floor":22.0},{"not_picked":["Armaments+1","Twin Strike"],"picked":"Feed","floor":24.0},{"not_picked":["Flex","Dual Wield","Clash"],"picked":"Singing Bowl","floor":27.0},{"not_picked":["Carnage","Ghostly Armor","Clash"],"picked":"Singing Bowl","floor":28.0},{"not_picked":["Impervious","Shrug It Off"],"picked":"Corruption+1","floor":29.0},{"not_picked":["Clash","Iron Wave","Wild Strike+1"],"picked":"Singing Bowl","floor":31.0},{"not_picked":["Impervious","Juggernaut"],"picked":"Limit Break","floor":33.0},{"not_picked":["Pommel Strike","Twin Strike","Battle Trance"],"picked":"Singing Bowl","floor":34.0},{"not_picked":["Reckless Charge","Anger","Wild Strike+1"],"picked":"Singing Bowl","floor":35},{"not_picked":["Wild Strike","Pommel Strike"],"picked":"Impervious","floor":37},{"not_picked":["Anger","Pommel Strike","Uppercut"],"picked":"Singing Bowl","floor":38},{"not_picked":["Warcry","Clothesline"],"picked":"Flex+1","floor":39},{"not_picked":["Power Through+1","Intimidate","Ghostly Armor"],"picked":"Singing Bowl","floor":41},{"not_picked":["Carnage","Clothesline"],"picked":"Twin Strike","floor":44},{"not_picked":["Havoc","Iron Wave"],"picked":"Anger","floor":45},{"not_picked":["Iron Wave","Pommel Strike","Blood for Blood"],"picked":"Singing Bowl","floor":46},{"not_picked":["Clothesline","Twin Strike"],"picked":"Barricade","floor":48},{"not_picked":["Iron Wave+1","Sword Boomerang"],"picked":"Evolve","floor":55}],"player_experience":1346854,"relics_obtained":[{"floor":9.0,"key":"Incense Burner"},{"floor":11.0,"key":"Boot"},{"floor":13.0,"key":"Thread and Needle"},{"floor":19.0,"key":"Enchiridion"},{"floor":24.0,"key":"Darkstone Periapt"},{"floor":26.0,"key":"Singing Bowl"},{"floor":29.0,"key":"Bag of Preparation"},{"floor":41,"key":"Pen Nib"},{"floor":44,"key":"Ancient Tea Set"},{"floor":45,"key":"Bird Faced Urn"},{"floor":46,"key":"Strawberry"},{"floor":48,"key":"Champion Belt"},{"floor":55,"key":"Bronze Scales"}],"event_choices":[{"cards_removed":["Strike_R"],"damage_healed":0.0,"max_hp_gain":0.0,"max_hp_loss":0.0,"gold_gain":0.0,"event_name":"Bonfire Elementals","player_choice":"Offered Basic","floor":4.0,"gold_loss":0.0,"damage_taken":0.0},{"damage_healed":0.0,"max_hp_gain":0.0,"max_hp_loss":0.0,"gold_gain":0.0,"event_name":"Cursed Tome","player_choice":"Obtained Book","floor":19.0,"gold_loss":0.0,"damage_taken":21.0},{"damage_healed":0.0,"max_hp_gain":0.0,"max_hp_loss":0.0,"gold_gain":0.0,"event_name":"Duplicator","player_choice":"Copied","floor":20.0,"gold_loss":0.0,"damage_taken":0.0,"cards_obtained":["Offering"]},{"damage_healed":0,"gold_gain":0,"player_choice":"Fight","damage_taken":0,"max_hp_gain":0,"max_hp_loss":0,"event_name":"Mysterious Sphere","floor":45,"gold_loss":0},{"damage_healed":0,"gold_gain":0,"cards_transformed":["Defend_R"],"player_choice":"Transformed","damage_taken":0,"max_hp_gain":0,"max_hp_loss":0,"event_name":"Transmorgrifier","floor":47,"gold_loss":0,"cards_obtained":["Rupture"]}],"is_beta":false,"boss_relics":[{"not_picked":["Sozu","Orrery"],"picked":"Runic Pyramid"},{"not_picked":["Snecko Eye","Black Blood"],"picked":"Tiny House"}],"items_purged_floors":[21,30],"is_endless":false,"potions_floor_spawned":[2,5,7,8,14,22,27,28,31,35,45,46],"killed_by":"The Heart","ascension_level":20}