{"gold_per_floor":[117,117,11,11,30,30,59,74,74,101,112,112,37,50,50,127,177,193,4,4,14,46,46,72,72,72,72,90,106,120,149,149,225,225,237,255,255,255,255,288,288,323,323,336,336,349,381,91,91,91,91,91,91,14,43,43],"floor_reached":56,"playtime":2699,"items_purged":["Pain","Strike_G","Strike_G"],"score":2216,"play_id":"b631a966-39a7-406a-a407-1dbc9f8227a3","local_time":"20190819114939","is_ascension_mode":true,"campfire_choices":[{"data":"Crippling Poison","floor":6.0,"key":"SMITH"},{"data":"Deadly Poison","floor":15.0,"key":"SMITH"},{"data":"Footwork","floor":23.0,"key":"SMITH"},{"data":"Well Laid Plans","floor":25.0,"key":"SMITH"},{"floor":27.0,"key":"REST"},{"data":"Crippling Poison","floor":32.0,"key":"SMITH"},{"data":"Footwork","floor":41.0,"key":"SMITH"},{"floor":45.0,"key":"REST"},{"floor":49.0,"key":"RECALL"},{"data":"Footwork","floor":53.0,"key":"SMITH"}],"neow_cost":"NONE","seed_source_timestamp":7194874804766,"circlet_count":0,"master_deck":["AscendersBane","Strike_G","Strike_G","Defend_G","Defend_G","Defend_G+1","Defend_G","Survivor+1","Neutralize","Masterful Stab+1","Crippling Poison+1","Well Laid Plans+1","Deadly Poison+1","PiercingWail","Bane","Crippling Poison+1","Deadly Poison+1","PiercingWail+1","Malaise+1","Dodge and Roll+1","Footwork+1","Corpse Explosion+1","Escape Plan+1","Noxious Fumes+1","Acrobatics+1","Backflip+1","Crippling Poison+1","Adrenaline+1","Footwork+1","Finesse+1","Crippling Poison+1","Backflip+1","Dodge and Roll+1","Blur+1","Catalyst+1","Footwork+1","Blur+1","Leg Sweep+1"],"special_seed":0,"relics":["Ring of the Snake","NeowsBlessing","Matryoshka","PreservedInsect","Torii","Toxic Egg 2","WarpedTongs","Tiny House","Red Mask","Orichalcum","Happy Flower","Pear","Bag of Preparation","Sozu","War Paint","Prayer Wheel","Paper Crane","Vajra"],"potions_floor_usage":[56],"damage_taken":[{"damage":0.0,"enemies":"Small Slimes","floor":1.0,"turns":1.0},{"damage":0.0,"enemies":"Cultist","floor":5.0,"turns":1.0},{"damage":0.0,"enemies":"3 Sentries","floor":7.0,"turns":1.0},{"damage":0.0,"enemies":"2 Louse","floor":8.0,"turns":1.0},{"damage":26.0,"enemies":"Gremlin Nob","floor":10.0,"turns":4.0},{"damage":7.0,"enemies":"Exordium Thugs","floor":11.0,"turns":5.0},{"damage":1.0,"enemies":"Exordium Wildlife","floor":14.0,"turns":3.0},{"damage":7.0,"enemies":"The Guardian","floor":16.0,"turns":9.0},{"damage":1.0,"enemies":"Shell Parasite","floor":18.0,"turns":6.0},{"damage":12.0,"enemies":"2 Thieves","floor":21.0,"turns":3.0},{"damage":14.0,"enemies":"Masked Bandits","floor":22.0,"turns":3.0},{"damage":20.0,"enemies":"Slavers","floor":24.0,"turns":2.0},{"damage":1.0,"enemies":"Sentry and Sphere","floor":28.0,"turns":6.0},{"damage":1.0,"enemies":"Cultist and Chosen","floor":29.0,"turns":3.0},{"damage":0.0,"enemies":"Shelled Parasite and Fungi","floor":30.0,"turns":4.0},{"damage":1.0,"enemies":"Book of Stabbing","floor":31.0,"turns":6.0},{"damage":42.0,"enemies":"Champ","floor":33.0,"turns":15.0},{"damage":0.0,"enemies":"3 Shapes","floor":35.0,"turns":3.0},{"damage":0.0,"enemies":"3 Darklings","floor":36.0,"turns":3.0},{"damage":2.0,"enemies":"Reptomancer","floor":40.0,"turns":4.0},{"damage":11.0,"enemies":"Giant Head","floor":42.0,"turns":8.0},{"damage":14.0,"enemies":"Jaw Worm Horde","floor":44.0,"turns":5.0},{"damage":0.0,"enemies":"4 Shapes","floor":46.0,"turns":3.0},{"damage":0.0,"enemies":"Nemesis","floor":47.0,"turns":7.0},{"damage":0.0,"enemies":"Donu and Deca","floor":50.0,"turns":7.0},{"damage":3.0,"enemies":"Time Eater","floor":51.0,"turns":17.0},{"damage":28.0,"enemies":"Shield and Spear","floor":55.0,"turns":7.0},{"damage":41,"enemies":"The Heart","floor":56,"turns":5}],"seed_played":"-1552408760557441658","potions_obtained":[{"floor":7.0,"key":"FearPotion"},{"floor":8.0,"key":"FairyPotion"},{"floor":17.0,"key":"Weak Potion"},{"floor":33.0,"key":"SkillPotion"}],"is_trial":false,"path_per_floor":["M","?","$","?","M","R","E","M","T","E","M","?","$","M","R","B",null,"M","$","?","M","?","R","E","R","T","R","M","M","M","E","R","B",null,"M","M","?","?","?","E","R","E","T","M","R","M","E","$","R","B","B",null,"R","$","E","B"],"character_chosen":"THE_SILENT","items_purchased":["Well Laid Plans","Deadly Poison","Footwork","Footwork","Blur+1","Leg Sweep+1"],"campfire_rested":2,"item_purchase_floors":[3,3,19,48,48,54],"current_hp_per_floor":[59,59,59,52,52,52,52,52,52,26,19,19,19,18,18,11,57,56,56,56,44,30,30,10,10,20,44,43,42,42,41,41,8,63,63,63,63,53,53,51,51,40,40,26,49,49,49,49,49,49,46,69,69,69,41,0],"gold":43,"neow_bonus":"THREE_ENEMY_KILL","is_prod":false,"is_daily":false,"chose_seed":false,"campfire_upgraded":7,"win_rate":0,"timestamp":1566208179,"path_taken":["M","?","?","?","M","R","E","M","T","E","M","?","$","?","R","BOSS","M","$","?","?","?","R","E","R","T","R","M","M","M","E","R","BOSS","M","M","?","?","?","E","R","E","T","M","R","M","E","$","R","BOSS","BOSS","R","$","E","BOSS"],"build_version":"2019-07-17","purchased_purges":3,"victory":false,"max_hp_per_floor":[66,66,66,66,66,66,66,66,66,66,66,66,66,66,66,66,71,71,71,71,71,71,71,71,71,81,81,81,81,81,81,81,81,81,81,81,81,81,77,77,77,77,77,77,77,77,77,77,77,77,77,77,77,77,77,77],"card_choices":[{"not_picked":["Deflect","Underhanded Strike"],"picked":"Masterful Stab","floor":1.0},{"not_picked":["Outmaneuver","Dodge and Roll"],"picked":"PiercingWail","floor":5.0},{"not_picked":["Terror","Outmaneuver"],"picked":"Bane","floor":7.0},{"not_picked":["Deflect","Setup"],"picked":"Crippling Poison","floor":8.0},{"not_picked":["Riddle With Holes","Quick Slash"],"picked":"Deadly Poison","floor":10.0},{"not_picked":["Bane","Setup+1","Grand Finale"],"picked":"SKIP","floor":11.0},{"not_picked":["Quick Slash","Accuracy"],"picked":"PiercingWail+1","floor":14.0},{"not_picked":["Doppelganger+1","Storm of Steel+1"],"picked":"Malaise+1","floor":16.0},{"not_picked":["Deadly Poison+1","Well Laid Plans"],"picked":"Dodge and Roll+1","floor":18.0},{"not_picked":["Flying Knee+1","Heel Hook","Dagger Throw+1"],"picked":"SKIP","floor":21.0},{"not_picked":["Underhanded Strike","Dagger Throw"],"picked":"Escape Plan+1","floor":22.0},{"not_picked":["Tactician+1","Calculated Gamble+1"],"picked":"Noxious Fumes+1","floor":24.0},{"not_picked":["Finisher","Flechettes","Cloak And Dagger+1"],"picked":"SKIP","floor":28.0},{"not_picked":["Outmaneuver+1","PiercingWail+1"],"picked":"Acrobatics+1","floor":29.0},{"not_picked":["Poisoned Stab","Quick Slash"],"picked":"Backflip+1","floor":30.0},{"not_picked":["Deadly Poison+1","Choke"],"picked":"Crippling Poison+1","floor":31.0},{"not_picked":["Venomology+1","Unload"],"picked":"Adrenaline+1","floor":33.0},{"not_picked":["Dagger Spray","Outmaneuver+1"],"picked":"Footwork","floor":35.0},{"not_picked":["Outmaneuver+1","Prepared+1","Flying Knee"],"picked":"SKIP","floor":36.0},{"not_picked":["Jack Of All Trades+1","Madness+1"],"picked":"Finesse+1","floor":38.0},{"not_picked":["Prepared+1","Slice","Quick Slash"],"picked":"SKIP","floor":40.0},{"not_picked":["Die Die Die","Choke"],"picked":"Crippling Poison+1","floor":42.0},{"not_picked":["Predator","Prepared+1"],"picked":"Backflip+1","floor":44.0},{"not_picked":["Deadly Poison+1","Masterful Stab","Dagger Throw"],"picked":"SKIP","floor":44.0},{"not_picked":["Eviscerate+1","Dash"],"picked":"Dodge and Roll+1","floor":46.0},{"not_picked":["Finisher","Endless Agony"],"picked":"Blur+1","floor":46.0},{"not_picked":["PiercingWail+1","Caltrops"],"picked":"Catalyst+1","floor":47.0},{"not_picked":["Calculated Gamble+1","Masterful Stab","Poisoned Stab+1"],"picked":"SKIP","floor":55.0}],"player_experience":1936965,"relics_obtained":[{"floor":7.0,"key":"Matryoshka"},{"floor":9.0,"key":"PreservedInsect"},{"floor":9.0,"key":"Torii"},{"floor":10.0,"key":"Toxic Egg 2"},{"floor":22.0,"key":"Red Mask"},{"floor":24.0,"key":"Orichalcum"},{"floor":26.0,"key":"Happy Flower"},{"floor":26.0,"key":"Pear"},{"floor":31.0,"key":"Bag of Preparation"},{"floor":40.0,"key":"War Paint"},{"floor":42.0,"key":"Prayer Wheel"},{"floor":47.0,"key":"Paper Crane"},{"floor":55.0,"key":"Vajra"}],"event_choices":[{"damage_healed":0.0,"max_hp_gain":0.0,"max_hp_loss":0.0,"gold_gain":0.0,"event_name":"Match and Keep!","player_choice":"1 cards matched","floor":2.0,"gold_loss":0.0,"damage_taken":0.0,"cards_obtained":["Crippling Poison"]},{"cards_removed":["Strike_G"],"damage_healed":0.0,"max_hp_gain":0.0,"max_hp_loss":0.0,"gold_gain":0.0,"event_name":"Golden Wing","player_choice":"Card Removal","floor":4.0,"gold_loss":0.0,"damage_taken":7.0},{"damage_healed":0.0,"max_hp_gain":0.0,"max_hp_loss":0.0,"gold_gain":0.0,"event_name":"Accursed Blacksmith","player_choice":"Rummage","floor":12.0,"gold_loss":0.0,"damage_taken":0.0,"relics_obtained":["WarpedTongs"],"cards_obtained":["Pain"]},{"damage_healed":0.0,"max_hp_gain":0.0,"max_hp_loss":0.0,"gold_gain":0.0,"event_name":"Match and Keep!","player_choice":"1 cards matched","floor":20.0,"gold_loss":0.0,"damage_taken":0.0,"cards_obtained":["Corpse Explosion"]},{"damage_healed":0.0,"max_hp_gain":0.0,"max_hp_loss":0.0,"gold_gain":0.0,"event_name":"Masked Bandits","player_choice":"Fought Bandits","floor":22.0,"gold_loss":0.0,"damage_taken":0.0},{"cards_removed":["Defend_G"],"damage_healed":0.0,"max_hp_gain":0.0,"max_hp_loss":0.0,"gold_gain":0.0,"event_name":"Falling","player_choice":"Removed Skill","floor":37.0,"gold_loss":0.0,"damage_taken":0.0},{"damage_healed":0.0,"max_hp_gain":0.0,"max_hp_loss":0.0,"gold_gain":0.0,"event_name":"SensoryStone","player_choice":"Memory 3","floor":38.0,"gold_loss":0.0,"damage_taken":10.0},{"damage_healed":0.0,"max_hp_gain":0.0,"max_hp_loss":4.0,"gold_gain":0.0,"event_name":"Winding Halls","player_choice":"Max HP","floor":39.0,"gold_loss":0.0,"damage_taken":0.0}],"is_beta":false,"boss_relics":[{"not_picked":["HoveringKite","Eternal Feather"],"picked":"Tiny House"},{"not_picked":["Busted Crown","White Beast Statue"],"picked":"Sozu"}],"items_purged_floors":[13,19,48],"is_endless":false,"potions_floor_spawned":[7,8,21,24,33,36,42,47],"killed_by":"The Heart","ascension_level":20}