{"gold_per_floor":[116,116,116,5,16,16,49,49,123,156,156,171,171,183,183,183],"floor_reached":16,"playtime":523,"items_purged":[],"score":216,"play_id":"15ebb631-7cd3-4869-b52b-67509c74b031","local_time":"20190307172640","is_ascension_mode":true,"campfire_choices":[{"data":"Crippling Poison","floor":6,"key":"SMITH"},{"floor":8,"key":"REST"},{"data":"Envenom","floor":11,"key":"SMITH"},{"data":"Neutralize","floor":13,"key":"SMITH"},{"data":"Dagger Spray","floor":15,"key":"SMITH"}],"neow_cost":"PERCENT_DAMAGE","seed_source_timestamp":24712568364604,"circlet_count":0,"master_deck":["AscendersBane","Defend_G","Defend_G","Defend_G","Defend_G","Defend_G","Strike_G","Strike_G","Strike_G","Strike_G","Strike_G","Survivor","Neutralize+1","Crippling Poison+1","Dagger Spray+1","Backflip","Well Laid Plans","Deflect","Envenom+1","Dagger Throw","Well Laid Plans"],"relics":["Ring of the Snake","Torii","Pen Nib","Mercury Hourglass","Kunai","Matryoshka"],"potions_floor_usage":[7],"damage_taken":[{"damage":0,"enemies":"Small Slimes","floor":1,"turns":3},{"damage":7,"enemies":"Jaw Worm","floor":5,"turns":6},{"damage":24,"enemies":"Gremlin Nob","floor":7,"turns":4},{"damage":3,"enemies":"Lagavulin","floor":10,"turns":10},{"damage":0,"enemies":"2 Louse","floor":12,"turns":2},{"damage":0,"enemies":"Blue Slaver","floor":14,"turns":4},{"damage":26,"enemies":"Hexaghost","floor":16,"turns":11}],"seed_played":"3926693884912041822","potions_obtained":[{"floor":5,"key":"Fire Potion"},{"floor":14,"key":"Energy Potion"}],"is_trial":false,"path_per_floor":["M","?","?","$","M","R","E","R","T","E","R","M","R","M","R","B"],"character_chosen":"THE_SILENT","items_purchased":["Dagger Spray","Backflip"],"campfire_rested":1,"item_purchase_floors":[4,4],"current_hp_per_floor":[44,44,39,39,32,32,8,27,27,24,24,24,24,24,24,0],"gold":183,"neow_bonus":"ONE_RARE_RELIC","is_prod":false,"is_daily":false,"chose_seed":false,"campfire_upgraded":4,"win_rate":0,"timestamp":1551976000,"path_taken":["M","?","?","?","M","R","E","R","T","E","R","M","R","M","R","BOSS"],"build_version":"2019-01-23","purchased_purges":0,"victory":false,"max_hp_per_floor":[66,66,66,66,66,66,66,66,66,66,66,66,66,66,66,66],"card_choices":[{"not_picked":["Underhanded Strike","Blade Dance"],"picked":"Crippling Poison","floor":1},{"not_picked":["Outmaneuver","Masterful Stab"],"picked":"Well Laid Plans","floor":5},{"not_picked":["Heel Hook","Sucker Punch"],"picked":"Deflect","floor":7},{"not_picked":["Dagger Spray","Reflex"],"picked":"Envenom","floor":10},{"not_picked":["Outmaneuver","Quick Slash"],"picked":"Dagger Throw","floor":12},{"not_picked":["Outmaneuver","Tactician"],"picked":"Well Laid Plans","floor":14}],"player_experience":1383520,"relics_obtained":[{"floor":7,"key":"Mercury Hourglass"},{"floor":9,"key":"Kunai"},{"floor":10,"key":"Matryoshka"}],"event_choices":[{"damage_healed":0,"gold_gain":0,"player_choice":"Ignored","damage_taken":0,"max_hp_gain":0,"max_hp_loss":0,"event_name":"Liars Game","floor":2,"gold_loss":0},{"damage_healed":0,"gold_gain":0,"player_choice":"Success","damage_taken":5,"relics_obtained":["Pen Nib"],"max_hp_gain":0,"max_hp_loss":0,"event_name":"Scrap Ooze","floor":3,"gold_loss":0}],"is_beta":false,"boss_relics":[],"items_purged_floors":[],"is_endless":false,"potions_floor_spawned":[5,14],"killed_by":"Hexaghost","ascension_level":20}