{"gold_per_floor":[112,112,124,38,38,38,70,70,70,70,83,108,118,143,143,215,215,229,245,245,255,140,140,170,170,170,170,270,303,317,317],"floor_reached":31,"playtime":1071,"items_purged":["Strike_B"],"score":732,"play_id":"eb9a8cc4-a8c0-4dac-b350-8b2eece92e42","local_time":"20190329101129","is_ascension_mode":true,"campfire_choices":[{"data":"Sunder","floor":6.0,"key":"SMITH"},{"data":"Ball Lightning","floor":8.0,"key":"SMITH"},{"data":"Dualcast","floor":10.0,"key":"SMITH"},{"data":"Loop","floor":15,"key":"SMITH"},{"floor":23,"key":"REST"},{"data":"Capacitor","floor":25,"key":"SMITH"},{"floor":27,"key":"REST"}],"neow_cost":"NONE","seed_source_timestamp":0,"circlet_count":0,"master_deck":["AscendersBane","Strike_B","Strike_B","Defend_B","Defend_B","Defend_B","Defend_B","Zap+1","Dualcast+1","BootSequence","Ball Lightning+1","Sunder+1","Loop+1","Consume+1","Undo+1","Chaos+1","Echo Form","Coolheaded+1","Echo Form","Steam+1","Capacitor+1","Rainbow+1","Double Energy+1","Electrodynamics","Coolheaded+1"],"special_seed":0,"relics":["Cracked Core","Ornamental Fan","Toxic Egg 2","Thread and Needle","DataDisk","Nuclear Battery","Dream Catcher","Symbiotic Virus","StoneCalendar","Kunai","Du-Vu Doll"],"potions_floor_usage":[18,31,31],"damage_taken":[{"damage":2.0,"enemies":"Cultist","floor":1.0,"turns":4.0},{"damage":0.0,"enemies":"2 Louse","floor":3.0,"turns":2.0},{"damage":15.0,"enemies":"Lagavulin","floor":7.0,"turns":7.0},{"damage":3.0,"enemies":"Small Slimes","floor":11.0,"turns":3.0},{"damage":32.0,"enemies":"Gremlin Nob","floor":12.0,"turns":4.0},{"damage":0,"enemies":"Gremlin Gang","floor":13,"turns":3},{"damage":0,"enemies":"Lagavulin","floor":14,"turns":5},{"damage":0,"enemies":"Hexaghost","floor":16,"turns":8},{"damage":2,"enemies":"Shell Parasite","floor":18,"turns":3},{"damage":34,"enemies":"3 Byrds","floor":19,"turns":5},{"damage":9,"enemies":"Centurion and Healer","floor":21,"turns":5},{"damage":14,"enemies":"Gremlin Leader","floor":24,"turns":6},{"damage":3,"enemies":"Colosseum Slavers","floor":28,"turns":4},{"damage":15,"enemies":"Colosseum Nobs","floor":28,"turns":4},{"damage":16,"enemies":"Book of Stabbing","floor":29,"turns":4},{"damage":0,"enemies":"Snecko","floor":30,"turns":5},{"damage":28,"enemies":"Gremlin Leader","floor":31,"turns":4}],"seed_played":"-2493354599556456142","potions_obtained":[{"floor":5.0,"key":"SpeedPotion"},{"floor":5.0,"key":"Fruit Juice"},{"floor":7.0,"key":"GamblersBrew"},{"floor":14,"key":"Fire Potion"},{"floor":19,"key":"SteroidPotion"},{"floor":30,"key":"Regen Potion"}],"is_trial":false,"path_per_floor":["M","?","M","$","?","R","E","R","T","R","M","E","M","E","R","B",null,"M","M","?","M","$","R","E","R","T","R","?","E","M","E"],"character_chosen":"DEFECT","items_purchased":["Sunder","Capacitor"],"campfire_rested":2,"item_purchase_floors":[4,22],"current_hp_per_floor":[62,62,62,62,62,62,52,52,52,52,49,17,17,17,17,17,61,59,25,25,16,16,38,24,24,24,46,28,12,12,0],"gold":317,"neow_bonus":"TRANSFORM_CARD","is_prod":false,"is_daily":false,"chose_seed":false,"campfire_upgraded":5,"win_rate":0,"timestamp":1553850689,"path_taken":["M","?","M","$","?","R","E","R","T","R","M","E","M","E","R","BOSS","M","?","?","?","$","R","E","R","T","R","?","E","M","E"],"build_version":"2019-01-23","purchased_purges":1,"victory":false,"max_hp_per_floor":[71,71,71,71,71,71,76,76,76,76,76,76,76,76,76,76,76,76,76,76,76,76,76,76,76,76,76,76,76,76,76],"card_choices":[{"not_picked":["Conserve Battery","Capacitor","Leap"],"picked":"SKIP","floor":1.0},{"not_picked":["Force Field","Leap"],"picked":"Ball Lightning","floor":3.0},{"not_picked":["Scrape","Turbo","Redo"],"picked":"SKIP","floor":7.0},{"not_picked":["Skim+1","Beam Cell"],"picked":"Loop","floor":11.0},{"not_picked":["Reprogram+1","Rebound"],"picked":"Consume+1","floor":12.0},{"not_picked":["Rebound","Aggregate+1"],"picked":"Undo+1","floor":13},{"not_picked":["Storm","Rebound"],"picked":"Chaos+1","floor":14},{"not_picked":["Buffer","Seek+1"],"picked":"Echo Form","floor":16},{"not_picked":["Recycle+1","Barrage+1","Heatsinks"],"picked":"SKIP","floor":18},{"not_picked":["Ball Lightning","Go for the Eyes+1"],"picked":"Coolheaded+1","floor":19},{"not_picked":["Rebound","Conserve Battery+1"],"picked":"Steam+1","floor":21},{"not_picked":["Consume+1","Lockon"],"picked":"Rainbow+1","floor":24},{"not_picked":["Hologram+1","Steam+1"],"picked":"Double Energy+1","floor":27},{"not_picked":["Streamline+1","Sweeping Beam"],"picked":"Electrodynamics","floor":29},{"not_picked":["Scrape","Ball Lightning"],"picked":"Coolheaded+1","floor":30}],"player_experience":1495905,"relics_obtained":[{"floor":7.0,"key":"Ornamental Fan"},{"floor":9.0,"key":"Toxic Egg 2"},{"floor":12.0,"key":"Thread and Needle"},{"floor":14,"key":"DataDisk"},{"floor":24,"key":"Dream Catcher"},{"floor":26,"key":"Symbiotic Virus"},{"floor":28,"key":"StoneCalendar"},{"floor":28,"key":"Kunai"},{"floor":29,"key":"Du-Vu Doll"}],"event_choices":[{"damage_healed":0.0,"max_hp_gain":0.0,"max_hp_loss":0.0,"gold_gain":0.0,"event_name":"Living Wall","player_choice":"Grow","floor":2.0,"gold_loss":0.0,"damage_taken":0.0,"cards_upgraded":["Zap"]},{"damage_healed":0.0,"max_hp_gain":0.0,"max_hp_loss":0.0,"gold_gain":0.0,"event_name":"Lab","player_choice":"Got Potions","floor":5.0,"gold_loss":0.0,"damage_taken":0.0},{"damage_healed":0,"gold_gain":0,"player_choice":"Copied","damage_taken":0,"max_hp_gain":0,"max_hp_loss":0,"event_name":"Duplicator","floor":20,"gold_loss":0,"cards_obtained":["Echo Form"]},{"damage_healed":0,"gold_gain":0,"player_choice":"Fight","damage_taken":0,"max_hp_gain":0,"max_hp_loss":0,"event_name":"Colosseum","floor":28,"gold_loss":0},{"damage_healed":0,"gold_gain":0,"player_choice":"Fought Nobs","damage_taken":0,"max_hp_gain":0,"max_hp_loss":0,"event_name":"Colosseum","floor":28,"gold_loss":0}],"is_beta":false,"boss_relics":[{"not_picked":["FrozenCore","White Beast Statue"],"picked":"Nuclear Battery"}],"items_purged_floors":[22],"is_endless":false,"potions_floor_spawned":[7,12,14,19,28,28,29,30],"killed_by":"Gremlin Leader","ascension_level":20}