{"gold_per_floor":[117,129,129,142,160,160,175,250,250,266,282,7,7,42,42,147,147,163,163,75,35,51,77,77,93,93,93,109,109,125,45,45,45],"floor_reached":33,"playtime":1411,"items_purged":["Strike_R","Strike_R","Strike_R"],"score":294,"play_id":"1abc0ccb-5b48-423f-92fb-e66197fa45a6","local_time":"20190929211055","is_ascension_mode":false,"campfire_choices":[{"data":"Rupture","floor":6,"key":"SMITH"},{"data":"Corruption","floor":13,"key":"SMITH"},{"floor":15,"key":"REST"},{"floor":24,"key":"REST"},{"data":"Searing Blow+1","floor":27,"key":"SMITH"},{"data":"Double Tap","floor":29,"key":"SMITH"},{"floor":32,"key":"REST"}],"neow_cost":"NONE","seed_source_timestamp":662822347708900,"circlet_count":0,"master_deck":["Strike_R+1","Strike_R+1","Defend_R","Defend_R","Defend_R","Defend_R","Bash","Headbutt","Corruption+1","Burning Pact","Rupture+1","Sentinel","Flex","Searing Blow+2","Rampage+1","Reaper+1","Double Tap+1","Pummel+1","Brutality","Headbutt+1","Headbutt+1","Heavy Blade+1","Anger+1","Anger+1","Combust"],"relics":["Burning Blood","Mercury Hourglass","Molten Egg 2","Membership Card","Pear","Runic Cube","Gremlin Horn","Sundial"],"potions_floor_usage":[23,23],"damage_taken":[{"damage":5,"enemies":"Cultist","floor":1,"turns":4},{"damage":10,"enemies":"Jaw Worm","floor":2,"turns":4},{"damage":0,"enemies":"Small Slimes","floor":4,"turns":2},{"damage":2,"enemies":"3 Louse","floor":5,"turns":3},{"damage":16,"enemies":"Large Slime","floor":7,"turns":6},{"damage":20,"enemies":"Gremlin Gang","floor":10,"turns":5},{"damage":2,"enemies":"Blue Slaver","floor":11,"turns":2},{"damage":37,"enemies":"Lagavulin","floor":14,"turns":6},{"damage":52,"enemies":"The Guardian","floor":16,"turns":9},{"damage":20,"enemies":"Spheric Guardian","floor":18,"turns":4},{"damage":40,"enemies":"Shell Parasite","floor":22,"turns":5},{"damage":50,"enemies":"Slavers","floor":23,"turns":5},{"damage":28,"enemies":"Snake Plant","floor":25,"turns":4},{"damage":23,"enemies":"Centurion and Healer","floor":28,"turns":5},{"damage":21,"enemies":"Snecko","floor":30,"turns":4},{"damage":106,"enemies":"Automaton","floor":33,"turns":6}],"seed_played":"4663100994958769440","potions_obtained":[{"floor":1,"key":"Poison Potion"},{"floor":11,"key":"Regen Potion"},{"floor":14,"key":"EssenceOfSteel"},{"floor":16,"key":"FearPotion"},{"floor":22,"key":"AttackPotion"}],"is_trial":false,"path_per_floor":["M","M","?","M","M","R","M","?","T","M","M","$","R","E","R","B",null,"M","?","$","?","M","E","R","M","T","R","M","R","M","$","R","B"],"character_chosen":"IRONCLAD","items_purchased":["Rampage+1","Membership Card","Brutality","Combust"],"campfire_rested":3,"item_purchase_floors":[12,12,20,31],"current_hp_per_floor":[88,84,84,88,88,88,78,67,67,53,57,57,57,36,65,19,98,84,84,84,84,62,38,67,45,45,45,45,45,37,37,66,0],"gold":45,"neow_bonus":"TEN_PERCENT_HP_BONUS","is_prod":false,"is_daily":false,"chose_seed":false,"campfire_upgraded":4,"win_rate":0,"timestamp":1569762655,"path_taken":["M","?","?","?","M","R","M","?","T","M","M","$","R","E","R","BOSS","M","?","$","?","M","E","R","M","T","R","M","R","M","$","R","BOSS"],"build_version":"2019-07-17","purchased_purges":3,"victory":false,"max_hp_per_floor":[88,88,88,88,88,88,88,88,88,88,88,88,88,98,98,98,98,98,98,98,98,98,98,98,98,98,98,98,98,98,98,98,98],"card_choices":[{"not_picked":["Warcry","Armaments"],"picked":"Headbutt","floor":1},{"not_picked":["Body Slam","Feel No Pain"],"picked":"Corruption","floor":2},{"not_picked":["Body Slam","Pommel Strike"],"picked":"Burning Pact","floor":4},{"not_picked":["Sword Boomerang","Body Slam"],"picked":"Rupture","floor":5},{"not_picked":["Thunderclap","Twin Strike"],"picked":"Sentinel","floor":7},{"not_picked":["Intimidate","Pommel Strike+1"],"picked":"Flex","floor":10},{"not_picked":["Warcry","Thunderclap+1"],"picked":"Searing Blow+1","floor":11},{"not_picked":["Entrench","Sever Soul+1"],"picked":"Reaper+1","floor":14},{"not_picked":["Fiend Fire+1","Exhume"],"picked":"Double Tap","floor":16},{"not_picked":["Dual Wield","Thunderclap+1"],"picked":"Pummel+1","floor":18},{"not_picked":["Flex","Sentinel"],"picked":"Headbutt+1","floor":22},{"not_picked":["Impervious","Power Through"],"picked":"Headbutt+1","floor":23},{"not_picked":["Infernal Blade","Spot Weakness+1"],"picked":"Heavy Blade+1","floor":25},{"not_picked":["Iron Wave+1","Dual Wield"],"picked":"Anger+1","floor":28},{"not_picked":["Ghostly Armor","Shrug It Off"],"picked":"Anger+1","floor":30}],"player_experience":227619,"relics_obtained":[{"floor":9,"key":"Molten Egg 2"},{"floor":14,"key":"Pear"},{"floor":23,"key":"Gremlin Horn"},{"floor":26,"key":"Sundial"}],"event_choices":[{"damage_healed":0,"gold_gain":0,"player_choice":"Gave Potion","damage_taken":0,"relics_obtained":["Mercury Hourglass"],"max_hp_gain":0,"max_hp_loss":0,"event_name":"WeMeetAgain","floor":3,"gold_loss":0},{"damage_healed":0,"gold_gain":75,"player_choice":"Gather Gold","damage_taken":11,"max_hp_gain":0,"max_hp_loss":0,"event_name":"World of Goop","floor":8,"gold_loss":0},{"damage_healed":0,"gold_gain":0,"player_choice":"Ignored","damage_taken":0,"max_hp_gain":0,"max_hp_loss":0,"event_name":"Ghosts","floor":19,"gold_loss":0},{"damage_healed":0,"gold_gain":0,"player_choice":"Upgraded Two","damage_taken":0,"max_hp_gain":0,"max_hp_loss":0,"event_name":"Designer","floor":21,"gold_loss":40,"cards_upgraded":["Strike_R","Strike_R"]}],"is_beta":false,"boss_relics":[{"not_picked":["Snecko Eye","Cursed Key"],"picked":"Runic Cube"}],"items_purged_floors":[12,20,31],"is_endless":false,"potions_floor_spawned":[1,11,14,16,18,22],"killed_by":"Automaton","ascension_level":0}