{"gold_per_floor":[118,134,134,284,67,123,134,167,167,193,193,227,227],"floor_reached":13,"playtime":562,"items_purged":["Doubt"],"score":202,"play_id":"c53343ac-2d3a-480c-b814-651e67b015b6","local_time":"20190228154316","is_ascension_mode":true,"campfire_choices":[{"floor":11,"key":"REST"}],"neow_cost":"NONE","seed_source_timestamp":24223317117104,"circlet_count":0,"master_deck":["AscendersBane","Defend_G","Defend_G","Defend_G","Defend_G","Defend_G","Strike_G","Strike_G","Strike_G","Strike_G","Strike_G","Survivor","Neutralize","Deadly Poison+1","PiercingWail","Well Laid Plans","Quick Slash","Deadly Poison","Calculated Gamble","Dagger Spray"],"relics":["Ring of the Snake","Tiny Chest","Nunchaku","Shuriken","Lantern","Art of War"],"potions_floor_usage":[6],"damage_taken":[{"damage":6,"enemies":"Jaw Worm","floor":1,"turns":7},{"damage":2,"enemies":"2 Louse","floor":2,"turns":3},{"damage":9,"enemies":"3 Sentries","floor":6,"turns":13},{"damage":1,"enemies":"Small Slimes","floor":7,"turns":3},{"damage":28,"enemies":"Lagavulin","floor":8,"turns":7},{"damage":29,"enemies":"Gremlin Nob","floor":12,"turns":4},{"damage":11,"enemies":"Gremlin Gang","floor":13,"turns":2}],"seed_played":"-5211079637532875980","potions_obtained":[{"floor":1,"key":"PowerPotion"}],"is_trial":false,"path_per_floor":["M","M","?","?","$","E","M","E","T","T","R","E","M"],"character_chosen":"THE_SILENT","items_purchased":["Well Laid Plans","Quick Slash"],"campfire_rested":1,"item_purchase_floors":[5,5],"current_hp_per_floor":[59,57,57,57,57,48,47,19,19,19,40,11,0],"gold":227,"neow_bonus":"TEN_PERCENT_HP_BONUS","is_prod":false,"is_daily":false,"chose_seed":false,"campfire_upgraded":0,"win_rate":0,"timestamp":1551364996,"path_taken":["M","M","?","?","$","E","M","E","T","?","R","E","M"],"build_version":"2019-01-23","purchased_purges":1,"victory":false,"max_hp_per_floor":[72,72,72,72,72,72,72,72,72,72,72,72,72],"card_choices":[{"not_picked":["Accuracy","Sucker Punch"],"picked":"Deadly Poison","floor":1},{"not_picked":["Outmaneuver","Sucker Punch"],"picked":"PiercingWail","floor":2},{"not_picked":["Choke","Cloak And Dagger","Deflect"],"picked":"SKIP","floor":6},{"not_picked":["Cloak And Dagger","Sucker Punch"],"picked":"Deadly Poison","floor":7},{"not_picked":["Deadly Poison","Caltrops"],"picked":"Calculated Gamble","floor":8},{"not_picked":["Quick Slash","Deflect"],"picked":"Dagger Spray","floor":12}],"player_experience":1345569,"relics_obtained":[{"floor":6,"key":"Tiny Chest"},{"floor":8,"key":"Nunchaku"},{"floor":9,"key":"Shuriken"},{"floor":10,"key":"Lantern"},{"floor":12,"key":"Art of War"}],"event_choices":[{"damage_healed":0,"gold_gain":0,"player_choice":"Grow","damage_taken":0,"max_hp_gain":0,"max_hp_loss":0,"event_name":"Living Wall","floor":3,"gold_loss":0,"cards_upgraded":["Deadly Poison"]},{"damage_healed":0,"gold_gain":150,"player_choice":"AGREE","damage_taken":0,"max_hp_gain":0,"max_hp_loss":0,"event_name":"Liars Game","floor":4,"gold_loss":0,"cards_obtained":["Doubt"]}],"is_beta":false,"boss_relics":[],"items_purged_floors":[5],"is_endless":false,"potions_floor_spawned":[1],"killed_by":"Gremlin Gang","ascension_level":20}