{"gold_per_floor":[116,126,139,139,139,139,165,182,182,32,32],"floor_reached":11,"playtime":2275,"items_purged":[],"score":113,"play_id":"03ee97cd-2e0a-4b5b-898a-8dcfc334894d","local_time":"20180928211150","is_ascension_mode":true,"campfire_choices":[{"data":"Neutralize","floor":6.0,"key":"SMITH"}],"neow_cost":"NONE","seed_source_timestamp":0,"circlet_count":0,"master_deck":["Defend_G","Defend_G","Defend_G","Defend_G","Defend_G","Strike_G","Strike_G","Strike_G","Strike_G","Strike_G","Survivor","Neutralize+1","AscendersBane","Caltrops","Poisoned Stab","Distraction","Dash"],"special_seed":0,"relics":["Philosopher\u0027s Stone","PreservedInsect","Singing Bowl","Ancient Tea Set","Juzu Bracelet"],"potions_floor_usage":[11],"damage_taken":[{"damage":1.0,"enemies":"2 Louse","floor":1.0,"turns":3.0},{"damage":7.0,"enemies":"Small Slimes","floor":2.0,"turns":4.0},{"damage":3.0,"enemies":"Cultist","floor":3.0,"turns":4.0},{"damage":32.0,"enemies":"Lagavulin","floor":7.0,"turns":7.0},{"damage":10.0,"enemies":"2 Fungi Beasts","floor":8.0,"turns":5.0},{"damage":9,"enemies":"Gremlin Gang","floor":11,"turns":2}],"seed_played":"-1548910490872534399","potions_obtained":[{"floor":3.0,"key":"Swift Potion"},{"floor":5.0,"key":"Ancient Potion"},{"floor":5.0,"key":"Dexterity Potion"},{"floor":8.0,"key":"SkillPotion"}],"is_trial":false,"path_per_floor":["M","M","M","?","?","R","E","M","T","$"],"character_chosen":"THE_SILENT","items_purchased":["Juzu Bracelet"],"campfire_rested":0,"item_purchase_floors":[10],"current_hp_per_floor":[62,55,52,49,49,49,17,9,9,9,0],"gold":32,"neow_bonus":"BOSS_RELIC","is_prod":false,"is_daily":false,"chose_seed":false,"campfire_upgraded":1,"win_rate":0,"timestamp":1538161910,"path_taken":["M","M","M","?","?","R","E","M","T","?","M"],"build_version":"2018-09-27","purchased_purges":0,"victory":false,"max_hp_per_floor":[70,70,70,70,70,70,70,72,72,72,72],"card_choices":[{"not_picked":["Slice","Sucker Punch"],"picked":"Caltrops","floor":1.0},{"not_picked":["Blur","Outmaneuver"],"picked":"Poisoned Stab","floor":2.0},{"not_picked":["Eviscerate","Quick Slash"],"picked":"Distraction","floor":3.0},{"not_picked":["Bouncing Flask","Outmaneuver"],"picked":"Dash","floor":7.0},{"not_picked":["Concentrate","Poisoned Stab","Setup"],"picked":"Singing Bowl","floor":8.0}],"player_experience":547288,"relics_obtained":[{"floor":7.0,"key":"Singing Bowl"},{"floor":9.0,"key":"Ancient Tea Set"}],"event_choices":[{"event_name":"Scrap Ooze","player_choice":"success","floor":4.0,"damage_taken":3.0},{"event_name":"The Lab","player_choice":"Got Potions","floor":5.0,"damage_taken":0.0}],"is_beta":true,"boss_relics":[],"items_purged_floors":[],"is_endless":false,"potions_floor_spawned":[3,8],"killed_by":"Gremlin Gang","ascension_level":11}