{"gold_per_floor":[114,133,153,167,69,69,103,103,103,103,123,135,135,165,165,260,260,274,285,385,300,130,160,70,87,87,113,123,100,110,123,123,225,275,285,16,26,0,16,42,42,77,77,108,108,108,125,138,138,138],"floor_reached":51,"playtime":20897,"items_purged":["Strike_G","Defend_G","Strike_G"],"score":914,"play_id":"8d893cdb-6efb-469e-a5fb-8ef1bdea3e30","local_time":"20190209184915","is_ascension_mode":false,"campfire_choices":[{"data":"Prepared","floor":6.0,"key":"SMITH"},{"data":"Neutralize","floor":8.0,"key":"SMITH"},{"data":"Reflex","floor":13.0,"key":"SMITH"},{"data":"Dagger Throw","floor":15.0,"key":"SMITH"},{"data":"Tactician","floor":32.0,"key":"SMITH"},{"floor":41,"key":"REST"},{"floor":46,"key":"REST"},{"data":"Choke","floor":49,"key":"SMITH"}],"neow_cost":"NONE","seed_source_timestamp":0,"circlet_count":0,"master_deck":["Defend_G+1","Defend_G+1","Defend_G","Strike_G","Survivor","Neutralize+1","Dagger Throw+1","Prepared+1","PiercingWail","Well Laid Plans","Acrobatics","PiercingWail","Reflex+1","Adrenaline+1","Deflect+1","Terror+1","Footwork","Endless Agony","Tactician+1","Acrobatics","Choke+1","Infinite Blades","Quick Slash","Calculated Gamble+1","Prepared+1","Tools of the Trade","Escape Plan","Prepared","Tactician+1","Prepared+1"],"special_seed":0,"relics":["Ring of the Snake","Ornamental Fan","Ninja Scroll","Kunai","Black Star","Du-Vu Doll","Matryoshka","Dodecahedron","Bird Faced Urn","Bottled Flame","Blood Vial","Sundial","Potion Belt","Happy Flower","Tiny House","War Paint","Red Mask","Nunchaku","Paper Crane","Bronze Scales","Bottled Lightning","Oddly Smooth Stone","Smiling Mask","Boot","Lantern"],"potions_floor_usage":[40,40,44,50,50],"damage_taken":[{"damage":6.0,"enemies":"Cultist","floor":1.0,"turns":6.0},{"damage":0.0,"enemies":"Jaw Worm","floor":2.0,"turns":4.0},{"damage":0.0,"enemies":"2 Louse","floor":3.0,"turns":3.0},{"damage":4.0,"enemies":"Blue Slaver","floor":4.0,"turns":5.0},{"damage":20.0,"enemies":"3 Sentries","floor":7.0,"turns":13.0},{"damage":5.0,"enemies":"Exordium Thugs","floor":11.0,"turns":5.0},{"damage":0.0,"enemies":"2 Fungi Beasts","floor":12.0,"turns":4.0},{"damage":5.0,"enemies":"Lagavulin","floor":14.0,"turns":10.0},{"damage":3.0,"enemies":"Hexaghost","floor":16.0,"turns":16.0},{"damage":2.0,"enemies":"Chosen","floor":18.0,"turns":8.0},{"damage":0.0,"enemies":"Shell Parasite","floor":19.0,"turns":7.0},{"damage":5.0,"enemies":"Colosseum Slavers","floor":20.0,"turns":7.0},{"damage":3.0,"enemies":"Colosseum Nobs","floor":20.0,"turns":9.0},{"damage":1.0,"enemies":"Slavers","floor":23.0,"turns":11.0},{"damage":0.0,"enemies":"Chosen and Byrds","floor":25.0,"turns":5.0},{"damage":0.0,"enemies":"Book of Stabbing","floor":27.0,"turns":5.0},{"damage":0.0,"enemies":"Snecko","floor":28.0,"turns":3.0},{"damage":0.0,"enemies":"Centurion and Healer","floor":30.0,"turns":4.0},{"damage":0.0,"enemies":"Cultist and Chosen","floor":31.0,"turns":3.0},{"damage":0.0,"enemies":"Automaton","floor":33.0,"turns":8.0},{"damage":3,"enemies":"3 Shapes","floor":35,"turns":3},{"damage":0,"enemies":"3 Darklings","floor":37,"turns":3},{"damage":25,"enemies":"4 Shapes","floor":39,"turns":5},{"damage":6,"enemies":"Reptomancer","floor":40,"turns":7},{"damage":5,"enemies":"Giant Head","floor":42,"turns":7},{"damage":17,"enemies":"Nemesis","floor":44,"turns":5},{"damage":0,"enemies":"Writhing Mass","floor":47,"turns":3},{"damage":0,"enemies":"3 Darklings","floor":48,"turns":5},{"damage":16,"enemies":"Time Eater","floor":50,"turns":12}],"seed_played":"7280424179432827007","potions_obtained":[{"floor":7.0,"key":"GamblersBrew"},{"floor":11.0,"key":"Dexterity Potion"},{"floor":12.0,"key":"Ancient Potion"},{"floor":14.0,"key":"LiquidBronze"},{"floor":16.0,"key":"Block Potion"},{"floor":19.0,"key":"Weak Potion"},{"floor":27.0,"key":"Swift Potion"},{"floor":30.0,"key":"LiquidBronze"},{"floor":31.0,"key":"Strength Potion"},{"floor":34,"key":"Weak Potion"},{"floor":39,"key":"Energy Potion"},{"floor":40,"key":"Fire Potion"},{"floor":44,"key":"GamblersBrew"},{"floor":47,"key":"GhostInAJar"}],"is_trial":false,"path_per_floor":["M","M","M","M","$","R","E","R","T","?","M","M","R","E","R","B",null,"M","M","?","?","$","E","?","M","T","E","M","$","M","M","R","B",null,"M","$","M","?","M","E","R","E","T","E","?","R","M","M","R","B",null],"character_chosen":"THE_SILENT","items_purchased":["Acrobatics","Endless Agony","Quick Slash","War Paint"],"campfire_rested":2,"item_purchase_floors":[5,22,29,36],"current_hp_per_floor":[64,64,64,60,60,60,40,40,40,40,35,35,35,30,30,27,70,68,68,60,60,60,59,59,63,63,69,70,70,70,70,70,70,75,74,74,75,75,52,54,75,70,70,58,58,75,75,75,75,63],"gold":138,"neow_bonus":"REMOVE_CARD","is_prod":false,"is_daily":false,"chose_seed":false,"campfire_upgraded":6,"win_rate":0.0,"timestamp":1549766955,"path_taken":["M","M","?","M","$","R","E","R","T","?","M","M","R","E","R","BOSS","M","M","?","?","$","E","?","M","T","E","M","$","M","M","R","BOSS","M","$","M","?","M","E","R","E","T","E","?","R","M","M","R","BOSS"],"build_version":"2019-01-23","purchased_purges":3,"victory":true,"max_hp_per_floor":[70,70,70,70,70,70,70,70,70,70,70,70,70,70,70,70,70,70,70,70,70,70,70,70,70,70,70,70,70,70,70,70,70,75,75,75,75,75,75,75,75,75,75,75,75,75,75,75,75,75],"card_choices":[{"not_picked":["Poisoned Stab","Flying Knee"],"picked":"Dagger Throw","floor":1.0},{"not_picked":["Choke","Deflect"],"picked":"Prepared","floor":2.0},{"not_picked":["Flechettes","Underhanded Strike"],"picked":"PiercingWail","floor":3.0},{"not_picked":["Poisoned Stab","Bane"],"picked":"Well Laid Plans","floor":4.0},{"not_picked":["Wraith Form v2","Deflect"],"picked":"PiercingWail","floor":7.0},{"not_picked":["Backstab","Eviscerate"],"picked":"Reflex","floor":11.0},{"not_picked":["Outmaneuver","Bane","Dodge and Roll"],"picked":"SKIP","floor":12.0},{"not_picked":["Choke","Riddle With Holes","Bane"],"picked":"SKIP","floor":14.0},{"not_picked":["Night Terror","Envenom"],"picked":"Adrenaline","floor":16.0},{"not_picked":["Outmaneuver","Dagger Throw"],"picked":"Deflect+1","floor":18.0},{"not_picked":["Blade Dance+1","Quick Slash"],"picked":"Terror+1","floor":19.0},{"not_picked":["Catalyst+1","Quick Slash"],"picked":"Footwork","floor":20.0},{"not_picked":["Deadly Poison","Phantasmal Killer"],"picked":"Tactician","floor":23.0},{"not_picked":["Deadly Poison","Underhanded Strike"],"picked":"Acrobatics","floor":25.0},{"not_picked":["Catalyst","Bane+1"],"picked":"Choke","floor":27.0},{"not_picked":["Flying Knee","Deflect"],"picked":"Infinite Blades","floor":28.0},{"not_picked":["All Out Attack","Poisoned Stab"],"picked":"Calculated Gamble+1","floor":30.0},{"not_picked":["Unload","Outmaneuver"],"picked":"Prepared+1","floor":31.0},{"not_picked":["Bullet Time","Unload"],"picked":"Tools of the Trade","floor":33.0},{"not_picked":["Flying Knee","Riddle With Holes+1"],"picked":"Escape Plan","floor":34},{"not_picked":["Deadly Poison","Slice","PiercingWail"],"picked":"SKIP","floor":35},{"not_picked":["Underhanded Strike+1","Sucker Punch+1","Acrobatics+1"],"picked":"SKIP","floor":37},{"not_picked":["Deadly Poison+1","Bouncing Flask"],"picked":"Prepared","floor":39},{"not_picked":["Deadly Poison","Dagger Spray","Slice"],"picked":"SKIP","floor":40},{"not_picked":["Phantasmal Killer","Distraction"],"picked":"Tactician+1","floor":42},{"not_picked":["Outmaneuver+1","Predator+1","Blade Dance+1"],"picked":"SKIP","floor":44},{"not_picked":["Deadly Poison","Expertise+1"],"picked":"Prepared+1","floor":47},{"not_picked":["Quick Slash+1","Infinite Blades","Poisoned Stab"],"picked":"SKIP","floor":48}],"player_experience":91369,"relics_obtained":[{"floor":7.0,"key":"Ornamental Fan"},{"floor":9.0,"key":"Ninja Scroll"},{"floor":14.0,"key":"Kunai"},{"floor":20.0,"key":"Du-Vu Doll"},{"floor":20.0,"key":"Matryoshka"},{"floor":23.0,"key":"Bird Faced Urn"},{"floor":23.0,"key":"Bottled Flame"},{"floor":26.0,"key":"Blood Vial"},{"floor":26.0,"key":"Sundial"},{"floor":27.0,"key":"Potion Belt"},{"floor":27.0,"key":"Happy Flower"},{"floor":40,"key":"Nunchaku"},{"floor":40,"key":"Paper Crane"},{"floor":42,"key":"Bronze Scales"},{"floor":42,"key":"Bottled Lightning"},{"floor":43,"key":"Oddly Smooth Stone"},{"floor":43,"key":"Smiling Mask"},{"floor":44,"key":"Boot"},{"floor":44,"key":"Lantern"}],"event_choices":[{"damage_healed":0.0,"max_hp_gain":0.0,"max_hp_loss":0.0,"gold_gain":0.0,"event_name":"The Woman in Blue","player_choice":"Bought 0 Potions","floor":10.0,"gold_loss":0.0,"damage_taken":0.0},{"damage_healed":0.0,"max_hp_gain":0.0,"max_hp_loss":0.0,"gold_gain":0.0,"event_name":"Colosseum","player_choice":"Fight","floor":20.0,"gold_loss":0.0,"damage_taken":0.0},{"damage_healed":0.0,"max_hp_gain":0.0,"max_hp_loss":0.0,"gold_gain":0.0,"event_name":"Colosseum","player_choice":"Fought Nobs","floor":20.0,"gold_loss":0.0,"damage_taken":0.0},{"damage_healed":0.0,"max_hp_gain":0.0,"max_hp_loss":0.0,"gold_gain":0.0,"event_name":"Addict","player_choice":"Obtained Relic","floor":21.0,"gold_loss":85.0,"damage_taken":0.0,"relics_obtained":["Dodecahedron"]},{"cards_removed":["Defend_G"],"damage_healed":0.0,"max_hp_gain":0.0,"max_hp_loss":0.0,"gold_gain":0.0,"event_name":"Designer","player_choice":"Upgrade and Remove","floor":24.0,"gold_loss":90.0,"damage_taken":0.0,"cards_upgraded":["Adrenaline"]},{"damage_healed":0,"gold_gain":0,"player_choice":"Paid","damage_taken":0,"relics_obtained":["Red Mask"],"max_hp_gain":0,"max_hp_loss":0,"event_name":"Tomb of Lord Red Mask","floor":38,"gold_loss":26},{"cards_removed":["Strike_G"],"damage_healed":0,"gold_gain":0,"player_choice":"Removed Attack","damage_taken":0,"max_hp_gain":0,"max_hp_loss":0,"event_name":"Falling","floor":45,"gold_loss":0}],"is_beta":false,"boss_relics":[{"not_picked":["HoveringKite","Busted Crown"],"picked":"Black Star"},{"not_picked":["Cursed Key","White Beast Statue"],"picked":"Tiny House"}],"items_purged_floors":[5,22,36],"is_endless":false,"potions_floor_spawned":[7,11,12,14,16,19,20,27,30,31,39,40,44,47],"ascension_level":0}