{"gold_per_floor":[109,109,129,129,150,150,190,190,262,281,50,89,89,3,3,101,101,126,151,51,75,75],"floor_reached":22,"playtime":828,"items_purged":["Strike_G","Strike_G"],"score":388,"play_id":"5f554d10-b91d-4d2b-9941-c747bc5e225d","local_time":"20190129122046","is_ascension_mode":true,"campfire_choices":[{"data":"Neutralize","floor":6,"key":"SMITH"},{"data":"Deadly Poison","floor":8,"key":"SMITH"},{"data":"Footwork","floor":15,"key":"SMITH"}],"neow_cost":"NONE","seed_source_timestamp":3109282684608,"circlet_count":0,"master_deck":["AscendersBane","Inflame","Defend_G","Defend_G","Defend_G","Defend_G","Defend_G","Strike_G","Strike_G","Strike_G","Survivor","Neutralize+1","Dodge and Roll","Footwork+1","Dagger Throw","Deadly Poison+1","Catalyst","Noxious Fumes+1","Backstab","Dash","Catalyst","Night Terror","Deadly Poison","Blur","Escape Plan"],"relics":["Ring of the Snake","NeowsBlessing","Golden Idol","hubris:Towel","PreservedInsect","Sundial","Oddly Smooth Stone","Sozu"],"potions_floor_usage":[21],"damage_taken":[{"damage":0,"enemies":"Cultist","floor":1,"turns":1},{"damage":0,"enemies":"Small Slimes","floor":3,"turns":1},{"damage":0,"enemies":"Jaw Worm","floor":5,"turns":1},{"damage":33,"enemies":"3 Sentries","floor":7,"turns":13},{"damage":1,"enemies":"Large Slime","floor":10,"turns":6},{"damage":10,"enemies":"Lagavulin","floor":12,"turns":5},{"damage":9,"enemies":"The Guardian","floor":16,"turns":8},{"damage":17,"enemies":"Spheric Guardian","floor":18,"turns":7},{"damage":6,"enemies":"Shell Parasite","floor":19,"turns":5},{"damage":14,"enemies":"Centurion and Healer","floor":21,"turns":7},{"damage":17,"enemies":"Cultist and Chosen","floor":22,"turns":3}],"seed_played":"4154151246781754452","potions_obtained":[{"floor":1,"key":"Energy Potion"},{"floor":7,"key":"Block Potion"}],"is_trial":false,"path_per_floor":["M","?","M","?","M","R","E","R","T","M","$","E","?","$","R","B",null,"M","M","$","M","M"],"character_chosen":"THE_SILENT","items_purchased":["Noxious Fumes","Backstab","Catalyst"],"campfire_rested":0,"item_purchase_floors":[11,11,14],"current_hp_per_floor":[59,59,59,59,59,59,26,26,26,25,25,15,15,15,15,6,47,30,24,24,10,0],"gold":75,"neow_bonus":"THREE_ENEMY_KILL","is_prod":false,"is_daily":false,"chose_seed":false,"campfire_upgraded":3,"win_rate":0,"timestamp":1548760846,"path_taken":["M","?","M","?","?","R","E","R","T","M","?","E","?","?","R","BOSS","M","M","$","M","M"],"build_version":"2019-01-23","purchased_purges":2,"victory":false,"max_hp_per_floor":[66,60,60,60,60,60,60,60,60,60,60,60,60,60,60,60,60,60,60,60,60,60],"card_choices":[{"not_picked":["Tactician","Cloak And Dagger"],"picked":"Dodge and Roll","floor":1},{"not_picked":["Quick Slash","Terror"],"picked":"Footwork","floor":3},{"not_picked":["PiercingWail","Blade Dance"],"picked":"Dagger Throw","floor":5},{"not_picked":["A Thousand Cuts","hubris:Sniper"],"picked":"Deadly Poison","floor":7},{"not_picked":["Poisoned Stab","Dodge and Roll"],"picked":"Catalyst","floor":10},{"not_picked":["Concentrate","Reflex"],"picked":"Dash","floor":12},{"not_picked":["Burst","Tools of the Trade"],"picked":"Night Terror","floor":16},{"not_picked":["Acrobatics","Tactician+1"],"picked":"Deadly Poison","floor":18},{"not_picked":["Outmaneuver","Sucker Punch+1"],"picked":"Blur","floor":19},{"not_picked":["hubris:SlightOfHand","Dodge and Roll"],"picked":"Escape Plan","floor":21}],"player_experience":1175491,"relics_obtained":[{"floor":7,"key":"PreservedInsect"},{"floor":9,"key":"Sundial"},{"floor":12,"key":"Oddly Smooth Stone"}],"event_choices":[{"damage_healed":0,"gold_gain":0,"player_choice":"Lose Max HP","damage_taken":0,"relics_obtained":["Golden Idol"],"max_hp_gain":0,"max_hp_loss":6,"event_name":"Golden Idol","floor":2,"gold_loss":0},{"damage_healed":0,"gold_gain":0,"player_choice":"Grow","damage_taken":0,"max_hp_gain":0,"max_hp_loss":0,"event_name":"Living Wall","floor":13,"gold_loss":0,"cards_upgraded":["Noxious Fumes"]}],"is_beta":false,"boss_relics":[{"not_picked":["Ring of the Serpent","Fusion Hammer"],"picked":"Sozu"}],"items_purged_floors":[11,20],"is_endless":false,"potions_floor_spawned":[1,7,19,21],"killed_by":"Cultist and Chosen","ascension_level":20}