{"gold_per_floor":[114,30,53,69,49,106,106,122,122,156,171,171,197,208,208,285,285,300,300,145,145,161,161],"floor_reached":23,"playtime":2021,"items_purged":["Strike_G"],"score":468,"play_id":"56e4df1f-c907-48dc-80e2-caaa63f54eb8","local_time":"20190516092125","is_ascension_mode":true,"campfire_choices":[{"data":"Skewer","floor":7,"key":"SMITH"},{"data":"Footwork","floor":12,"key":"SMITH"},{"data":"Footwork","floor":15,"key":"SMITH"}],"neow_cost":"NONE","seed_source_timestamp":4140867941461,"circlet_count":0,"master_deck":["AscendersBane","Defend_G","Defend_G","Defend_G","Defend_G","Defend_G","Strike_G+1","Strike_G+1","Strike_G","Survivor","Neutralize","Predator","Footwork+1","Skewer+1","Footwork+1","PiercingWail","Well Laid Plans","Backstab","Dodge and Roll","Envenom","Bouncing Flask","Acrobatics","Backflip"],"relics":["Ring of the Snake","NeowsBlessing","Bronze Scales","Tiny Chest","Meat on the Bone","Potion Belt","Whetstone","Snecko Eye"],"potions_floor_usage":[16,19,23],"damage_taken":[{"damage":0,"enemies":"Cultist","floor":1,"turns":1},{"damage":0,"enemies":"Small Slimes","floor":4,"turns":1},{"damage":0,"enemies":"Lagavulin","floor":6,"turns":1},{"damage":0,"enemies":"2 Louse","floor":8,"turns":2},{"damage":22,"enemies":"3 Sentries","floor":10,"turns":10},{"damage":13,"enemies":"2 Fungi Beasts","floor":11,"turns":5},{"damage":10,"enemies":"Lagavulin","floor":13,"turns":9},{"damage":5,"enemies":"Lots of Slimes","floor":14,"turns":3},{"damage":16,"enemies":"Slime Boss","floor":16,"turns":9},{"damage":8,"enemies":"Shell Parasite","floor":18,"turns":7},{"damage":10,"enemies":"Masked Bandits","floor":19,"turns":3},{"damage":7,"enemies":"Spheric Guardian","floor":22,"turns":6},{"damage":58,"enemies":"Slavers","floor":23,"turns":4}],"seed_played":"-7708796457460448171","potions_obtained":[{"floor":1,"key":"Fire Potion"},{"floor":4,"key":"Regen Potion"},{"floor":14,"key":"SmokeBomb"},{"floor":16,"key":"LiquidBronze"}],"is_trial":false,"path_per_floor":["M","$","T","M","?","E","R","M","T","E","M","R","E","M","R","B",null,"M","?","$","?","M","E"],"character_chosen":"THE_SILENT","items_purchased":["Footwork","Bouncing Flask"],"campfire_rested":0,"item_purchase_floors":[2,20],"current_hp_per_floor":[59,59,59,59,59,59,59,59,59,37,36,36,38,45,45,41,60,52,42,42,42,35,0],"gold":161,"neow_bonus":"THREE_ENEMY_KILL","is_prod":false,"is_daily":false,"chose_seed":false,"campfire_upgraded":3,"win_rate":0,"timestamp":1557991285,"path_taken":["M","?","?","M","?","E","R","M","T","E","?","R","E","M","R","BOSS","M","?","$","?","?","E"],"build_version":"2019-01-23","purchased_purges":1,"victory":false,"max_hp_per_floor":[66,66,66,66,66,66,66,66,66,66,66,66,66,66,66,66,66,66,66,66,66,66,66],"card_choices":[{"not_picked":["Dodge and Roll","Prepared"],"picked":"Predator","floor":1},{"not_picked":["Blade Dance","Tactician"],"picked":"Skewer","floor":4},{"not_picked":["Bane","Quick Slash"],"picked":"Footwork","floor":6},{"not_picked":["Underhanded Strike","Bane"],"picked":"PiercingWail","floor":8},{"not_picked":["Bullet Time","Escape Plan"],"picked":"Well Laid Plans","floor":10},{"not_picked":["Quick Slash","Dagger Throw"],"picked":"Backstab","floor":11},{"not_picked":["Masterful Stab","Bullet Time","Slice"],"picked":"SKIP","floor":13},{"not_picked":["Slice","Endless Agony"],"picked":"Dodge and Roll","floor":14},{"not_picked":["Tools of the Trade","Storm of Steel"],"picked":"Envenom","floor":16},{"not_picked":["Backstab","Outmaneuver","Bane"],"picked":"SKIP","floor":18},{"not_picked":["Poisoned Stab","Finisher"],"picked":"Backflip","floor":22}],"player_experience":1691547,"relics_obtained":[{"floor":3,"key":"Bronze Scales"},{"floor":6,"key":"Tiny Chest"},{"floor":9,"key":"Meat on the Bone"},{"floor":10,"key":"Potion Belt"},{"floor":13,"key":"Whetstone"}],"event_choices":[{"damage_healed":0,"gold_gain":0,"player_choice":"Bought 1 Potion","damage_taken":0,"max_hp_gain":0,"max_hp_loss":0,"event_name":"The Woman in Blue","floor":5,"gold_loss":0},{"damage_healed":0,"gold_gain":0,"player_choice":"Fought Bandits","damage_taken":0,"max_hp_gain":0,"max_hp_loss":0,"event_name":"Masked Bandits","floor":19,"gold_loss":0},{"damage_healed":0,"gold_gain":0,"cards_transformed":["Strike_G"],"player_choice":"Transformed","damage_taken":0,"max_hp_gain":0,"max_hp_loss":0,"event_name":"Transmorgrifier","floor":21,"gold_loss":0,"cards_obtained":["Acrobatics"]}],"is_beta":false,"boss_relics":[{"not_picked":["Empty Cage","Cursed Key"],"picked":"Snecko Eye"}],"items_purged_floors":[20],"is_endless":false,"potions_floor_spawned":[1,4,14,16,19],"killed_by":"Slavers","ascension_level":20}