{"gold_per_floor":[113,125,138,155,155,187,187,202,226,69,69,88,88,10,10,107,107,124,135,135,135,145,145,145],"floor_reached":24,"playtime":647,"items_purged":["Strike_B"],"score":198,"play_id":"aa812a81-c092-4599-b8bc-7aaf99ef82a5","local_time":"20190611015725","is_ascension_mode":false,"campfire_choices":[{"floor":11,"key":"REST"},{"data":"Zap","floor":13,"key":"SMITH"},{"floor":15,"key":"REST"},{"floor":23,"key":"REST"}],"neow_cost":"NONE","seed_source_timestamp":1217391789184829,"circlet_count":0,"master_deck":["Strike_B+1","Strike_B","Defend_B+1","Defend_B","Defend_B","Defend_B","Zap+1","Dualcast","Ball Lightning","Force Field","Conserve Battery+1","Leap","Redo+1","Capacitor","Consume","Ball Lightning","Defragment","Machine Learning","Melter","Melter","Conserve Battery","Static Discharge+1","Loop","Defragment"],"relics":["Cracked Core","NeowsBlessing","Singing Bowl","War Paint","Orrery"],"potions_floor_usage":[6,6,19,22],"damage_taken":[{"damage":0,"enemies":"Small Slimes","floor":1,"turns":1},{"damage":0,"enemies":"Jaw Worm","floor":2,"turns":1},{"damage":0,"enemies":"Cultist","floor":3,"turns":1},{"damage":14,"enemies":"Lots of Slimes","floor":4,"turns":4},{"damage":24,"enemies":"Gremlin Nob","floor":6,"turns":5},{"damage":0,"enemies":"Large Slime","floor":8,"turns":4},{"damage":11,"enemies":"Looter","floor":12,"turns":3},{"damage":5,"enemies":"The Guardian","floor":16,"turns":8},{"damage":41,"enemies":"2 Thieves","floor":18,"turns":4},{"damage":15,"enemies":"Chosen","floor":19,"turns":4},{"damage":27,"enemies":"Snecko","floor":22,"turns":4},{"damage":34,"enemies":"Book of Stabbing","floor":24,"turns":4}],"seed_played":"5965135420571196901","potions_obtained":[{"floor":1,"key":"Poison Potion"},{"floor":4,"key":"AttackPotion"},{"floor":8,"key":"FearPotion"},{"floor":16,"key":"Regen Potion"},{"floor":18,"key":"AttackPotion"}],"is_trial":false,"path_per_floor":["M","M","M","M","?","E","?","M","T","$","R","M","R","$","R","B",null,"M","M","?","?","M","R","E"],"character_chosen":"DEFECT","items_purchased":["Consume","Defragment"],"campfire_rested":3,"item_purchase_floors":[10,14],"current_hp_per_floor":[75,75,75,61,54,30,15,15,15,15,37,26,26,26,48,43,79,38,35,35,35,10,34,0],"gold":145,"neow_bonus":"THREE_ENEMY_KILL","is_prod":false,"is_daily":false,"chose_seed":false,"campfire_upgraded":1,"win_rate":0,"timestamp":1560189445,"path_taken":["M","M","M","M","?","E","?","M","T","$","R","M","R","$","R","BOSS","M","M","?","?","?","R","E"],"build_version":"2019-01-23","purchased_purges":1,"victory":false,"max_hp_per_floor":[75,75,75,75,75,75,75,75,75,75,75,75,75,75,75,75,79,79,79,79,79,81,81,81],"card_choices":[{"not_picked":["FTL","Sweeping Beam"],"picked":"Ball Lightning","floor":1},{"not_picked":["Stack","Tempest"],"picked":"Force Field","floor":2},{"not_picked":["Glacier","Genetic Algorithm"],"picked":"Conserve Battery","floor":3},{"not_picked":["Steam","Hologram"],"picked":"Leap","floor":4},{"not_picked":["Coolheaded","Multi-Cast"],"picked":"Redo","floor":6},{"not_picked":["Fusion","Go for the Eyes"],"picked":"Capacitor","floor":8},{"not_picked":["Beam Cell","Sunder"],"picked":"Ball Lightning","floor":12},{"not_picked":["Biased Cognition","Seek"],"picked":"Machine Learning","floor":16},{"not_picked":["Steam Power","Compile Driver","Blizzard"],"picked":"Singing Bowl","floor":17},{"not_picked":["Sunder","Stack","Chaos"],"picked":"Singing Bowl","floor":17},{"not_picked":["Genetic Algorithm","Reinforced Body"],"picked":"Melter","floor":17},{"not_picked":["Streamline","Compile Driver"],"picked":"Melter","floor":17},{"not_picked":["Tempest","Sunder"],"picked":"Conserve Battery","floor":17},{"not_picked":["Conserve Battery","Fusion"],"picked":"Static Discharge+1","floor":18},{"not_picked":["Cold Snap","Fusion"],"picked":"Loop","floor":19},{"not_picked":["Aggregate","Genetic Algorithm","Gash"],"picked":"Singing Bowl","floor":22}],"player_experience":194789,"relics_obtained":[{"floor":6,"key":"Singing Bowl"},{"floor":9,"key":"War Paint"}],"event_choices":[{"cards_removed":["Strike_B"],"damage_healed":0,"gold_gain":0,"player_choice":"Card Removal","damage_taken":7,"max_hp_gain":0,"max_hp_loss":0,"event_name":"Golden Wing","floor":5,"gold_loss":0},{"damage_healed":0,"gold_gain":0,"player_choice":"Entered Light","damage_taken":15,"max_hp_gain":0,"max_hp_loss":0,"event_name":"Shining Light","floor":7,"gold_loss":0,"cards_upgraded":["Strike_B","Conserve Battery"]},{"damage_healed":0,"gold_gain":0,"player_choice":"Ignored","damage_taken":0,"max_hp_gain":0,"max_hp_loss":0,"event_name":"Ghosts","floor":20,"gold_loss":0},{"damage_healed":0,"gold_gain":0,"player_choice":"Copied","damage_taken":0,"max_hp_gain":0,"max_hp_loss":0,"event_name":"Duplicator","floor":21,"gold_loss":0,"cards_obtained":["Defragment"]}],"is_beta":false,"boss_relics":[{"not_picked":["Tiny House","FrozenCore"],"picked":"Orrery"}],"items_purged_floors":[10],"is_endless":false,"potions_floor_spawned":[1,4,8,16,18],"killed_by":"Book of Stabbing","ascension_level":0}