{"gold_per_floor":[109,109,109,40,55,82,15,15,15,41,58,58,93,106,106,177,177,187,168,179,196,121,121,154,154,180,195,229,229,241,253,253,328,328,339,356,356,372,372,372,89,119,165,191,215,241,253,278,290,302],"floor_reached":51,"playtime":4764,"items_purged":["Strike_G"],"score":1344,"play_id":"f7e5bb1c-f208-4ceb-9ec9-a80ba3d98b9d","local_time":"20181027222752","is_ascension_mode":true,"campfire_choices":[{"data":"Footwork","floor":12.0,"key":"SMITH"},{"data":"Footwork","floor":15.0,"key":"SMITH"},{"data":"Catalyst","floor":23.0,"key":"SMITH"},{"data":"Footwork","floor":25.0,"key":"SMITH"},{"floor":32,"key":"REST"},{"data":"Bouncing Flask","floor":40,"key":"SMITH"},{"data":"Night Terror","floor":47,"key":"SMITH"},{"floor":49,"key":"REST"}],"neow_cost":"NONE","seed_source_timestamp":0,"circlet_count":0,"master_deck":["Defend_G","Defend_G","Defend_G","Defend_G","Defend_G","Strike_G+1","Strike_G","Survivor","Neutralize+1","AscendersBane","Masterful Stab+1","Footwork+1","Noxious Fumes+1","Footwork+1","Well Laid Plans","Leg Sweep","Backstab","Escape Plan","Dodge and Roll","Adrenaline","Caltrops","Catalyst+1","Footwork+1","Escape Plan","Escape Plan","Bouncing Flask+1","Deadly Poison","Catalyst","Night Terror+1","Dodge and Roll+1","Footwork","Bandage Up","Escape Plan","Adrenaline","Footwork+1"],"special_seed":0,"relics":["Ring of the Snake","NeowsBlessing","Snake Skull","Question Card","Whetstone","Regal Pillow","Sozu","Paper Crane","Strawberry","Gambling Chip","Eternal Feather","TwistedFunnel","Happy Flower","Ancient Tea Set","MawBank"],"potions_floor_usage":[31],"damage_taken":[{"damage":0.0,"enemies":"2 Louse","floor":1.0,"turns":1.0},{"damage":0.0,"enemies":"Small Slimes","floor":5.0,"turns":1.0},{"damage":0.0,"enemies":"Gremlin Nob","floor":6.0,"turns":1.0},{"damage":15.0,"enemies":"Lagavulin","floor":10.0,"turns":6.0},{"damage":0.0,"enemies":"Cultist","floor":11.0,"turns":4.0},{"damage":10.0,"enemies":"3 Sentries","floor":13.0,"turns":9.0},{"damage":7.0,"enemies":"3 Louse","floor":14.0,"turns":4.0},{"damage":1.0,"enemies":"The Guardian","floor":16.0,"turns":12.0},{"damage":1.0,"enemies":"3 Byrds","floor":18.0,"turns":4.0},{"damage":3.0,"enemies":"2 Thieves","floor":19.0,"turns":4.0},{"damage":3.0,"enemies":"Snake Plant","floor":20.0,"turns":5.0},{"damage":15.0,"enemies":"Sentry and Sphere","floor":21.0,"turns":5.0},{"damage":5.0,"enemies":"Book of Stabbing","floor":24.0,"turns":6.0},{"damage":4.0,"enemies":"Shelled Parasite and Fungi","floor":27.0,"turns":5.0},{"damage":18.0,"enemies":"Slavers","floor":28.0,"turns":7.0},{"damage":12.0,"enemies":"Centurion and Healer","floor":30.0,"turns":7.0},{"damage":0,"enemies":"Snecko","floor":31,"turns":4},{"damage":7,"enemies":"Champ","floor":33,"turns":8},{"damage":1,"enemies":"3 Shapes","floor":35,"turns":5},{"damage":0,"enemies":"Orb Walker","floor":36,"turns":4},{"damage":1,"enemies":"Spire Growth","floor":38,"turns":4},{"damage":32,"enemies":"Reptomancer","floor":42,"turns":4},{"damage":10,"enemies":"Giant Head","floor":44,"turns":6},{"damage":0,"enemies":"4 Shapes","floor":45,"turns":7},{"damage":15,"enemies":"Jaw Worm Horde","floor":46,"turns":5},{"damage":18,"enemies":"3 Darklings","floor":48,"turns":8},{"damage":38,"enemies":"Donu and Deca","floor":50,"turns":11}],"seed_played":"3516949993121683628","potions_obtained":[{"floor":1.0,"key":"Weak Potion"},{"floor":6.0,"key":"Dexterity Potion"}],"is_trial":false,"path_per_floor":["M","?","?","$","M","E","$","?","T","E","M","R","E","M","R","B",null,"M","M","M","M","?","R","E","R","T","M","E","?","M","M","R","B",null,"M","M","?","M","?","R","$","E","T","E","M","M","R","M","R","B"],"character_chosen":"THE_SILENT","items_purchased":["Footwork","Well Laid Plans","TwistedFunnel"],"campfire_rested":2,"item_purchase_floors":[4,7,41],"current_hp_per_floor":[63,63,63,63,63,63,63,63,63,48,48,48,38,31,31,30,60,59,56,53,38,38,38,33,33,40,36,18,18,6,6,44,37,67,66,66,66,69,69,77,77,45,45,39,43,32,53,39,77,43],"gold":314,"neow_bonus":"THREE_ENEMY_KILL","is_prod":false,"is_daily":false,"chose_seed":false,"campfire_upgraded":6,"win_rate":0,"timestamp":1540672072,"path_taken":["M","?","?","?","?","E","?","?","T","E","M","R","E","?","R","BOSS","M","M","?","M","?","R","E","R","T","M","E","?","?","M","R","BOSS","M","M","?","M","?","R","$","E","T","E","?","M","R","M","R","BOSS"],"build_version":"2018-10-25v2","purchased_purges":1,"victory":true,"max_hp_per_floor":[70,70,70,70,70,70,70,70,70,70,70,70,70,70,70,70,70,70,70,70,70,70,70,70,70,77,77,77,77,77,77,77,77,77,77,77,77,77,77,77,77,77,77,77,77,77,77,77,77,77],"card_choices":[{"not_picked":["Catalyst","Prepared"],"picked":"Masterful Stab","floor":1.0},{"not_picked":["Acrobatics","Flying Knee"],"picked":"Noxious Fumes","floor":5.0},{"not_picked":["Blade Dance","Terror"],"picked":"Footwork","floor":6.0},{"not_picked":["Expertise","Infinite Blades","Poisoned Stab"],"picked":"Leg Sweep","floor":10.0},{"not_picked":["Deflect","Dodge and Roll","Well Laid Plans"],"picked":"Backstab","floor":11.0},{"not_picked":["Leg Sweep","Deadly Poison","Flying Knee"],"picked":"Escape Plan","floor":13.0},{"not_picked":["Quick Slash","Footwork","Slice"],"picked":"Dodge and Roll","floor":14.0},{"not_picked":["After Image","Corpse Explosion","Doppelganger"],"picked":"Adrenaline","floor":16.0},{"not_picked":["Underhanded Strike","Eviscerate","Dodge and Roll"],"picked":"Caltrops","floor":18.0},{"not_picked":["Dodge and Roll","Crippling Poison","Calculated Gamble"],"picked":"Catalyst","floor":19.0},{"not_picked":["Dodge and Roll","Deflect","Blade Dance"],"picked":"Footwork","floor":20.0},{"not_picked":["Blade Dance","Dash","Sucker Punch"],"picked":"Escape Plan","floor":21.0},{"not_picked":["Concentrate","Dagger Throw+1","Sucker Punch","Finisher"],"picked":"SKIP","floor":24.0},{"not_picked":["Quick Slash","Deflect","Storm of Steel"],"picked":"Escape Plan","floor":27.0},{"not_picked":["Distraction","Outmaneuver","Underhanded Strike"],"picked":"Bouncing Flask","floor":28.0},{"not_picked":["Tactician","Expertise","Poisoned Stab"],"picked":"Deadly Poison","floor":30.0},{"not_picked":["Infinite Blades","Dagger Throw","Quick Slash"],"picked":"Catalyst","floor":31},{"not_picked":["Unload","Bullet Time","Grand Finale"],"picked":"Night Terror","floor":33},{"not_picked":["Quick Slash","Underhanded Strike+1","Deadly Poison"],"picked":"Dodge and Roll+1","floor":35},{"not_picked":["Outmaneuver","Quick Slash","Dagger Throw"],"picked":"Footwork","floor":36},{"not_picked":["Forethought","Enlightenment","Swift Strike"],"picked":"Bandage Up","floor":37},{"not_picked":["Underhanded Strike","Night Terror","All Out Attack"],"picked":"Escape Plan","floor":38},{"not_picked":["Underhanded Strike","Eviscerate","Masterful Stab","Blade Dance"],"picked":"SKIP","floor":42},{"not_picked":["Terror","Bane","Blade Dance","Deflect"],"picked":"SKIP","floor":44},{"not_picked":["Underhanded Strike","Tactician+1","PiercingWail+1","Blade Dance"],"picked":"SKIP","floor":45},{"not_picked":["Outmaneuver","Dagger Throw+1","Slice+1"],"picked":"Footwork+1","floor":46},{"not_picked":["Masterful Stab","Acrobatics","Dagger Throw","Blade Dance+1"],"picked":"SKIP","floor":48}],"player_experience":691817,"relics_obtained":[{"floor":6.0,"key":"Snake Skull"},{"floor":9.0,"key":"Question Card"},{"floor":10.0,"key":"Whetstone"},{"floor":13.0,"key":"Regal Pillow"},{"floor":24.0,"key":"Paper Crane"},{"floor":26.0,"key":"Strawberry"},{"floor":28.0,"key":"Gambling Chip"},{"floor":42,"key":"Happy Flower"},{"floor":43,"key":"Ancient Tea Set"},{"floor":44,"key":"MawBank"}],"event_choices":[{"damage_healed":0.0,"max_hp_gain":0.0,"max_hp_loss":0.0,"gold_gain":0.0,"event_name":"Living Wall","player_choice":"Grow","floor":2.0,"gold_loss":0.0,"damage_taken":0.0,"cards_upgraded":["Neutralize"]},{"cards_removed":["Strike_G"],"damage_healed":0.0,"max_hp_gain":0.0,"max_hp_loss":0.0,"gold_gain":0.0,"event_name":"Bonfire Elementals","player_choice":"Offered Basic","floor":3.0,"gold_loss":0.0,"damage_taken":0.0},{"damage_healed":0.0,"max_hp_gain":0.0,"max_hp_loss":0.0,"gold_gain":0.0,"event_name":"Accursed Blacksmith","player_choice":"Forge","floor":8.0,"gold_loss":0.0,"damage_taken":0.0,"cards_upgraded":["Noxious Fumes"]},{"cards_removed":["Strike_G"],"damage_healed":0.0,"max_hp_gain":0.0,"max_hp_loss":0.0,"gold_gain":0.0,"event_name":"Beggar","player_choice":"Gave Gold","floor":22.0,"gold_loss":75.0,"damage_taken":0.0},{"damage_healed":0.0,"max_hp_gain":0.0,"max_hp_loss":0.0,"gold_gain":0.0,"event_name":"Cursed Tome","player_choice":"Ignored","floor":29.0,"gold_loss":0.0,"damage_taken":0.0},{"damage_healed":0,"gold_gain":0,"player_choice":"Memory 1","damage_taken":0,"max_hp_gain":0,"max_hp_loss":0,"event_name":"SensoryStone","floor":37,"gold_loss":0},{"damage_healed":0,"gold_gain":0,"player_choice":"Copied","damage_taken":0,"max_hp_gain":0,"max_hp_loss":0,"event_name":"Duplicator","floor":39,"gold_loss":0,"cards_obtained":["Adrenaline"]}],"is_beta":true,"boss_relics":[{"not_picked":["Velvet Choker","Empty Cage"],"picked":"Sozu"},{"not_picked":["Philosopher\u0027s Stone","Coffee Dripper"],"picked":"Eternal Feather"}],"items_purged_floors":[41],"is_endless":false,"potions_floor_spawned":[1,6,11,13,16,19,21,24,30,33,36,45,48],"ascension_level":13}