{"gold_per_floor":[117,117,41,41,55,55,70,91,91,110,35,54,19,54,54,177,240,256,256,60,77,89,89,118,118,118,118,33,60,90,33,33,135,135,151,166,66,85,104,104,104,104,129,129,229,229,104,132,132,132,132,132,40,75,75],"floor_reached":55,"playtime":2158,"items_purged":["Injury","Strike_B","Strike_B"],"score":683,"play_id":"39c964ad-dd26-4153-89b9-8623aca8d393","local_time":"20190611023334","is_ascension_mode":false,"campfire_choices":[{"data":"Zap","floor":6,"key":"SMITH"},{"data":"Storm","floor":15,"key":"SMITH"},{"data":"Electrodynamics","floor":23,"key":"SMITH"},{"floor":25,"key":"RECALL"},{"floor":27,"key":"REST"},{"data":"Echo Form","floor":32,"key":"SMITH"},{"data":"Storm","floor":40,"key":"SMITH"},{"data":"Double Energy","floor":44,"key":"SMITH"},{"floor":49,"key":"REST"},{"data":"Leap","floor":52,"key":"SMITH"}],"neow_cost":"NONE","seed_source_timestamp":1218050699903861,"circlet_count":0,"master_deck":["Strike_B","Strike_B","Defend_B+1","Defend_B","Defend_B","Defend_B","Zap+1","Dualcast","Streamline","Static Discharge","Fusion","Self Repair","Echo Form+1","Go for the Eyes","Force Field+1","Storm+1","Electrodynamics+1","Ball Lightning","Reprogram","Leap","FTL","Capacitor","Go for the Eyes+1","Streamline+1","Storm+1","Seek","Leap+1","Genetic Algorithm+1","Redo","Double Energy+1","Ball Lightning+1","Auto Shields+1","Flash of Steel+1","Double Energy+1"],"relics":["Cracked Core","Centennial Puzzle","Bloody Idol","Mercury Hourglass","PreservedInsect","Nunchaku","Tiny House","Runic Capacitor","Regal Pillow","Molten Egg 2","Pocketwatch","MawBank","Black Star","Torii","Emotion Chip","Symbiotic Virus","StoneCalendar","Dead Branch"],"potions_floor_usage":[18,22,33,48,54,55],"damage_taken":[{"damage":1,"enemies":"Cultist","floor":1,"turns":3},{"damage":7,"enemies":"2 Louse","floor":5,"turns":2},{"damage":0,"enemies":"Small Slimes","floor":7,"turns":3},{"damage":5,"enemies":"Looter","floor":8,"turns":3},{"damage":9,"enemies":"Blue Slaver","floor":10,"turns":3},{"damage":10,"enemies":"2 Fungi Beasts","floor":12,"turns":4},{"damage":18,"enemies":"Lagavulin","floor":14,"turns":5},{"damage":28,"enemies":"The Guardian","floor":16,"turns":8},{"damage":10,"enemies":"2 Thieves","floor":18,"turns":3},{"damage":20,"enemies":"Shell Parasite","floor":21,"turns":4},{"damage":26,"enemies":"Shelled Parasite and Fungi","floor":22,"turns":4},{"damage":33,"enemies":"Book of Stabbing","floor":24,"turns":4},{"damage":23,"enemies":"Gremlin Leader","floor":29,"turns":5},{"damage":12,"enemies":"Snake Plant","floor":30,"turns":3},{"damage":39,"enemies":"Champ","floor":33,"turns":8},{"damage":28,"enemies":"3 Darklings","floor":35,"turns":3},{"damage":6,"enemies":"Orb Walker","floor":36,"turns":4},{"damage":20,"enemies":"Maw","floor":38,"turns":7},{"damage":15,"enemies":"4 Shapes","floor":39,"turns":3},{"damage":0,"enemies":"Mind Bloom Boss Battle","floor":45,"turns":4},{"damage":55,"enemies":"Nemesis","floor":48,"turns":7},{"damage":32,"enemies":"Time Eater","floor":50,"turns":10},{"damage":29,"enemies":"Shield and Spear","floor":54,"turns":3},{"damage":91,"enemies":"The Heart","floor":55,"turns":6}],"seed_played":"5422227156320292390","potions_obtained":[{"floor":5,"key":"Energy Potion"},{"floor":12,"key":"Block Potion"},{"floor":16,"key":"Dexterity Potion"},{"floor":18,"key":"Ancient Potion"},{"floor":22,"key":"Swift Potion"},{"floor":35,"key":"Ancient Potion"},{"floor":48,"key":"SmokeBomb"}],"is_trial":false,"path_per_floor":["M","?","$","?","M","R","M","M","T","M","$","M","?","E","R","B",null,"M","?","$","M","M","R","E","R","T","R","?","E","M","$","R","B",null,"M","M","$","M","M","R","$","?","T","R","?","?","$","E","R","B",null,"R","$","E","B"],"character_chosen":"DEFECT","items_purchased":["Static Discharge","Runic Capacitor","Storm","Flash of Steel+1"],"campfire_rested":2,"item_purchase_floors":[3,20,31,53],"current_hp_per_floor":[74,74,74,71,64,64,64,66,66,64,64,54,72,54,54,33,80,77,77,77,69,55,55,27,27,27,66,66,55,60,65,65,45,80,64,70,70,62,52,52,52,52,57,57,69,69,69,26,65,40,80,80,80,56,0],"gold":75,"neow_bonus":"RANDOM_COMMON_RELIC","is_prod":false,"is_daily":false,"chose_seed":false,"campfire_upgraded":7,"win_rate":0,"timestamp":1560191614,"path_taken":["M","?","$","?","M","R","M","M","T","M","$","M","?","E","R","BOSS","M","?","$","M","M","R","E","R","T","R","?","E","M","$","R","BOSS","M","M","$","M","M","R","$","?","T","R","?","?","$","E","R","BOSS","R","$","E","BOSS"],"build_version":"2019-01-23","purchased_purges":3,"victory":false,"max_hp_per_floor":[75,75,75,75,75,75,75,75,75,75,75,75,75,75,75,75,80,80,80,80,80,80,80,80,80,80,80,80,80,80,80,80,80,80,80,80,80,80,80,80,80,80,80,80,80,80,80,80,80,80,80,80,80,80,80],"card_choices":[{"not_picked":["Compile Driver","Force Field"],"picked":"Streamline","floor":1},{"not_picked":["Sweeping Beam","Aggregate"],"picked":"Fusion","floor":5},{"not_picked":["Barrage","Stack"],"picked":"Self Repair","floor":7},{"not_picked":["Steam","Hologram"],"picked":"Echo Form","floor":8},{"not_picked":["Barrage","Gash"],"picked":"Go for the Eyes","floor":10},{"not_picked":["Ball Lightning","Streamline"],"picked":"Force Field","floor":12},{"not_picked":["Sweeping Beam","FTL"],"picked":"Storm","floor":14},{"not_picked":["Echo Form","Amplify"],"picked":"Electrodynamics","floor":16},{"not_picked":["Doom and Gloom","Stack"],"picked":"Ball Lightning","floor":17},{"not_picked":["Turbo","Fusion"],"picked":"Reprogram","floor":18},{"not_picked":["Sweeping Beam","Go for the Eyes"],"picked":"Leap","floor":21},{"not_picked":["Beam Cell","Stack"],"picked":"FTL","floor":22},{"not_picked":["Skim","Redo+1"],"picked":"Capacitor","floor":24},{"not_picked":["Rip and Tear+1","Turbo+1"],"picked":"Go for the Eyes+1","floor":29},{"not_picked":["Chaos","Steam+1"],"picked":"Streamline+1","floor":30},{"not_picked":["Electrodynamics","All For One+1"],"picked":"Seek","floor":33},{"not_picked":["Turbo+1","Rebound+1"],"picked":"Leap","floor":35},{"not_picked":["Compile Driver+1","Rebound+1"],"picked":"Genetic Algorithm+1","floor":36},{"not_picked":["Static Discharge","Turbo"],"picked":"Redo","floor":38},{"not_picked":["Glacier+1","Turbo"],"picked":"Double Energy","floor":39},{"not_picked":["Coolheaded+1","Darkness+1"],"picked":"Ball Lightning+1","floor":45},{"not_picked":["Machine Learning","Ball Lightning+1"],"picked":"Auto Shields+1","floor":48},{"not_picked":["Streamline+1","Fission"],"picked":"Double Energy+1","floor":54}],"player_experience":195436,"relics_obtained":[{"floor":9,"key":"PreservedInsect"},{"floor":14,"key":"Nunchaku"},{"floor":24,"key":"Regal Pillow"},{"floor":26,"key":"Molten Egg 2"},{"floor":29,"key":"MawBank"},{"floor":45,"key":"Torii"},{"floor":48,"key":"Emotion Chip"},{"floor":48,"key":"Symbiotic Virus"},{"floor":54,"key":"StoneCalendar"},{"floor":54,"key":"Dead Branch"}],"event_choices":[{"damage_healed":0,"gold_gain":0,"player_choice":"Take Wound","damage_taken":0,"relics_obtained":["Golden Idol"],"max_hp_gain":0,"max_hp_loss":0,"event_name":"Golden Idol","floor":2,"gold_loss":0,"cards_obtained":["Injury"]},{"damage_healed":0,"gold_gain":0,"player_choice":"Success","damage_taken":3,"relics_obtained":["Mercury Hourglass"],"max_hp_gain":0,"max_hp_loss":0,"event_name":"Scrap Ooze","floor":4,"gold_loss":0},{"damage_healed":18,"gold_gain":0,"player_choice":"Healed","damage_taken":0,"max_hp_gain":0,"max_hp_loss":0,"event_name":"The Cleric","floor":13,"gold_loss":35},{"damage_healed":0,"gold_gain":0,"player_choice":"Gave Idol","damage_taken":0,"relics_obtained":["Bloody Idol"],"max_hp_gain":0,"max_hp_loss":0,"event_name":"Forgotten Altar","floor":19,"relics_lost":["Golden Idol"],"gold_loss":0},{"damage_healed":0,"gold_gain":0,"player_choice":"Obtained Relic","damage_taken":0,"relics_obtained":["Pocketwatch"],"max_hp_gain":0,"max_hp_loss":0,"event_name":"Addict","floor":28,"gold_loss":85},{"damage_healed":0,"gold_gain":0,"player_choice":"Ignored","damage_taken":0,"max_hp_gain":0,"max_hp_loss":0,"event_name":"Tomb of Lord Red Mask","floor":42,"gold_loss":0},{"damage_healed":0,"gold_gain":0,"player_choice":"Fight","damage_taken":0,"max_hp_gain":0,"max_hp_loss":0,"event_name":"MindBloom","floor":45,"gold_loss":0},{"damage_healed":0,"gold_gain":0,"player_choice":"Upgraded","damage_taken":0,"max_hp_gain":0,"max_hp_loss":0,"event_name":"Upgrade Shrine","floor":46,"gold_loss":0,"cards_upgraded":["Force Field"]}],"is_beta":false,"boss_relics":[{"not_picked":["Pandora\u0027s Box","Coffee Dripper"],"picked":"Tiny House"},{"not_picked":["Calling Bell","Cursed Key"],"picked":"Black Star"}],"items_purged_floors":[11,37,47],"is_endless":false,"potions_floor_spawned":[5,12,16,18,22,30,35,48],"killed_by":"The Heart","ascension_level":0}