{"gold_per_floor":[217,13,24,41,41,41,68,68,92,107,134,90,104,124,124,203,203,175,86,99,109,109],"floor_reached":22,"playtime":1179,"items_purged":["Strike_B"],"score":396,"play_id":"aa9fbf12-fb25-4856-b850-3ce78339c284","local_time":"20190919204025","is_ascension_mode":true,"campfire_choices":[{"data":"Sunder","floor":6.0,"key":"SMITH"},{"floor":15.0,"key":"REST"}],"neow_cost":"NONE","seed_source_timestamp":0,"circlet_count":0,"master_deck":["AscendersBane","Strike_B","Strike_B","Defend_B","Defend_B","Defend_B","Defend_B","Zap","Dualcast","Darkness","Rip and Tear","Coolheaded","Sunder+1","Rebound","Gash","Sweeping Beam","Genetic Algorithm","Glacier","Seek","Compile Driver","Fission","Gash","Defragment","Turbo","FTL"],"special_seed":0,"relics":["Cracked Core","Strawberry","Potion Belt","Peace Pipe","Runic Pyramid"],"potions_floor_usage":[],"damage_taken":[{"damage":0.0,"enemies":"Jaw Worm","floor":1.0,"turns":4.0},{"damage":0.0,"enemies":"Cultist","floor":3.0,"turns":4.0},{"damage":0.0,"enemies":"2 Louse","floor":4.0,"turns":1.0},{"damage":27.0,"enemies":"Gremlin Nob","floor":7.0,"turns":4.0},{"damage":11.0,"enemies":"Blue Slaver","floor":10.0,"turns":3.0},{"damage":15.0,"enemies":"3 Sentries","floor":11.0,"turns":5.0},{"damage":12.0,"enemies":"Exordium Thugs","floor":13.0,"turns":3.0},{"damage":2.0,"enemies":"Lots of Slimes","floor":14.0,"turns":4.0},{"damage":23.0,"enemies":"Slime Boss","floor":16.0,"turns":9.0},{"damage":10.0,"enemies":"2 Thieves","floor":18.0,"turns":5.0},{"damage":12,"enemies":"3 Byrds","floor":20,"turns":6},{"damage":2,"enemies":"Sentry and Sphere","floor":21,"turns":9},{"damage":42,"enemies":"Snecko","floor":22,"turns":7}],"seed_played":"1259695717637335921","potions_obtained":[{"floor":1.0,"key":"SpeedPotion"},{"floor":3.0,"key":"AttackPotion"},{"floor":11.0,"key":"EssenceOfSteel"},{"floor":18.0,"key":"SpeedPotion"}],"is_trial":false,"path_per_floor":["M","$","M","M","?","R","E","$","T","M","E","$","M","M","R","B",null,"M","$","M","M","M"],"character_chosen":"DEFECT","items_purchased":["Rip and Tear","Coolheaded","Glacier","Defragment"],"campfire_rested":1,"item_purchase_floors":[2,2,12,19],"current_hp_per_floor":[64,64,64,64,64,64,44,44,44,33,18,18,6,4,27,4,60,50,50,38,36,0],"gold":109,"neow_bonus":"HUNDRED_GOLD","is_prod":false,"is_daily":false,"chose_seed":false,"campfire_upgraded":1,"win_rate":0,"timestamp":1568918425,"path_taken":["M","$","M","M","?","R","E","$","T","M","E","?","M","?","R","BOSS","M","$","M","M","M"],"build_version":"2019-09-18","purchased_purges":1,"victory":false,"max_hp_per_floor":[71,71,71,71,71,71,78,78,78,78,78,78,78,78,78,78,78,78,78,78,78,78],"card_choices":[{"not_picked":["Hello World","Leap"],"picked":"Darkness","floor":1.0},{"not_picked":["Rebound","Darkness"],"picked":"Sunder","floor":3.0},{"not_picked":["Beam Cell","Chaos"],"picked":"Rebound","floor":4.0},{"not_picked":["All For One","Rebound"],"picked":"Gash","floor":7.0},{"not_picked":["Beam Cell","Recycle"],"picked":"Sweeping Beam","floor":10.0},{"not_picked":["Chaos","Heatsinks"],"picked":"Genetic Algorithm","floor":11.0},{"not_picked":["Sunder","Redo"],"picked":"Seek","floor":13.0},{"not_picked":["Barrage","Chill"],"picked":"Compile Driver","floor":14.0},{"not_picked":["All For One","Hyperbeam"],"picked":"Fission","floor":16.0},{"not_picked":["Rebound","Conserve Battery"],"picked":"Gash","floor":18.0},{"not_picked":["Streamline","Ball Lightning"],"picked":"Turbo","floor":20},{"not_picked":["Turbo","Skim"],"picked":"FTL","floor":21}],"player_experience":2077380,"relics_obtained":[{"floor":7.0,"key":"Strawberry"},{"floor":9.0,"key":"Potion Belt"},{"floor":11.0,"key":"Peace Pipe"}],"event_choices":[{"cards_removed":["Strike_B"],"damage_healed":0.0,"max_hp_gain":0.0,"max_hp_loss":0.0,"gold_gain":0.0,"event_name":"Bonfire Elementals","player_choice":"Offered Basic","floor":5.0,"gold_loss":0.0,"damage_taken":0.0}],"is_beta":true,"boss_relics":[{"not_picked":["Fusion Hammer","Empty Cage"],"picked":"Runic Pyramid"}],"items_purged_floors":[2],"is_endless":false,"potions_floor_spawned":[1,3,11,18],"killed_by":"Snecko","ascension_level":20}