{"gold_per_floor":[111,122,122,122,197,197,231,266,266,266],"floor_reached":10,"playtime":196,"items_purged":[],"score":178,"play_id":"5b825b94-ebd2-43ea-9011-50393eb1c80a","local_time":"20190318163329","is_ascension_mode":true,"campfire_choices":[{"data":"Neutralize","floor":6.0,"key":"SMITH"}],"neow_cost":"NONE","seed_source_timestamp":28911282585885,"circlet_count":0,"master_deck":["AscendersBane","Defend_G","Defend_G","Defend_G","Defend_G","Defend_G","Strike_G","Strike_G","Strike_G","Strike_G","Strike_G","Survivor","Neutralize+1","Dash","Deadly Poison+1","Crippling Poison","Malaise"],"special_seed":0,"relics":["Ring of the Snake","NeowsBlessing","Golden Idol","hubris:FunFungus","Odd Mushroom","infinitespire:Lychee Nut"],"potions_floor_usage":[],"damage_taken":[{"damage":0.0,"enemies":"Small Slimes","floor":1.0,"turns":1.0},{"damage":0.0,"enemies":"Jaw Worm","floor":2.0,"turns":1.0},{"damage":0.0,"enemies":"Lagavulin","floor":7.0,"turns":1.0},{"damage":25.0,"enemies":"The Mushroom Lair","floor":8.0,"turns":6.0},{"damage":42,"enemies":"Gremlin Nob","floor":10,"turns":4}],"seed_played":"1280758475908726291","potions_obtained":[{"floor":1.0,"key":"Swift Potion"}],"is_trial":false,"path_per_floor":["M","M","?","?","?","R","E","?","T","E"],"character_chosen":"THE_SILENT","items_purchased":[],"campfire_rested":0,"item_purchase_floors":[],"current_hp_per_floor":[59,59,59,59,48,48,48,26,26,0],"gold":266,"neow_bonus":"THREE_ENEMY_KILL","is_prod":false,"is_daily":false,"chose_seed":false,"campfire_upgraded":1,"win_rate":0,"timestamp":1552923209,"path_taken":["M","M","?","?","?","R","E","?","T","E"],"build_version":"2019-01-23","purchased_purges":0,"victory":false,"max_hp_per_floor":[66,66,60,60,60,60,60,60,45,45],"card_choices":[{"not_picked":["Prepared","Quick Slash"],"picked":"Dash","floor":1.0},{"not_picked":["All Out Attack","hubris:TrickCloak"],"picked":"Deadly Poison","floor":2.0},{"not_picked":["Riddle With Holes","Poisoned Stab"],"picked":"Crippling Poison","floor":7.0},{"not_picked":["Endless Agony","Finisher"],"picked":"Malaise","floor":8.0}],"player_experience":1435331,"relics_obtained":[{"floor":7.0,"key":"hubris:FunFungus"},{"floor":8.0,"key":"Odd Mushroom"},{"floor":9.0,"key":"infinitespire:Lychee Nut"}],"event_choices":[{"damage_healed":0.0,"max_hp_gain":0.0,"max_hp_loss":6.0,"gold_gain":0.0,"event_name":"Golden Idol","player_choice":"Lose Max HP","floor":3.0,"gold_loss":0.0,"damage_taken":0.0,"relics_obtained":["Golden Idol"]},{"damage_healed":0.0,"max_hp_gain":0.0,"max_hp_loss":0.0,"gold_gain":0.0,"event_name":"Living Wall","player_choice":"Grow","floor":4.0,"gold_loss":0.0,"damage_taken":0.0,"cards_upgraded":["Deadly Poison"]},{"damage_healed":0.0,"max_hp_gain":0.0,"max_hp_loss":0.0,"gold_gain":75.0,"event_name":"World of Goop","player_choice":"Gather Gold","floor":5.0,"gold_loss":0.0,"damage_taken":11.0},{"damage_healed":0.0,"max_hp_gain":0.0,"max_hp_loss":0.0,"gold_gain":0.0,"event_name":"Mushrooms","player_choice":"Fought Mushrooms","floor":8.0,"gold_loss":0.0,"damage_taken":0.0}],"is_beta":false,"boss_relics":[],"items_purged_floors":[],"is_endless":true,"potions_floor_spawned":[1],"killed_by":"Gremlin Nob","ascension_level":20}