{"gold_per_floor":[114,39,39,39,114,148,17,17,17,47,47,74,74,93,93,172,172,183,218,235,2,2,2],"floor_reached":23,"playtime":566,"items_purged":["Strike_B"],"score":606,"play_id":"d4ab9e4e-1f23-4ec5-8cc1-92f9ea923906","local_time":"20181227014528","is_ascension_mode":true,"campfire_choices":[{"data":"Consume","floor":8,"key":"SMITH"},{"data":"Hello World","floor":11,"key":"SMITH"},{"data":"Rainbow","floor":13,"key":"SMITH"},{"floor":15,"key":"REST"}],"neow_cost":"NONE","seed_source_timestamp":46405264021112,"circlet_count":0,"master_deck":["AscendersBane","Strike_B","Strike_B+1","Defend_B","Defend_B","Defend_B","Defend_B+1","Zap","Dualcast","Gash","Cold Snap","Consume+1","Hello World+1","Rainbow+1","Streamline","Ball Lightning","Echo Form","Cold Snap","Glacier","Ball Lightning","Electrodynamics","All For One","Gash"],"relics":["Cracked Core","NeowsBlessing","Kunai","Boot","Happy Flower","Thread and Needle","Sozu","Red Mask"],"potions_floor_usage":[23,23],"damage_taken":[{"damage":0,"enemies":"Cultist","floor":1,"turns":1},{"damage":0,"enemies":"3 Sentries","floor":6,"turns":1},{"damage":0,"enemies":"Gremlin Nob","floor":10,"turns":1},{"damage":19,"enemies":"3 Sentries","floor":12,"turns":6},{"damage":1,"enemies":"Jaw Worm","floor":14,"turns":3},{"damage":0,"enemies":"Slime Boss","floor":16,"turns":7},{"damage":17,"enemies":"2 Thieves","floor":18,"turns":4},{"damage":47,"enemies":"Masked Bandits","floor":19,"turns":4},{"damage":0,"enemies":"Shell Parasite","floor":20,"turns":4},{"damage":2,"enemies":"Cultist and Chosen","floor":23,"turns":3}],"seed_played":"-7365998913833957246","potions_obtained":[{"floor":1,"key":"Fire Potion"},{"floor":16,"key":"Energy Potion"}],"is_trial":false,"path_per_floor":["M","?","?","?","?","E","$","R","T","E","R","E","R","M","R","B",null,"M","?","M","$","?","M"],"character_chosen":"DEFECT","items_purchased":["Consume","Hello World","Electrodynamics"],"campfire_rested":1,"item_purchase_floors":[7,7,21],"current_hp_per_floor":[64,64,69,46,35,35,35,35,35,35,35,16,16,15,37,37,66,49,2,2,2,2,0],"gold":2,"neow_bonus":"THREE_ENEMY_KILL","is_prod":false,"is_daily":false,"chose_seed":false,"campfire_upgraded":3,"win_rate":0,"timestamp":1545871528,"path_taken":["M","?","?","?","?","E","?","R","T","E","R","E","R","M","R","BOSS","M","?","M","$","?","M"],"build_version":"2018-12-20","purchased_purges":1,"victory":false,"max_hp_per_floor":[71,71,76,76,76,76,76,76,76,76,76,76,76,76,76,76,76,76,76,76,76,76,76],"card_choices":[{"not_picked":["Hello World","Force Field"],"picked":"Gash","floor":1},{"not_picked":["Go for the Eyes","Hologram"],"picked":"Cold Snap","floor":6},{"not_picked":["Consume","Conserve Battery"],"picked":"Rainbow","floor":10},{"not_picked":["Reprogram","Storm"],"picked":"Streamline","floor":12},{"not_picked":["Gash","Leap"],"picked":"Ball Lightning","floor":14},{"not_picked":["Rainbow","Core Surge"],"picked":"Echo Form","floor":16},{"not_picked":["Auto Shields","Leap+1"],"picked":"Cold Snap","floor":18},{"not_picked":["Hologram","Lockon"],"picked":"Glacier","floor":19},{"not_picked":["Darkness","Melter"],"picked":"Ball Lightning","floor":20}],"player_experience":1070934,"relics_obtained":[{"floor":6,"key":"Kunai"},{"floor":9,"key":"Boot"},{"floor":10,"key":"Happy Flower"},{"floor":12,"key":"Thread and Needle"},{"floor":19,"key":"Red Mask"}],"event_choices":[{"cards_removed":["Strike_B"],"damage_healed":0,"gold_gain":0,"player_choice":"Card Removal","damage_taken":0,"max_hp_gain":0,"max_hp_loss":0,"event_name":"The Cleric","floor":2,"gold_loss":75},{"damage_healed":0,"gold_gain":0,"player_choice":"Donut","damage_taken":0,"max_hp_gain":5,"max_hp_loss":0,"event_name":"Big Fish","floor":3,"gold_loss":0},{"damage_healed":0,"gold_gain":0,"player_choice":"Entered Light","damage_taken":23,"max_hp_gain":0,"max_hp_loss":0,"event_name":"Shining Light","floor":4,"gold_loss":0,"cards_upgraded":["Defend_B","Strike_B"]},{"damage_healed":0,"gold_gain":75,"player_choice":"Gather Gold","damage_taken":11,"max_hp_gain":0,"max_hp_loss":0,"event_name":"World of Goop","floor":5,"gold_loss":0},{"damage_healed":0,"gold_gain":0,"player_choice":"Fought Bandits","damage_taken":0,"max_hp_gain":0,"max_hp_loss":0,"event_name":"Masked Bandits","floor":19,"gold_loss":0},{"damage_healed":0,"gold_gain":0,"player_choice":"2 cards matched","damage_taken":0,"max_hp_gain":0,"max_hp_loss":0,"event_name":"Match and Keep!","floor":22,"gold_loss":0,"cards_obtained":["All For One","Gash"]}],"is_beta":false,"boss_relics":[{"not_picked":["Eternal Feather","Inserter"],"picked":"Sozu"}],"items_purged_floors":[21],"is_endless":false,"potions_floor_spawned":[1,16],"killed_by":"Cultist and Chosen","ascension_level":20}