{"gold_per_floor":[15,15,27,27,38,67,67,67,67,67,123,123,133,162,162,233,233,248,267,267,35,35,35,53,53,78,78],"floor_reached":27,"playtime":1291,"items_purged":[],"score":372,"play_id":"bcfe1bc9-a3f2-41a0-942c-24b4c54b285f","local_time":"20180922122442","is_ascension_mode":true,"campfire_choices":[{"data":"Sunder","floor":7,"key":"SMITH"},{"data":"Zap","floor":10,"key":"SMITH"},{"data":"Dualcast","floor":12,"key":"SMITH"},{"floor":15,"key":"REST"},{"data":"Electrodynamics","floor":23,"key":"SMITH"},{"data":"Tempest","floor":25,"key":"SMITH"}],"neow_cost":"NO_GOLD","seed_source_timestamp":4393958514335,"circlet_count":0,"master_deck":["Strike_B","Strike_B","Strike_B","Strike_B","Defend_B+1","Defend_B","Defend_B","Defend_B+1","Zap+1","Dualcast+1","AscendersBane","Sunder+1","Cold Snap","Sunder+1","Compile Driver","Tempest+1","BootSequence","Barrage","Electrodynamics+1","Conserve Battery+1","Sunder+1","Self Repair","Good Instincts+1","Clumsy"],"relics":["Cracked Core","Turnip","Mercury Hourglass","Shuriken","War Paint","Toxic Egg 2","Cursed Key","PrismaticShard","Potion Belt"],"potions_floor_usage":[14,16,27,27],"damage_taken":[{"damage":0,"enemies":"Small Slimes","floor":1,"turns":3},{"damage":5,"enemies":"2 Louse","floor":3,"turns":2},{"damage":0,"enemies":"Cultist","floor":5,"turns":3},{"damage":28,"enemies":"Gremlin Nob","floor":6,"turns":4},{"damage":0,"enemies":"3 Sentries","floor":11,"turns":3},{"damage":11,"enemies":"Exordium Thugs","floor":13,"turns":2},{"damage":23,"enemies":"Lagavulin","floor":14,"turns":4},{"damage":12,"enemies":"Hexaghost","floor":16,"turns":8},{"damage":0,"enemies":"3 Byrds","floor":18,"turns":2},{"damage":7,"enemies":"Shell Parasite","floor":19,"turns":3},{"damage":24,"enemies":"Snake Plant","floor":24,"turns":4},{"damage":41,"enemies":"Gremlin Leader","floor":27,"turns":4}],"seed_played":"-3274993719696880626","potions_obtained":[{"floor":1,"key":"GamblersBrew"},{"floor":3,"key":"GamblersBrew"},{"floor":11,"key":"Regen Potion"},{"floor":14,"key":"Swift Potion"},{"floor":19,"key":"Explosive Potion"},{"floor":24,"key":"Poison Potion"}],"is_trial":false,"path_per_floor":["M","?","M","$","M","E","R","?","T","R","?","R","M","E","R","B",null,"M","M","?","$","?","R","M","R","T"],"character_chosen":"DEFECT","items_purchased":["Self Repair","PrismaticShard"],"campfire_rested":1,"item_purchase_floors":[21,21],"current_hp_per_floor":[64,64,59,59,59,31,31,31,31,31,31,31,20,9,30,18,58,58,51,51,51,51,51,34,34,34,0],"gold":78,"neow_bonus":"ONE_RARE_RELIC","is_prod":false,"is_daily":false,"chose_seed":false,"campfire_upgraded":5,"win_rate":0,"timestamp":1537611882,"path_taken":["M","?","M","$","M","E","R","?","T","R","?","R","?","E","R","BOSS","M","M","?","$","?","R","M","R","T","E"],"build_version":"2018-09-20","purchased_purges":0,"victory":false,"max_hp_per_floor":[71,71,71,71,71,71,71,71,71,71,71,71,71,71,71,71,71,71,71,71,71,71,71,71,71,71,71],"card_choices":[{"not_picked":["White Noise","Steam"],"picked":"Sunder","floor":1},{"not_picked":["Lockon","Scrape"],"picked":"Cold Snap","floor":3},{"not_picked":["Self Repair","Conserve Battery"],"picked":"Sunder","floor":5},{"not_picked":["Redo","Coolheaded"],"picked":"Compile Driver","floor":6},{"not_picked":["Ball Lightning","Go for the Eyes"],"picked":"Tempest","floor":11},{"not_picked":["Self Repair","Genetic Algorithm"],"picked":"BootSequence","floor":13},{"not_picked":["Conserve Battery","Rebound"],"picked":"Barrage","floor":14},{"not_picked":["Reboot+1","Rainbow+1"],"picked":"Electrodynamics","floor":16},{"not_picked":["Reprogram+1","Heatsinks","Compile Driver"],"picked":"SKIP","floor":18},{"not_picked":["Sweeping Beam","Gash"],"picked":"Conserve Battery+1","floor":19},{"not_picked":["Sucker Punch","Outmaneuver+1"],"picked":"Good Instincts+1","floor":24}],"player_experience":476419,"relics_obtained":[{"floor":6,"key":"Mercury Hourglass"},{"floor":9,"key":"Shuriken"},{"floor":14,"key":"Toxic Egg 2"},{"floor":26,"key":"Potion Belt"}],"event_choices":[{"event_name":"The Cleric","player_choice":"Leave","floor":2,"damage_taken":0},{"event_name":"Living Wall","player_choice":"Grow","floor":8,"damage_taken":0},{"event_name":"Dead Adventurer","player_choice":"Searched \u00272\u0027 times","floor":11,"damage_taken":0},{"event_name":"Duplicator","player_choice":"One dupe","floor":20,"damage_taken":0},{"event_name":"Vampires","player_choice":"Ignored","floor":22,"damage_taken":0}],"is_beta":true,"boss_relics":[{"not_picked":["Velvet Choker","Runic Dome"],"picked":"Cursed Key"}],"items_purged_floors":[],"is_endless":false,"potions_floor_spawned":[1,3,11,14,19,24],"killed_by":"Gremlin Leader","ascension_level":14}