{"gold_per_floor":[118,132,142,142,162,194,194,47,72,98,110,110,437,437,437,562,562,578,24,123,137,152,183,183,219,219,237,270,290,304,347,347,477,477,496,554,554,554,572,314,355,355,382,300,338,338,338,357,357,357,357,357,128,163,163],"floor_reached":56,"playtime":5991,"items_purged":["Strike_B"],"score":1791,"play_id":"9a1cb27d-09b6-4bcf-a793-9eef7f04bfa5","local_time":"20190327180023","is_ascension_mode":true,"campfire_choices":[{"floor":7.0,"key":"REST"},{"floor":15.0,"key":"REST"},{"data":"Seek","floor":24.0,"key":"SMITH"},{"floor":32.0,"key":"REST"},{"data":"Go for the Eyes","floor":42,"key":"SMITH"},{"floor":47,"key":"RECALL"},{"data":"Seek","floor":49,"key":"SMITH"},{"data":"Defragment","floor":52,"key":"SMITH"}],"neow_cost":"NONE","seed_source_timestamp":0,"circlet_count":0,"master_deck":["Zap+1","Dualcast+1","Loop","Genetic Algorithm+1","Double Energy","Reinforced Body","Seek+1","Beam Cell","Electrodynamics","Coolheaded+1","Defragment+1","Conserve Battery","Defragment+1","Ball Lightning","Reinforced Body","Defragment","Storm","Seek+1","Echo Form","Cold Snap","Skim","Defragment","Chill","Self Repair","Loop","BootSequence+1","Redo+1","Conserve Battery+1","Madness","Madness+1","Compile Driver+1","Go for the Eyes+1","Self Repair","Stack+1","Storm","Coolheaded+1","Electrodynamics","Self Repair","Tempest"],"special_seed":0,"relics":["Cracked Core","Bag of Preparation","PreservedInsect","Potion Belt","Boot","Old Coin","Golden Idol","Sozu","Runic Capacitor","Cables","Bottled Lightning","StoneCalendar","Juzu Bracelet","Bird Faced Urn","Pandora\u0027s Box","Incense Burner","Lantern","Happy Flower","Oddly Smooth Stone","War Paint","ClockworkSouvenir","Blue Candle"],"potions_floor_usage":[],"damage_taken":[{"damage":1.0,"enemies":"2 Louse","floor":1.0,"turns":3.0},{"damage":1.0,"enemies":"Cultist","floor":2.0,"turns":3.0},{"damage":4.0,"enemies":"Jaw Worm","floor":3.0,"turns":3.0},{"damage":5.0,"enemies":"Blue Slaver","floor":5.0,"turns":3.0},{"damage":46.0,"enemies":"3 Sentries","floor":6.0,"turns":7.0},{"damage":10.0,"enemies":"Lagavulin","floor":10.0,"turns":5.0},{"damage":11.0,"enemies":"Large Slime","floor":11.0,"turns":5.0},{"damage":0.0,"enemies":"Gremlin Nob","floor":13.0,"turns":2.0},{"damage":3.0,"enemies":"Hexaghost","floor":16.0,"turns":10.0},{"damage":0.0,"enemies":"3 Byrds","floor":18.0,"turns":2.0},{"damage":9.0,"enemies":"2 Thieves","floor":21.0,"turns":3.0},{"damage":0.0,"enemies":"3 Cultists","floor":22.0,"turns":3.0},{"damage":0.0,"enemies":"Gremlin Leader","floor":23.0,"turns":4.0},{"damage":0.0,"enemies":"Book of Stabbing","floor":25.0,"turns":4.0},{"damage":11.0,"enemies":"Sentry and Sphere","floor":27.0,"turns":3.0},{"damage":0.0,"enemies":"Gremlin Leader","floor":28.0,"turns":2.0},{"damage":6.0,"enemies":"Snecko","floor":29.0,"turns":3.0},{"damage":0.0,"enemies":"Snake Plant","floor":30.0,"turns":3.0},{"damage":1.0,"enemies":"Slavers","floor":31.0,"turns":2.0},{"damage":1.0,"enemies":"Champ","floor":33.0,"turns":8.0},{"damage":1,"enemies":"3 Darklings","floor":35,"turns":3},{"damage":3,"enemies":"2 Orb Walkers","floor":36,"turns":2},{"damage":0,"enemies":"Orb Walker","floor":39,"turns":2},{"damage":3,"enemies":"Reptomancer","floor":41,"turns":3},{"damage":0,"enemies":"Giant Head","floor":45,"turns":5},{"damage":4,"enemies":"4 Shapes","floor":48,"turns":2},{"damage":42,"enemies":"Time Eater","floor":50,"turns":7},{"damage":0,"enemies":"Shield and Spear","floor":54,"turns":3},{"damage":69,"enemies":"The Heart","floor":55,"turns":8}],"seed_played":"-9107830881494865917","potions_obtained":[{"floor":6.0,"key":"Weak Potion"},{"floor":10.0,"key":"GamblersBrew"},{"floor":11.0,"key":"Fire Potion"},{"floor":13.0,"key":"Explosive Potion"}],"is_trial":false,"path_per_floor":["M","M","M","?","M","E","R","$","T","E","M","?","E","?","R","B",null,"M","$","?","M","M","E","R","E","T","M","E","M","M","E","R","B",null,"M","?","?","?","M","$","E","R","T","$","E","?","R","M","R","B",null,"R","$","E","B",null],"character_chosen":"DEFECT","items_purchased":["PreservedInsect","Defragment","Runic Capacitor","Cables","Go for the Eyes","Lantern","Self Repair","Storm","ClockworkSouvenir","Self Repair"],"campfire_rested":3,"item_purchase_floors":[8,19,19,19,40,40,40,44,53,53],"current_hp_per_floor":[67,66,62,62,57,11,33,33,33,23,12,12,12,12,32,29,59,59,59,59,50,50,50,50,50,50,39,39,33,33,32,52,63,68,69,69,69,60,69,69,69,69,69,69,69,69,69,69,69,50,64,64,64,69,40],"gold":163,"neow_bonus":"UPGRADE_CARD","is_prod":false,"is_daily":false,"chose_seed":false,"campfire_upgraded":4,"win_rate":0,"timestamp":1553734823,"path_taken":["M","M","M","?","M","E","R","$","T","E","?","?","E","?","R","BOSS","M","$","?","M","M","E","R","E","T","M","E","M","M","E","R","BOSS","M","?","?","?","M","$","E","R","T","$","E","?","R","M","R","BOSS","R","$","E","BOSS"],"build_version":"2019-01-23","purchased_purges":1,"victory":true,"max_hp_per_floor":[75,75,75,75,75,75,75,75,75,75,75,75,75,69,69,69,69,69,69,69,69,69,69,69,69,69,69,69,69,69,69,69,69,69,69,69,69,69,69,69,69,69,69,69,69,69,69,69,69,69,69,69,69,69,69],"card_choices":[{"not_picked":["Conserve Battery","Streamline"],"picked":"Ball Lightning","floor":1.0},{"not_picked":["Compile Driver","Gash"],"picked":"Loop","floor":2.0},{"not_picked":["Redo","Streamline"],"picked":"Genetic Algorithm","floor":3.0},{"not_picked":["Redo","Fusion"],"picked":"Double Energy","floor":5.0},{"not_picked":["Genetic Algorithm","Turbo"],"picked":"Reinforced Body","floor":6.0},{"not_picked":["Hologram","Gash"],"picked":"Seek","floor":10.0},{"not_picked":["Compile Driver","Steam Power"],"picked":"Coolheaded","floor":11.0},{"not_picked":["Redo","Rip and Tear"],"picked":"Beam Cell","floor":13.0},{"not_picked":["Seek","Machine Learning"],"picked":"Electrodynamics","floor":16.0},{"not_picked":["Gash","Hologram"],"picked":"Coolheaded+1","floor":18.0},{"not_picked":["Turbo","Redo","Compile Driver"],"picked":"SKIP","floor":21.0},{"not_picked":["Steam","Compile Driver+1"],"picked":"Conserve Battery","floor":22.0},{"not_picked":["Steam Power","Skim"],"picked":"Defragment+1","floor":23.0},{"not_picked":["Fission","Double Energy"],"picked":"Ball Lightning","floor":25.0},{"not_picked":["Coolheaded","Beam Cell","Steam"],"picked":"SKIP","floor":27.0},{"not_picked":["Auto Shields","Redo"],"picked":"Reinforced Body","floor":28.0},{"not_picked":["Leap","Chaos"],"picked":"Defragment","floor":29.0},{"not_picked":["Go for the Eyes","Gash"],"picked":"Storm","floor":30.0},{"not_picked":["Streamline","Redo"],"picked":"Seek","floor":31.0},{"not_picked":["All For One","Hyperbeam"],"picked":"Echo Form","floor":33.0},{"not_picked":["Steam Power","Cold Snap+1"],"picked":"Redo+1","floor":35},{"not_picked":["Skim+1","Ball Lightning+1"],"picked":"Conserve Battery+1","floor":36},{"not_picked":["Sweeping Beam","Coolheaded+1"],"picked":"Compile Driver+1","floor":39},{"not_picked":["Melter","Blizzard+1"],"picked":"Stack+1","floor":41},{"not_picked":["Go for the Eyes+1","Conserve Battery"],"picked":"Coolheaded+1","floor":45},{"not_picked":["Cold Snap","Beam Cell"],"picked":"Electrodynamics","floor":48},{"not_picked":["Cold Snap","Blizzard+1"],"picked":"Tempest","floor":54}],"player_experience":444706,"relics_obtained":[{"floor":6.0,"key":"Bag of Preparation"},{"floor":9.0,"key":"Potion Belt"},{"floor":10.0,"key":"Boot"},{"floor":13.0,"key":"Old Coin"},{"floor":23.0,"key":"Bottled Lightning"},{"floor":25.0,"key":"StoneCalendar"},{"floor":28.0,"key":"Juzu Bracelet"},{"floor":31.0,"key":"Bird Faced Urn"},{"floor":36,"key":"Incense Burner"},{"floor":41,"key":"Happy Flower"},{"floor":43,"key":"Oddly Smooth Stone"},{"floor":45,"key":"War Paint"},{"floor":54,"key":"Blue Candle"}],"event_choices":[{"damage_healed":0.0,"max_hp_gain":0.0,"max_hp_loss":0.0,"gold_gain":0.0,"event_name":"Upgrade Shrine","player_choice":"Upgraded","floor":4.0,"gold_loss":0.0,"damage_taken":0.0,"cards_upgraded":["Genetic Algorithm"]},{"damage_healed":0.0,"max_hp_gain":0.0,"max_hp_loss":0.0,"gold_gain":0.0,"event_name":"Living Wall","player_choice":"Grow","floor":12.0,"gold_loss":0.0,"damage_taken":0.0,"cards_upgraded":["Dualcast"]},{"damage_healed":0.0,"max_hp_gain":0.0,"max_hp_loss":6.0,"gold_gain":0.0,"event_name":"Golden Idol","player_choice":"Lose Max HP","floor":14.0,"gold_loss":0.0,"damage_taken":0.0,"relics_obtained":["Golden Idol"]},{"damage_healed":0.0,"max_hp_gain":0.0,"max_hp_loss":0.0,"gold_gain":99.0,"event_name":"Nest","player_choice":"Stole From Cult","floor":20.0,"gold_loss":0.0,"damage_taken":0.0},{"damage_healed":0,"gold_gain":0,"player_choice":"Fight","damage_taken":0,"max_hp_gain":0,"max_hp_loss":0,"event_name":"Mysterious Sphere","floor":36,"gold_loss":0},{"cards_removed":["Ball Lightning"],"damage_healed":0,"gold_gain":0,"player_choice":"Removed Attack","damage_taken":0,"max_hp_gain":0,"max_hp_loss":0,"event_name":"Falling","floor":37,"gold_loss":0},{"damage_healed":0,"gold_gain":0,"player_choice":"Embrace Madness","damage_taken":9,"max_hp_gain":0,"max_hp_loss":0,"event_name":"Winding Halls","floor":38,"gold_loss":0,"cards_obtained":["Madness","Madness"]},{"cards_removed":["Coolheaded"],"damage_healed":5,"gold_gain":0,"player_choice":"Offered Common","damage_taken":0,"max_hp_gain":0,"max_hp_loss":0,"event_name":"Bonfire Elementals","floor":46,"gold_loss":0},{"cards_removed":["Coolheaded"],"damage_healed":5,"gold_gain":0,"player_choice":"Offered Special","damage_taken":0,"max_hp_gain":0,"max_hp_loss":0,"event_name":"Bonfire Elementals","floor":46,"gold_loss":0}],"is_beta":false,"boss_relics":[{"not_picked":["Busted Crown","Astrolabe"],"picked":"Sozu"},{"not_picked":["FrozenCore","Snecko Eye"],"picked":"Pandora\u0027s Box"}],"items_purged_floors":[19],"is_endless":false,"potions_floor_spawned":[6,10,11,13,23,27,28,33,39,41,45,48],"ascension_level":6}