{"gold_per_floor":[20,35,9,9,25,50,50,68,68,83,83,97,97,132,132,132],"floor_reached":16,"playtime":391,"items_purged":[],"score":224,"play_id":"d2c94240-a42b-4fc4-bc35-7bc78b58bc6a","local_time":"20190912225316","is_ascension_mode":true,"campfire_choices":[{"data":"Rampage","floor":11,"key":"SMITH"},{"data":"Armaments","floor":13,"key":"SMITH"},{"data":"Combust","floor":15,"key":"SMITH"}],"neow_cost":"NO_GOLD","seed_source_timestamp":37294038005993,"circlet_count":0,"master_deck":["AscendersBane","Strike_R","Strike_R","Strike_R","Strike_R","Strike_R","Defend_R","Defend_R","Defend_R","Defend_R","Bash+1","Combust+1","Cleave","Shrug It Off","Pommel Strike","Rampage+1","Iron Wave","Dropkick","Armaments+1","Reaper"],"relics":["Burning Blood","Ornamental Fan","Blue Candle","Sundial"],"potions_floor_usage":[14,16,16],"damage_taken":[{"damage":1,"enemies":"Cultist","floor":1,"turns":4},{"damage":2,"enemies":"2 Louse","floor":2,"turns":3},{"damage":13,"enemies":"Jaw Worm","floor":5,"turns":4},{"damage":40,"enemies":"Lagavulin","floor":6,"turns":6},{"damage":11,"enemies":"Blue Slaver","floor":8,"turns":4},{"damage":8,"enemies":"Looter","floor":10,"turns":3},{"damage":5,"enemies":"Exordium Wildlife","floor":12,"turns":4},{"damage":24,"enemies":"Gremlin Nob","floor":14,"turns":4},{"damage":55,"enemies":"Hexaghost","floor":16,"turns":10}],"seed_played":"6716722587497523534","potions_obtained":[{"floor":8,"key":"BloodPotion"},{"floor":10,"key":"Strength Potion"},{"floor":14,"key":"PowerPotion"}],"is_trial":false,"path_per_floor":["M","M","$","?","M","E","$","M","T","M","R","M","R","E","R","B"],"character_chosen":"IRONCLAD","items_purchased":["Shrug It Off"],"campfire_rested":0,"item_purchase_floors":[3],"current_hp_per_floor":[87,89,89,89,82,48,48,43,43,41,41,42,42,24,24,0],"gold":132,"neow_bonus":"TWENTY_PERCENT_HP_BONUS","is_prod":false,"is_daily":false,"chose_seed":false,"campfire_upgraded":3,"win_rate":0,"timestamp":1568321596,"path_taken":["M","M","?","?","M","E","?","?","T","M","R","M","R","E","R","BOSS"],"build_version":"2019-09-11v2","purchased_purges":0,"victory":false,"max_hp_per_floor":[89,89,89,89,89,89,89,89,89,89,89,89,89,89,89,89],"card_choices":[{"not_picked":["Clothesline","Entrench"],"picked":"Combust","floor":1},{"not_picked":["Warcry","Reckless Charge"],"picked":"Cleave","floor":2},{"not_picked":["Flex","Ghostly Armor"],"picked":"Pommel Strike","floor":5},{"not_picked":["Heavy Blade","Wild Strike"],"picked":"Rampage","floor":6},{"not_picked":["Cleave","Havoc"],"picked":"Iron Wave","floor":8},{"not_picked":["Havoc","Body Slam"],"picked":"Dropkick","floor":10},{"not_picked":["Shrug It Off","Searing Blow"],"picked":"Armaments","floor":12},{"not_picked":["Flex","Wild Strike"],"picked":"Reaper","floor":14}],"player_experience":2030874,"relics_obtained":[{"floor":6,"key":"Ornamental Fan"},{"floor":9,"key":"Blue Candle"},{"floor":14,"key":"Sundial"}],"event_choices":[{"damage_healed":0,"gold_gain":0,"player_choice":"Grow","damage_taken":0,"max_hp_gain":0,"max_hp_loss":0,"event_name":"Living Wall","floor":4,"gold_loss":0,"cards_upgraded":["Bash"]}],"is_beta":true,"boss_relics":[],"items_purged_floors":[],"is_endless":false,"potions_floor_spawned":[8,10,14],"killed_by":"Hexaghost","ascension_level":20}