{"gold_per_floor":[115,126,146,161,161,193,193,226,250,275,287,287,237,254,254,328,328,339,349,194,211,127,127,161,161,161,161,161,191,211,226,226,301,301,314,334,346,146,165,192,192,224,249,249,249,249,264,293,293,293,293],"floor_reached":52,"playtime":2938,"items_purged":["Strike_R"],"score":2254,"play_id":"77291da6-62e6-454c-bba0-b73e75ca2314","local_time":"20181223010008","is_ascension_mode":true,"campfire_choices":[{"data":"Spot Weakness","floor":7.0,"key":"SMITH"},{"data":"Whirlwind","floor":12.0,"key":"SMITH"},{"data":"Anger","floor":15.0,"key":"SMITH"},{"data":"Corruption","floor":23.0,"key":"SMITH"},{"data":"Inflame","floor":25.0,"key":"SMITH"},{"data":"Bash","floor":28.0,"key":"SMITH"},{"data":"Limit Break","floor":32.0,"key":"SMITH"},{"floor":41,"key":"REST"},{"data":"Feel No Pain","floor":44,"key":"SMITH"},{"floor":46,"key":"REST"},{"floor":49,"key":"REST"}],"neow_cost":"NONE","seed_source_timestamp":0,"circlet_count":0,"master_deck":["AscendersBane","Strike_R+1","Defend_R","Defend_R+1","Defend_R","Defend_R","Bash+1","Pummel","Shrug It Off","Spot Weakness+1","Flame Barrier","Impervious","Whirlwind+1","Sword Boomerang","Anger+1","Limit Break+1","Flex+1","Inflame+1","Berserk+1","Shrug It Off","Corruption+1","Inflame+1","Battle Trance","Infernal Blade+1","Dark Embrace","Heavy Blade+1","Limit Break+1","Feel No Pain+1","Disarm","Inflame","Dual Wield"],"special_seed":0,"relics":["Burning Blood","NeowsBlessing","Magic Flower","Anchor","Dream Catcher","Vajra","Ice Cream","Astrolabe","Singing Bowl","Charon\u0027s Ashes","Lantern","Snecko Eye","Question Card","Centennial Puzzle","Pen Nib"],"potions_floor_usage":[47,50],"damage_taken":[{"damage":0.0,"enemies":"2 Louse","floor":1.0,"turns":1.0},{"damage":0.0,"enemies":"Cultist","floor":2.0,"turns":1.0},{"damage":0.0,"enemies":"Small Slimes","floor":3.0,"turns":2.0},{"damage":11.0,"enemies":"Blue Slaver","floor":4.0,"turns":4.0},{"damage":27.0,"enemies":"3 Sentries","floor":6.0,"turns":10.0},{"damage":40.0,"enemies":"Lagavulin","floor":8.0,"turns":5.0},{"damage":10.0,"enemies":"3 Sentries","floor":10.0,"turns":4.0},{"damage":0.0,"enemies":"Red Slaver","floor":11.0,"turns":5.0},{"damage":0.0,"enemies":"3 Louse","floor":14.0,"turns":1.0},{"damage":33.0,"enemies":"Slime Boss","floor":16.0,"turns":7.0},{"damage":0.0,"enemies":"3 Byrds","floor":18.0,"turns":4.0},{"damage":6.0,"enemies":"Chosen","floor":19.0,"turns":5.0},{"damage":13.0,"enemies":"3 Cultists","floor":21.0,"turns":5.0},{"damage":0.0,"enemies":"Gremlin Leader","floor":24.0,"turns":5.0},{"damage":30.0,"enemies":"Slavers","floor":29.0,"turns":3.0},{"damage":3.0,"enemies":"Sentry and Sphere","floor":30.0,"turns":3.0},{"damage":28.0,"enemies":"Shelled Parasite and Fungi","floor":31.0,"turns":5.0},{"damage":0.0,"enemies":"Collector","floor":33.0,"turns":4.0},{"damage":3.0,"enemies":"3 Darklings","floor":35.0,"turns":2.0},{"damage":1.0,"enemies":"3 Shapes","floor":36.0,"turns":4.0},{"damage":68.0,"enemies":"Spire Growth","floor":37.0,"turns":5.0},{"damage":28.0,"enemies":"4 Shapes","floor":39.0,"turns":5.0},{"damage":0,"enemies":"Nemesis","floor":40,"turns":4},{"damage":22,"enemies":"Reptomancer","floor":42,"turns":3},{"damage":40,"enemies":"Transient","floor":47,"turns":6},{"damage":0,"enemies":"Nemesis","floor":48,"turns":3},{"damage":14,"enemies":"Donu and Deca","floor":50,"turns":4},{"damage":47,"enemies":"Time Eater","floor":51,"turns":4}],"seed_played":"5612065138436930029","potions_obtained":[{"floor":3.0,"key":"FairyPotion"},{"floor":4.0,"key":"Explosive Potion"},{"floor":8.0,"key":"Weak Potion"},{"floor":10.0,"key":"Fruit Juice"},{"floor":14.0,"key":"Poison Potion"},{"floor":21.0,"key":"PowerPotion"},{"floor":24.0,"key":"SteroidPotion"},{"floor":30.0,"key":"Dexterity Potion"},{"floor":31.0,"key":"PowerPotion"},{"floor":35.0,"key":"SkillPotion"},{"floor":36.0,"key":"Block Potion"},{"floor":40,"key":"SteroidPotion"},{"floor":47,"key":"Dexterity Potion"},{"floor":48,"key":"PowerPotion"}],"is_trial":false,"path_per_floor":["M","M","M","M","?","E","R","E","T","E","M","R","?","M","R","B",null,"M","M","$","M","$","R","E","R","T","?","R","E","M","M","R","B",null,"M","M","M","$","M","E","R","E","T","R","?","R","M","E","R","B","B",null],"character_chosen":"IRONCLAD","items_purchased":["Corruption","Inflame","Limit Break","Feel No Pain"],"campfire_rested":3,"item_purchase_floors":[20,22,38,38],"current_hp_per_floor":[74,75,75,70,47,26,26,20,20,19,28,28,28,42,42,18,65,74,77,77,73,73,73,82,82,82,82,82,63,69,52,52,61,80,88,90,31,31,14,25,55,44,44,44,44,73,44,53,83,78,40],"gold":293,"neow_bonus":"THREE_ENEMY_KILL","is_prod":false,"is_daily":false,"chose_seed":false,"campfire_upgraded":8,"win_rate":0,"timestamp":1545523208,"path_taken":["M","M","M","M","?","E","R","E","T","E","M","R","?","?","R","BOSS","M","M","$","M","$","R","E","R","T","?","R","E","M","M","R","BOSS","M","M","M","$","M","E","R","E","T","R","?","R","?","E","R","BOSS","BOSS"],"build_version":"2018-12-20","purchased_purges":1,"victory":true,"max_hp_per_floor":[75,75,75,75,75,75,75,75,75,75,75,75,75,80,80,80,80,80,80,80,80,80,80,82,82,82,82,82,84,84,86,86,86,86,88,90,90,90,92,94,96,98,98,98,98,98,100,100,100,100,100],"card_choices":[{"not_picked":["Heavy Blade","Flex"],"picked":"Pummel","floor":1.0},{"not_picked":["Heavy Blade","Hemokinesis"],"picked":"Shrug It Off","floor":2.0},{"not_picked":["Dual Wield","Pummel"],"picked":"Spot Weakness","floor":3.0},{"not_picked":["Dropkick","True Grit"],"picked":"Flame Barrier","floor":4.0},{"not_picked":["Cleave","Armaments"],"picked":"Impervious","floor":6.0},{"not_picked":["Rampage","Blood for Blood"],"picked":"Whirlwind","floor":8.0},{"not_picked":["Thunderclap","Sentinel","Berserk"],"picked":"SKIP","floor":10.0},{"not_picked":["Warcry","Blood for Blood"],"picked":"Sword Boomerang","floor":11.0},{"not_picked":["Warcry","Flex"],"picked":"Anger","floor":14.0},{"not_picked":["Demon Form","Reaper"],"picked":"Limit Break","floor":16.0},{"not_picked":["Entrench+1","Iron Wave","Clash"],"picked":"SKIP","floor":18.0},{"not_picked":["Anger","Feel No Pain"],"picked":"Shrug It Off","floor":19.0},{"not_picked":["Combust+1","Dropkick","Heavy Blade"],"picked":"SKIP","floor":21.0},{"not_picked":["Dropkick","Burning Pact","Flex"],"picked":"Singing Bowl","floor":24.0},{"not_picked":["Armaments","Evolve","Perfected Strike"],"picked":"Singing Bowl","floor":29.0},{"not_picked":["Armaments","Flex"],"picked":"Infernal Blade+1","floor":30.0},{"not_picked":["Anger","Twin Strike","Power Through"],"picked":"Singing Bowl","floor":31.0},{"not_picked":["Offering","Exhume"],"picked":"Dark Embrace","floor":33.0},{"not_picked":["Clash","True Grit","Perfected Strike"],"picked":"Singing Bowl","floor":35.0},{"not_picked":["Iron Wave","Fire Breathing","Second Wind"],"picked":"Singing Bowl","floor":36.0},{"not_picked":["Barricade","Iron Wave"],"picked":"Heavy Blade+1","floor":37.0},{"not_picked":["Headbutt+1","Bloodletting","Hemokinesis"],"picked":"Singing Bowl","floor":39.0},{"not_picked":["Metallicize","Uppercut","Anger"],"picked":"Singing Bowl","floor":40},{"not_picked":["Headbutt","Flex+1","Sentinel","Flame Barrier"],"picked":"Singing Bowl","floor":41},{"not_picked":["Pummel","True Grit","Ghostly Armor","Cleave"],"picked":"Singing Bowl","floor":42},{"not_picked":["Shrug It Off","Pommel Strike+1","Fiend Fire"],"picked":"Disarm","floor":46},{"not_picked":["Heavy Blade+1","Havoc","Pummel","Sword Boomerang"],"picked":"Singing Bowl","floor":47},{"not_picked":["Corruption","Havoc","Armaments"],"picked":"Inflame","floor":48},{"not_picked":["Warcry","Anger","Thunderclap+1"],"picked":"Dual Wield","floor":49}],"player_experience":1064473,"relics_obtained":[{"floor":6.0,"key":"Magic Flower"},{"floor":8.0,"key":"Anchor"},{"floor":9.0,"key":"Dream Catcher"},{"floor":10.0,"key":"Vajra"},{"floor":24.0,"key":"Singing Bowl"},{"floor":26.0,"key":"Charon\u0027s Ashes"},{"floor":29.0,"key":"Lantern"},{"floor":40,"key":"Question Card"},{"floor":42,"key":"Centennial Puzzle"},{"floor":48,"key":"Pen Nib"}],"event_choices":[{"damage_healed":0.0,"max_hp_gain":0.0,"max_hp_loss":0.0,"gold_gain":0.0,"event_name":"Shining Light","player_choice":"Entered Light","floor":5.0,"gold_loss":0.0,"damage_taken":23.0,"cards_upgraded":["Strike_R","Defend_R"]},{"damage_healed":0.0,"max_hp_gain":0.0,"max_hp_loss":0.0,"gold_gain":0.0,"event_name":"WeMeetAgain","player_choice":"Paid Gold","floor":13.0,"gold_loss":50.0,"damage_taken":0.0,"relics_obtained":["Ice Cream"]},{"damage_healed":0.0,"max_hp_gain":0.0,"max_hp_loss":0.0,"gold_gain":0.0,"event_name":"The Library","player_choice":"Read","floor":27.0,"gold_loss":0.0,"damage_taken":0.0,"cards_obtained":["Battle Trance"]},{"damage_healed":0,"gold_gain":0,"player_choice":"Forge","damage_taken":0,"max_hp_gain":0,"max_hp_loss":0,"event_name":"Accursed Blacksmith","floor":45,"gold_loss":0,"cards_upgraded":["Limit Break"]}],"is_beta":false,"boss_relics":[{"not_picked":["Black Star","Fusion Hammer"],"picked":"Astrolabe"},{"not_picked":["Tiny House","White Beast Statue"],"picked":"Snecko Eye"}],"items_purged_floors":[20],"is_endless":false,"potions_floor_spawned":[3,4,8,10,14,21,24,30,31,35,36,40,47,48],"ascension_level":20}