{"gold_per_floor":[18,38,38,48,61,61,86,86,110,128,163,183,20,37,37,111,111,126,136,146,61,79,79,79],"floor_reached":24,"playtime":10311,"items_purged":[],"score":371,"play_id":"5ca02a5f-207b-45e9-b37c-f50e7712844d","local_time":"20181205003127","is_ascension_mode":true,"campfire_choices":[{"data":"Dash","floor":6,"key":"SMITH"},{"data":"Poisoned Stab","floor":8,"key":"SMITH"},{"data":"Footwork","floor":15,"key":"SMITH"},{"data":"Leg Sweep","floor":23,"key":"SMITH"}],"neow_cost":"NO_GOLD","seed_source_timestamp":33141964507783,"circlet_count":0,"master_deck":["AscendersBane","Defend_G","Defend_G","Defend_G","Strike_G","Strike_G","Strike_G","Strike_G","Strike_G","Survivor","Neutralize","Heel Hook","Bullet Time","Poisoned Stab+1","Dash+1","Masterful Stab","Caltrops","Catalyst","Backflip","Predator","Infinite Blades","Accuracy","Noxious Fumes","Blur","Footwork+1","Doppelganger","Backflip","Finisher","Leg Sweep+1"],"relics":["Ring of the Snake","Anchor","Boot","Art of War","Cursed Key","Strawberry"],"potions_floor_usage":[11,16,16,24],"damage_taken":[{"damage":9,"enemies":"Jaw Worm","floor":1,"turns":6},{"damage":2,"enemies":"Cultist","floor":2,"turns":4},{"damage":0,"enemies":"Small Slimes","floor":4,"turns":2},{"damage":0,"enemies":"Exordium Wildlife","floor":5,"turns":2},{"damage":13,"enemies":"Lagavulin","floor":7,"turns":7},{"damage":0,"enemies":"Red Slaver","floor":10,"turns":3},{"damage":12,"enemies":"3 Sentries","floor":11,"turns":7},{"damage":0,"enemies":"2 Fungi Beasts","floor":12,"turns":2},{"damage":1,"enemies":"Exordium Wildlife","floor":14,"turns":5},{"damage":1,"enemies":"Slime Boss","floor":16,"turns":6},{"damage":3,"enemies":"Shell Parasite","floor":18,"turns":5},{"damage":2,"enemies":"3 Byrds","floor":19,"turns":2},{"damage":25,"enemies":"Cultist and Chosen","floor":20,"turns":8},{"damage":4,"enemies":"Snake Plant","floor":22,"turns":5},{"damage":51,"enemies":"Gremlin Leader","floor":24,"turns":8}],"seed_played":"-4344782808481526016","potions_obtained":[{"floor":1,"key":"Ancient Potion"},{"floor":5,"key":"Block Potion"},{"floor":12,"key":"SneckoOil"},{"floor":16,"key":"SpeedPotion"},{"floor":20,"key":"Regen Potion"}],"is_trial":false,"path_per_floor":["M","M","?","M","M","R","E","R","T","M","E","M","$","M","R","B",null,"M","M","M","?","M","R","E"],"character_chosen":"THE_SILENT","items_purchased":["Noxious Fumes","Blur","SteroidPotion"],"campfire_rested":0,"item_purchase_floors":[13,13,13],"current_hp_per_floor":[50,48,48,48,48,48,35,35,35,35,23,23,23,22,22,21,55,52,50,25,32,28,28,0],"gold":79,"neow_bonus":"TRANSFORM_TWO_CARDS","is_prod":false,"is_daily":false,"chose_seed":false,"campfire_upgraded":4,"win_rate":0,"timestamp":1543966287,"path_taken":["M","M","?","M","M","R","E","R","T","M","E","?","?","M","R","BOSS","M","M","M","?","M","R","E"],"build_version":"2018-12-4","purchased_purges":0,"victory":false,"max_hp_per_floor":[66,66,66,66,66,66,66,66,66,66,66,66,66,66,66,66,66,66,66,66,73,73,73,73],"card_choices":[{"not_picked":["Eviscerate","PiercingWail"],"picked":"Poisoned Stab","floor":1},{"not_picked":["Dagger Throw","Deflect"],"picked":"Dash","floor":2},{"not_picked":["Outmaneuver","Quick Slash"],"picked":"Caltrops","floor":4},{"not_picked":["Dagger Spray","Escape Plan"],"picked":"Catalyst","floor":5},{"not_picked":["Dagger Throw","Flechettes"],"picked":"Backflip","floor":7},{"not_picked":["Dagger Throw","Reflex"],"picked":"Predator","floor":10},{"not_picked":["Terror","Setup"],"picked":"Infinite Blades","floor":11},{"not_picked":["Flying Knee","Prepared"],"picked":"Accuracy","floor":12},{"not_picked":["Accuracy","PiercingWail"],"picked":"Footwork","floor":14},{"not_picked":["Die Die Die","Bullet Time"],"picked":"Doppelganger","floor":16},{"not_picked":["Dagger Spray","Deflect","Underhanded Strike"],"picked":"SKIP","floor":18},{"not_picked":["Dagger Throw","Sucker Punch"],"picked":"Backflip","floor":19},{"not_picked":["Glass Knife","Heel Hook"],"picked":"Finisher","floor":20},{"not_picked":["Bane","Slice"],"picked":"Leg Sweep","floor":22}],"player_experience":939390,"relics_obtained":[{"floor":7,"key":"Anchor"},{"floor":9,"key":"Boot"},{"floor":11,"key":"Art of War"}],"event_choices":[{"damage_healed":0,"gold_gain":0,"player_choice":"1 cards matched","damage_taken":0,"max_hp_gain":0,"max_hp_loss":0,"event_name":"Match and Keep!","floor":3,"gold_loss":0,"cards_obtained":["Masterful Stab"]},{"damage_healed":0,"gold_gain":0,"player_choice":"Obtained Relic","damage_taken":0,"relics_obtained":["Strawberry"],"max_hp_gain":0,"max_hp_loss":0,"event_name":"Addict","floor":21,"gold_loss":85}],"is_beta":true,"boss_relics":[{"not_picked":["Ring of the Serpent","Fusion Hammer"],"picked":"Cursed Key"}],"items_purged_floors":[],"is_endless":false,"potions_floor_spawned":[1,5,12,16,20],"killed_by":"Gremlin Leader","ascension_level":15}