{"gold_per_floor":[118,134,203,223,373,373,28,57,87,113,113,147,162,175,175,249,249,268,13,13,26,26,26,26],"floor_reached":24,"playtime":847,"items_purged":["Doubt"],"score":428,"play_id":"2a7e17e1-3b44-420b-ae80-39ea4b9f2171","local_time":"20190402215102","is_ascension_mode":true,"campfire_choices":[{"data":"Perfected Strike","floor":6.0,"key":"SMITH"},{"data":"Perfected Strike","floor":11.0,"key":"SMITH"},{"data":"Armaments","floor":15.0,"key":"SMITH"},{"floor":23,"key":"REST"}],"neow_cost":"NONE","seed_source_timestamp":0,"circlet_count":0,"master_deck":["AscendersBane","Strike_R","Strike_R","Strike_R","Strike_R","Defend_R","Defend_R","Defend_R","Defend_R","Bash+1","Infernal Blade","Perfected Strike+1","Rage","Perfected Strike+1","Impervious","True Grit","Power Through","Armaments+1","Combust","Demon Form","Warcry+1","Metallicize","Spot Weakness","Shame"],"special_seed":0,"relics":["Burning Blood","ClockworkSouvenir","Tiny Chest","Red Skull","Mango","Velvet Choker","Membership Card","Molten Egg 2"],"potions_floor_usage":[],"damage_taken":[{"damage":7.0,"enemies":"Cultist","floor":1.0,"turns":4.0},{"damage":0.0,"enemies":"2 Louse","floor":2.0,"turns":5.0},{"damage":4.0,"enemies":"Jaw Worm","floor":4.0,"turns":3.0},{"damage":2.0,"enemies":"Gremlin Nob","floor":8.0,"turns":3.0},{"damage":29.0,"enemies":"3 Sentries","floor":10.0,"turns":8.0},{"damage":27.0,"enemies":"Lagavulin","floor":12.0,"turns":6.0},{"damage":9.0,"enemies":"Gremlin Gang","floor":13.0,"turns":5.0},{"damage":0.0,"enemies":"3 Louse","floor":14.0,"turns":1.0},{"damage":25.0,"enemies":"Hexaghost","floor":16.0,"turns":8.0},{"damage":37.0,"enemies":"Spheric Guardian","floor":18.0,"turns":6.0},{"damage":30,"enemies":"Shell Parasite","floor":21,"turns":5},{"damage":54,"enemies":"Gremlin Leader","floor":24,"turns":4}],"seed_played":"8735820309038976635","potions_obtained":[{"floor":4.0,"key":"SteroidPotion"},{"floor":10.0,"key":"LiquidBronze"},{"floor":14.0,"key":"PowerPotion"},{"floor":16.0,"key":"Regen Potion"}],"is_trial":false,"path_per_floor":["M","M","?","M","?","R","$","E","T","E","R","E","M","M","R","B",null,"M","$","?","M","?","R","E"],"character_chosen":"IRONCLAD","items_purchased":["ClockworkSouvenir","Perfected Strike","Membership Card","Metallicize"],"campfire_rested":1,"item_purchase_floors":[7,7,19,19],"current_hp_per_floor":[67,73,73,75,75,75,75,75,75,52,52,45,42,48,48,29,74,43,43,43,19,19,45,0],"gold":26,"neow_bonus":"UPGRADE_CARD","is_prod":false,"is_daily":false,"chose_seed":false,"campfire_upgraded":3,"win_rate":0,"timestamp":1554234662,"path_taken":["M","M","?","M","?","R","$","E","T","E","R","E","M","M","R","BOSS","M","$","?","?","?","R","E"],"build_version":"2019-01-23","purchased_purges":1,"victory":false,"max_hp_per_floor":[75,75,75,75,75,75,75,75,75,75,75,89,89,89,89,89,89,89,89,89,89,89,89,89],"card_choices":[{"not_picked":["Heavy Blade","Clash"],"picked":"Infernal Blade","floor":1.0},{"not_picked":["Heavy Blade","Clash"],"picked":"Perfected Strike","floor":2.0},{"not_picked":["Cleave","Ghostly Armor"],"picked":"Rage","floor":4.0},{"not_picked":["Warcry","Infernal Blade"],"picked":"Impervious","floor":8.0},{"not_picked":["Intimidate","Reckless Charge"],"picked":"True Grit","floor":10.0},{"not_picked":["Cleave","Havoc"],"picked":"Power Through","floor":12.0},{"not_picked":["Reckless Charge","Havoc"],"picked":"Armaments","floor":13.0},{"not_picked":["Flex","Headbutt"],"picked":"Combust","floor":14.0},{"not_picked":["Double Tap","Impervious"],"picked":"Demon Form","floor":16.0},{"not_picked":["Armaments","Clothesline"],"picked":"Warcry+1","floor":18},{"not_picked":["Twin Strike+1","Sword Boomerang"],"picked":"Spot Weakness","floor":21}],"player_experience":1525821,"relics_obtained":[{"floor":9.0,"key":"Tiny Chest"},{"floor":10.0,"key":"Red Skull"},{"floor":12.0,"key":"Mango"}],"event_choices":[{"damage_healed":0.0,"max_hp_gain":0.0,"max_hp_loss":0.0,"gold_gain":69.0,"event_name":"Golden Wing","player_choice":"Gained Gold","floor":3.0,"gold_loss":0.0,"damage_taken":0.0},{"damage_healed":0.0,"max_hp_gain":0.0,"max_hp_loss":0.0,"gold_gain":150.0,"event_name":"Liars Game","player_choice":"AGREE","floor":5.0,"gold_loss":0.0,"damage_taken":0.0,"cards_obtained":["Doubt"]},{"cards_removed":["Strike_R"],"damage_healed":0,"gold_gain":0,"player_choice":"Purged","damage_taken":0,"max_hp_gain":0,"max_hp_loss":0,"event_name":"Purifier","floor":20,"gold_loss":0},{"damage_healed":0,"gold_gain":0,"player_choice":"Stole Relic","damage_taken":0,"relics_obtained":["Molten Egg 2"],"max_hp_gain":0,"max_hp_loss":0,"event_name":"Addict","floor":22,"gold_loss":0,"cards_obtained":["Shame"]}],"is_beta":false,"boss_relics":[{"not_picked":["Runic Cube","White Beast Statue"],"picked":"Velvet Choker"}],"items_purged_floors":[7],"is_endless":false,"potions_floor_spawned":[4,10,14,16],"killed_by":"Gremlin Leader","ascension_level":20}