{"gold_per_floor":[166,166,166,21,21,21,48,48,71,88,88,104,104,25,25,122,122,139,101,26,46,64,93,105,105,181,206,206,206,49,66,66,161,161,172,183,183],"floor_reached":37,"playtime":1203,"items_purged":["Strike_G"],"score":505,"play_id":"9f430340-1e4f-417f-b137-decd5b366f6a","local_time":"20190925032056","is_ascension_mode":false,"campfire_choices":[{"data":"Poisoned Stab","floor":6,"key":"SMITH"},{"data":"Deadly Poison","floor":8,"key":"SMITH"},{"data":"Noxious Fumes","floor":11,"key":"SMITH"},{"data":"Deadly Poison","floor":13,"key":"SMITH"},{"data":"Catalyst","floor":15,"key":"SMITH"},{"floor":25,"key":"REST"},{"floor":29,"key":"REST"},{"data":"Deadly Poison","floor":32,"key":"SMITH"}],"neow_cost":"NONE","seed_source_timestamp":253183854256600,"circlet_count":0,"master_deck":["Defend_G","Defend_G","Defend_G","Defend_G+1","Defend_G","Survivor","Neutralize+1","Deadly Poison+1","Poisoned Stab+1","Noxious Fumes+1","Deadly Poison+1","Catalyst+1","Doppelganger","Backflip+1","Footwork","Deadly Poison+1","Deadly Poison+1","Poisoned Stab+1","Escape Plan","Bite","Bite","Bite","Bite","Bite","Blur+1","Corpse Explosion","Well Laid Plans+1"],"relics":["Tiny House","Bronze Scales","Pantograph","Black Star","Strawberry","Oddly Smooth Stone","Tiny Chest","Ginger","Dream Catcher","Runic Pyramid"],"potions_floor_usage":[16,23,33,37,37,37],"damage_taken":[{"damage":2,"enemies":"2 Louse","floor":1,"turns":2},{"damage":19,"enemies":"Gremlin Nob","floor":7,"turns":4},{"damage":3,"enemies":"Small Slimes","floor":10,"turns":3},{"damage":3,"enemies":"Jaw Worm","floor":12,"turns":2},{"damage":5,"enemies":"Hexaghost","floor":16,"turns":7},{"damage":2,"enemies":"3 Byrds","floor":18,"turns":3},{"damage":7,"enemies":"Chosen","floor":21,"turns":5},{"damage":0,"enemies":"Snecko","floor":22,"turns":3},{"damage":49,"enemies":"Slavers","floor":23,"turns":6},{"damage":8,"enemies":"Snake Plant","floor":24,"turns":5},{"damage":22,"enemies":"Book of Stabbing","floor":27,"turns":5},{"damage":0,"enemies":"Cultist and Chosen","floor":31,"turns":4},{"damage":32,"enemies":"Collector","floor":33,"turns":7},{"damage":56,"enemies":"3 Darklings","floor":35,"turns":5},{"damage":19,"enemies":"Orb Walker","floor":36,"turns":4},{"damage":42,"enemies":"2 Orb Walkers","floor":37,"turns":3}],"seed_played":"-6367406405638650043","potions_obtained":[{"floor":0,"key":"GhostInAJar"},{"floor":12,"key":"PowerPotion"},{"floor":16,"key":"Swift Potion"},{"floor":18,"key":"Poison Potion"},{"floor":33,"key":"SkillPotion"},{"floor":35,"key":"FearPotion"}],"is_trial":false,"path_per_floor":["M","?","?","$","$","R","E","R","T","M","R","M","R","$","R","B",null,"M","$","$","M","M","E","M","R","T","E","?","R","$","M","R","B",null,"M","M","?"],"character_chosen":"THE_SILENT","items_purchased":["Bronze Scales","Catalyst","Footwork","Dream Catcher"],"campfire_rested":2,"item_purchase_floors":[4,14,19,30],"current_hp_per_floor":[73,78,78,78,78,78,59,59,59,56,56,53,53,53,53,73,80,78,78,78,71,71,29,21,47,47,25,25,51,51,53,53,54,87,39,26,0],"gold":183,"neow_bonus":"BOSS_RELIC","is_prod":false,"is_daily":false,"chose_seed":false,"campfire_upgraded":6,"win_rate":0,"timestamp":1569352856,"path_taken":["M","?","?","?","$","R","E","R","T","M","R","?","R","$","R","BOSS","M","?","$","?","M","E","M","R","T","E","?","R","$","M","R","BOSS","M","M","?"],"build_version":"2019-07-17","purchased_purges":1,"victory":false,"max_hp_per_floor":[75,80,80,80,80,80,80,80,80,80,80,80,80,80,80,80,80,80,80,80,80,80,87,87,87,87,87,87,87,87,87,87,87,87,87,87,87],"card_choices":[{"not_picked":["Cloak And Dagger","Dagger Spray"],"picked":"Deadly Poison","floor":0},{"not_picked":["Dagger Spray","Setup"],"picked":"Poisoned Stab","floor":1},{"not_picked":["Bane","Dash","Acrobatics"],"picked":"SKIP","floor":7},{"not_picked":["Underhanded Strike","Phantasmal Killer"],"picked":"Noxious Fumes","floor":10},{"not_picked":["Sucker Punch","Prepared"],"picked":"Deadly Poison","floor":12},{"not_picked":["A Thousand Cuts","Storm of Steel"],"picked":"Doppelganger","floor":16},{"not_picked":["Deflect+1","Underhanded Strike"],"picked":"Backflip+1","floor":18},{"not_picked":["Masterful Stab","Dagger Spray"],"picked":"Deadly Poison","floor":21},{"not_picked":["Dodge and Roll","Backflip"],"picked":"Deadly Poison+1","floor":22},{"not_picked":["Skewer","Backflip","Outmaneuver"],"picked":"SKIP","floor":23},{"not_picked":["Accuracy","Underhanded Strike"],"picked":"Poisoned Stab+1","floor":24},{"not_picked":["Blade Dance","Underhanded Strike"],"picked":"Escape Plan","floor":27},{"not_picked":["Slice","Deflect+1"],"picked":"Blur+1","floor":31},{"not_picked":["Phantasmal Killer","Storm of Steel"],"picked":"Corpse Explosion","floor":33},{"not_picked":["Bane+1","Backflip","Underhanded Strike+1"],"picked":"SKIP","floor":35},{"not_picked":["Underhanded Strike+1","Deadly Poison"],"picked":"Well Laid Plans+1","floor":36}],"player_experience":220057,"relics_obtained":[{"floor":7,"key":"Pantograph"},{"floor":23,"key":"Strawberry"},{"floor":23,"key":"Oddly Smooth Stone"},{"floor":26,"key":"Tiny Chest"},{"floor":27,"key":"Blood Vial"},{"floor":27,"key":"Ginger"}],"event_choices":[{"damage_healed":0,"gold_gain":0,"player_choice":"Donut","damage_taken":0,"max_hp_gain":5,"max_hp_loss":0,"event_name":"Big Fish","floor":2,"gold_loss":0},{"damage_healed":0,"gold_gain":0,"player_choice":"Grow","damage_taken":0,"max_hp_gain":0,"max_hp_loss":0,"event_name":"Living Wall","floor":3,"gold_loss":0,"cards_upgraded":["Neutralize"]},{"damage_healed":0,"gold_gain":0,"player_choice":"Became a vampire (Vial)","damage_taken":0,"max_hp_gain":0,"max_hp_loss":0,"event_name":"Vampires","floor":28,"relics_lost":["Blood Vial"],"gold_loss":0,"cards_obtained":["Bite","Bite","Bite","Bite","Bite"]},{"damage_healed":0,"gold_gain":0,"player_choice":"Fight","damage_taken":0,"max_hp_gain":0,"max_hp_loss":0,"event_name":"Mysterious Sphere","floor":37,"gold_loss":0}],"is_beta":false,"boss_relics":[{"not_picked":["WristBlade","Calling Bell"],"picked":"Black Star"},{"not_picked":["Philosopher\u0027s Stone","Snecko Eye"],"picked":"Runic Pyramid"}],"items_purged_floors":[20],"is_endless":false,"potions_floor_spawned":[12,16,18,22,33,35],"killed_by":"2 Orb Walkers","ascension_level":0}