{"gold_per_floor":[110,110,133,133,133,133,173,138,186,201,240,83,83,96,96,221,221,242,367,367,367,290,326,326,357,357,357,382,382,415,453,453,579,579,604,89,102,102,117,117,156,156,156,192,216,255,255,110,110,110],"floor_reached":51,"playtime":4402,"items_purged":["Strike_B","Aggregate"],"score":1178,"play_id":"1abe85c4-da88-4482-a5ea-350e422865f7","local_time":"20190415105431","is_ascension_mode":true,"campfire_choices":[{"floor":6,"key":"REST"},{"floor":13,"key":"REST"},{"data":"Zap","floor":15,"key":"SMITH"},{"data":"Hologram","floor":24,"key":"SMITH"},{"data":"Go for the Eyes","floor":27,"key":"SMITH"},{"data":"Sunder","floor":29,"key":"SMITH"},{"floor":32,"key":"REST"},{"data":"Creative AI","floor":40,"key":"SMITH"},{"floor":47,"key":"REST"},{"data":"Echo Form","floor":49,"key":"SMITH"}],"neow_cost":"NONE","seed_source_timestamp":121841646285515,"circlet_count":0,"master_deck":["Defend_B","Defend_B","Defend_B","Zap+1","Dualcast","Genetic Algorithm","FTL","Leap","Go for the Eyes+1","Cold Snap","Rip and Tear","Sunder+1","Cold Snap","Electrodynamics","Sweeping Beam+1","BootSequence+1","Hologram+1","Leap","Stack+1","Amplify","Hologram+1","Biased Cognition","Coolheaded","Creative AI+1","Amplify+1","Leap+1","Reprogram+1","Beam Cell+1","Heatsinks","Madness+1","Madness","Loop+1","Echo Form+1","Impatience","Ball Lightning+1","Parasite","Storm","Compile Driver+1","Chaos+1"],"relics":["Cracked Core","Golden Idol","Strawberry","Oddly Smooth Stone","Dream Catcher","StoneCalendar","Runic Dome","Emotion Chip","Kunai","Matryoshka","Ancient Tea Set","Mummified Hand","Blue Candle","Red Mask","Bottled Lightning","Astrolabe","DataDisk","Lee\u0027s Waffle","Symbiotic Virus","Pear","Darkstone Periapt","Lantern","Gremlin Horn","War Paint"],"potions_floor_usage":[11,19,25,25,33,33,33,33,33,41,50,50],"damage_taken":[{"damage":3,"enemies":"Small Slimes","floor":1,"turns":3},{"damage":11,"enemies":"2 Louse","floor":3,"turns":3},{"damage":32,"enemies":"Lagavulin","floor":7,"turns":8},{"damage":0,"enemies":"Jaw Worm","floor":10,"turns":3},{"damage":16,"enemies":"Gremlin Nob","floor":11,"turns":5},{"damage":0,"enemies":"Looter","floor":14,"turns":3},{"damage":4,"enemies":"The Guardian","floor":16,"turns":11},{"damage":0,"enemies":"Spheric Guardian","floor":18,"turns":3},{"damage":0,"enemies":"Colosseum Slavers","floor":19,"turns":3},{"damage":8,"enemies":"Colosseum Nobs","floor":19,"turns":4},{"damage":20,"enemies":"Book of Stabbing","floor":23,"turns":6},{"damage":0,"enemies":"Slavers","floor":25,"turns":5},{"damage":0,"enemies":"2 Thieves","floor":28,"turns":4},{"damage":25,"enemies":"Masked Bandits","floor":30,"turns":5},{"damage":4,"enemies":"Book of Stabbing","floor":31,"turns":7},{"damage":36,"enemies":"Collector","floor":33,"turns":12},{"damage":0,"enemies":"Orb Walker","floor":35,"turns":4},{"damage":14,"enemies":"3 Darklings","floor":37,"turns":4},{"damage":19,"enemies":"Sphere and 2 Shapes","floor":39,"turns":5},{"damage":1,"enemies":"Reptomancer","floor":41,"turns":7},{"damage":7,"enemies":"Giant Head","floor":44,"turns":9},{"damage":0,"enemies":"Writhing Mass","floor":45,"turns":6},{"damage":1,"enemies":"Reptomancer","floor":46,"turns":4},{"damage":28,"enemies":"Donu and Deca","floor":50,"turns":4}],"seed_played":"2852376199179217417","potions_obtained":[{"floor":7,"key":"Energy Potion"},{"floor":10,"key":"EntropicBrew"},{"floor":14,"key":"FocusPotion"},{"floor":18,"key":"Dexterity Potion"},{"floor":23,"key":"SteroidPotion"},{"floor":31,"key":"SpeedPotion"},{"floor":33,"key":"FocusPotion"},{"floor":35,"key":"Weak Potion"}],"is_trial":false,"path_per_floor":["M","?","M","?","?","R","E","?","T","M","E","$","R","M","R","B",null,"M","?","T","?","$","E","R","E","T","R","M","R","?","E","R","B",null,"M","$","M","?","M","R","E","?","T","E","M","E","R","$","R","B",null],"character_chosen":"DEFECT","items_purchased":["Sunder","Hologram","Leap","Heatsinks","DataDisk","Lee\u0027s Waffle","War Paint"],"campfire_rested":4,"item_purchase_floors":[12,22,22,36,36,36,48],"current_hp_per_floor":[65,47,36,18,18,42,10,30,30,30,14,14,38,38,38,34,70,70,62,62,62,62,42,42,42,42,42,42,42,17,13,37,1,62,62,89,75,64,45,45,44,44,54,47,53,52,83,83,83,55],"gold":110,"neow_bonus":"TRANSFORM_CARD","is_prod":false,"is_daily":false,"chose_seed":false,"campfire_upgraded":6,"win_rate":0,"timestamp":1555350871,"path_taken":["M","?","M","?","?","R","E","?","T","M","E","$","R","M","R","BOSS","M","?","?","?","$","E","R","E","T","R","M","R","?","E","R","BOSS","M","$","M","?","M","R","E","?","T","E","M","E","R","$","R","BOSS"],"build_version":"2019-01-23","purchased_purges":2,"victory":true,"max_hp_per_floor":[75,75,75,82,82,82,82,82,82,82,82,82,82,82,82,82,82,82,82,82,82,82,82,82,82,82,82,82,82,82,82,82,82,82,82,89,89,89,89,89,89,89,99,99,105,105,105,105,105,105],"card_choices":[{"not_picked":["Redo","Gash"],"picked":"FTL","floor":1},{"not_picked":["Coolheaded","Barrage"],"picked":"Leap","floor":3},{"not_picked":["Meteor Strike","Skim"],"picked":"Go for the Eyes","floor":7},{"not_picked":["Beam Cell","Compile Driver"],"picked":"Cold Snap","floor":10},{"not_picked":["Recycle","Stack"],"picked":"Rip and Tear","floor":11},{"not_picked":["Turbo","Rebound"],"picked":"Cold Snap","floor":13},{"not_picked":["Steam Power","Barrage","Meteor Strike"],"picked":"SKIP","floor":14},{"not_picked":["Amplify","Buffer"],"picked":"Electrodynamics","floor":16},{"not_picked":["Ball Lightning","BootSequence"],"picked":"Sweeping Beam+1","floor":18},{"not_picked":["Hello World","Barrage"],"picked":"BootSequence","floor":19},{"not_picked":["Barrage","Compile Driver"],"picked":"Stack+1","floor":23},{"not_picked":["Hello World","Rebound"],"picked":"Amplify","floor":25},{"not_picked":["Sweeping Beam","Cold Snap"],"picked":"Aggregate","floor":28},{"not_picked":["Genetic Algorithm+1","Steam"],"picked":"Hologram+1","floor":30},{"not_picked":["Rebound","Gash+1"],"picked":"Biased Cognition","floor":31},{"not_picked":["Compile Driver","Gash"],"picked":"Coolheaded","floor":32},{"not_picked":["Meteor Strike","Seek"],"picked":"Creative AI","floor":33},{"not_picked":["Turbo+1","Rebound"],"picked":"Beam Cell+1","floor":35},{"not_picked":["Turbo+1","Rebound+1","Sweeping Beam"],"picked":"SKIP","floor":37},{"not_picked":["Beam Cell","Darkness+1"],"picked":"Loop+1","floor":39},{"not_picked":["FTL","Gash"],"picked":"Echo Form","floor":41},{"not_picked":["Swift Strike","The Bomb"],"picked":"Impatience","floor":42},{"not_picked":["Scrape+1","Go for the Eyes"],"picked":"Ball Lightning+1","floor":44},{"not_picked":["Conserve Battery+1","Ball Lightning"],"picked":"Storm","floor":45},{"not_picked":["Lockon","Glacier"],"picked":"Compile Driver+1","floor":46},{"not_picked":["Leap+1","Conserve Battery"],"picked":"Chaos+1","floor":47}],"player_experience":572383,"relics_obtained":[{"floor":7,"key":"Oddly Smooth Stone"},{"floor":9,"key":"Dream Catcher"},{"floor":11,"key":"StoneCalendar"},{"floor":19,"key":"Emotion Chip"},{"floor":19,"key":"Kunai"},{"floor":20,"key":"Matryoshka"},{"floor":23,"key":"Ancient Tea Set"},{"floor":25,"key":"Mummified Hand"},{"floor":26,"key":"Blue Candle"},{"floor":30,"key":"Red Mask"},{"floor":31,"key":"Bottled Lightning"},{"floor":41,"key":"Symbiotic Virus"},{"floor":43,"key":"Pear"},{"floor":43,"key":"Darkstone Periapt"},{"floor":44,"key":"Lantern"},{"floor":46,"key":"Gremlin Horn"}],"event_choices":[{"damage_healed":0,"gold_gain":0,"player_choice":"Take Damage","damage_taken":18,"relics_obtained":["Golden Idol"],"max_hp_gain":0,"max_hp_loss":0,"event_name":"Golden Idol","floor":2,"gold_loss":0},{"damage_healed":0,"gold_gain":0,"player_choice":"Success","damage_taken":25,"relics_obtained":["Strawberry"],"max_hp_gain":0,"max_hp_loss":0,"event_name":"Scrap Ooze","floor":4,"gold_loss":0},{"damage_healed":0,"gold_gain":0,"player_choice":"Ignored","damage_taken":0,"max_hp_gain":0,"max_hp_loss":0,"event_name":"Shining Light","floor":5,"gold_loss":0},{"damage_healed":20,"gold_gain":0,"player_choice":"Healed","damage_taken":0,"max_hp_gain":0,"max_hp_loss":0,"event_name":"The Cleric","floor":8,"gold_loss":35},{"damage_healed":0,"gold_gain":0,"player_choice":"Fight","damage_taken":0,"max_hp_gain":0,"max_hp_loss":0,"event_name":"Colosseum","floor":19,"gold_loss":0},{"damage_healed":0,"gold_gain":0,"player_choice":"Fought Nobs","damage_taken":0,"max_hp_gain":0,"max_hp_loss":0,"event_name":"Colosseum","floor":19,"gold_loss":0},{"damage_healed":0,"gold_gain":0,"player_choice":"Ignored","damage_taken":0,"max_hp_gain":0,"max_hp_loss":0,"event_name":"The Mausoleum","floor":21,"gold_loss":0},{"damage_healed":0,"gold_gain":0,"player_choice":"Fought Bandits","damage_taken":0,"max_hp_gain":0,"max_hp_loss":0,"event_name":"Masked Bandits","floor":30,"gold_loss":0},{"damage_healed":0,"gold_gain":0,"player_choice":"Embrace Madness","damage_taken":11,"max_hp_gain":0,"max_hp_loss":0,"event_name":"Winding Halls","floor":38,"gold_loss":0,"cards_obtained":["Madness","Madness"]},{"damage_healed":0,"gold_gain":0,"player_choice":"Memory 1","damage_taken":0,"max_hp_gain":0,"max_hp_loss":0,"event_name":"SensoryStone","floor":42,"gold_loss":0}],"is_beta":false,"boss_relics":[{"not_picked":["Tiny House","Eternal Feather"],"picked":"Runic Dome"},{"not_picked":["Sozu","Runic Pyramid"],"picked":"Astrolabe"}],"items_purged_floors":[12,36],"is_endless":false,"potions_floor_spawned":[7,10,14,18,23,31,33,35,37,39],"ascension_level":8}