{"gold_per_floor":[111,122,197,211,211,242,242,254,254,269,304,318,349,104,104,178,178,198,209,109,109,24,52,52,87,87,116,36,36,61,72,72,150,150,168,179,179,195,195,227,227,227],"floor_reached":42,"playtime":1550,"items_purged":["Strike_R","Strike_R"],"score":1108,"play_id":"f1659988-fb52-403b-9884-bfd0c29a58e0","local_time":"20190226131105","is_ascension_mode":true,"campfire_choices":[{"data":"Immolate","floor":7.0,"key":"SMITH"},{"data":"Armaments","floor":15,"key":"SMITH"},{"floor":24,"key":"REST"},{"floor":29,"key":"REST"},{"floor":32,"key":"REST"},{"floor":41,"key":"DIG"}],"neow_cost":"NONE","seed_source_timestamp":0,"circlet_count":0,"master_deck":["AscendersBane","Strike_R","Defend_R+1","Defend_R","Defend_R+1","Bash","Immolate+1","Pommel Strike","Battle Trance","Inflame","Heavy Blade","Armaments+1","Shrug It Off","Feed","Headbutt","Inflame","Double Tap","Battle Trance+1","Flame Barrier","Inflame","Dual Wield+1","Reaper","Impervious+1","Wild Strike+1","Iron Wave+1","Anger","Feel No Pain","Reaper"],"special_seed":0,"relics":["Burning Blood","Ornamental Fan","Du-Vu Doll","Shovel","Juzu Bracelet","Kunai","Velvet Choker","MutagenicStrength","Smiling Mask","War Paint","Bronze Scales","Centennial Puzzle","Pantograph","Strawberry","Astrolabe","Omamori","Pen Nib"],"potions_floor_usage":[13,16,25,27,27,33,35,42],"damage_taken":[{"damage":2.0,"enemies":"2 Louse","floor":1.0,"turns":3.0},{"damage":3.0,"enemies":"Small Slimes","floor":2.0,"turns":2.0},{"damage":1.0,"enemies":"Cultist","floor":4.0,"turns":3.0},{"damage":22.0,"enemies":"3 Sentries","floor":6.0,"turns":6.0},{"damage":0.0,"enemies":"2 Fungi Beasts","floor":8.0,"turns":1.0},{"damage":12.0,"enemies":"Exordium Wildlife","floor":10.0,"turns":2.0},{"damage":30.0,"enemies":"Lagavulin","floor":11.0,"turns":5.0},{"damage":12.0,"enemies":"Exordium Thugs","floor":12.0,"turns":3.0},{"damage":0,"enemies":"3 Sentries","floor":13,"turns":2},{"damage":12,"enemies":"Slime Boss","floor":16,"turns":6},{"damage":0,"enemies":"Chosen","floor":18,"turns":2},{"damage":29,"enemies":"Shell Parasite","floor":19,"turns":6},{"damage":48,"enemies":"Slavers","floor":23,"turns":5},{"damage":26,"enemies":"Book of Stabbing","floor":25,"turns":4},{"damage":26,"enemies":"Slavers","floor":27,"turns":3},{"damage":31,"enemies":"Shelled Parasite and Fungi","floor":31,"turns":4},{"damage":70,"enemies":"Champ","floor":33,"turns":13},{"damage":6,"enemies":"3 Shapes","floor":35,"turns":2},{"damage":11,"enemies":"Orb Walker","floor":36,"turns":4},{"damage":69,"enemies":"Spire Growth","floor":38,"turns":5},{"damage":31,"enemies":"Nemesis","floor":40,"turns":5},{"damage":95,"enemies":"Giant Head","floor":42,"turns":7}],"seed_played":"1326615452086812774","potions_obtained":[{"floor":2.0,"key":"SteroidPotion"},{"floor":10.0,"key":"Energy Potion"},{"floor":11.0,"key":"Block Potion"},{"floor":12,"key":"Explosive Potion"},{"floor":16,"key":"BloodPotion"},{"floor":25,"key":"Regen Potion"},{"floor":31,"key":"Block Potion"},{"floor":33,"key":"Explosive Potion"},{"floor":36,"key":"Weak Potion"},{"floor":38,"key":"Swift Potion"}],"is_trial":false,"path_per_floor":["M","M","?","M","?","E","R","M","T","M","E","M","E","$","R","B",null,"M","M","$","?","?","E","R","E","T","E","$","R","T","M","R","B",null,"M","M","?","M","?","E","R","E"],"character_chosen":"IRONCLAD","items_purchased":["Shrug It Off","PowerPotion","Block Potion","Inflame"],"campfire_rested":3,"item_purchase_floors":[14,14,14,28],"current_hp_per_floor":[72,75,64,69,69,53,53,59,59,53,29,23,29,29,29,23,62,68,49,49,49,49,7,30,13,13,13,13,38,45,23,51,12,74,77,72,72,9,80,55,55,0],"gold":227,"neow_bonus":"ONE_RANDOM_RARE_CARD","is_prod":false,"is_daily":false,"chose_seed":false,"campfire_upgraded":2,"win_rate":0,"timestamp":1551183065,"path_taken":["M","M","?","M","?","E","R","M","T","M","E","M","E","$","R","BOSS","M","M","$","?","?","E","R","E","T","E","$","R","?","M","R","BOSS","M","M","?","M","?","E","R","E"],"build_version":"2019-01-23","purchased_purges":2,"victory":false,"max_hp_per_floor":[75,75,75,75,75,75,75,75,75,75,75,75,75,75,75,75,75,75,79,79,79,79,79,79,82,82,85,85,85,92,95,95,95,95,98,98,98,98,80,80,80,80],"card_choices":[{"not_picked":["Wild Strike","Clash"],"picked":"Pommel Strike","floor":1.0},{"not_picked":["Pommel Strike","Bloodletting"],"picked":"Battle Trance","floor":2.0},{"not_picked":["Twin Strike","Body Slam"],"picked":"Evolve","floor":4.0},{"not_picked":["Intimidate","Rupture","Havoc"],"picked":"SKIP","floor":6.0},{"not_picked":["Wild Strike","Body Slam"],"picked":"Inflame","floor":8.0},{"not_picked":["Headbutt","Reckless Charge"],"picked":"Heavy Blade","floor":10.0},{"not_picked":["Warcry","Juggernaut","Pommel Strike"],"picked":"SKIP","floor":11.0},{"not_picked":["Combust","Cleave","Wild Strike"],"picked":"SKIP","floor":12},{"not_picked":["Hemokinesis","Berserk"],"picked":"Armaments","floor":13},{"not_picked":["Fiend Fire","Berserk"],"picked":"Feed","floor":16},{"not_picked":["Rampage","Searing Blow"],"picked":"Headbutt","floor":18},{"not_picked":["Feel No Pain","Clothesline"],"picked":"Inflame","floor":19},{"not_picked":["Armaments","Hemokinesis"],"picked":"Double Tap","floor":23},{"not_picked":["Iron Wave+1","Cleave+1"],"picked":"Battle Trance+1","floor":25},{"not_picked":["Pommel Strike","Headbutt"],"picked":"Flame Barrier","floor":27},{"not_picked":["Wild Strike","Cleave"],"picked":"Dual Wield+1","floor":31},{"not_picked":["Exhume","Dark Embrace"],"picked":"Reaper","floor":33},{"not_picked":["Perfected Strike","Second Wind","Iron Wave+1"],"picked":"SKIP","floor":35},{"not_picked":["Thunderclap","Havoc"],"picked":"Anger","floor":36},{"not_picked":["Wild Strike+1","Twin Strike"],"picked":"Feel No Pain","floor":38},{"not_picked":["Wild Strike+1","Bloodletting"],"picked":"Reaper","floor":40}],"player_experience":1330030,"relics_obtained":[{"floor":6.0,"key":"Du-Vu Doll"},{"floor":9.0,"key":"Shovel"},{"floor":11.0,"key":"Juzu Bracelet"},{"floor":13,"key":"Kunai"},{"floor":23,"key":"War Paint"},{"floor":25,"key":"Bronze Scales"},{"floor":26,"key":"Centennial Puzzle"},{"floor":27,"key":"Pantograph"},{"floor":30,"key":"Strawberry"},{"floor":40,"key":"Omamori"},{"floor":41,"key":"Pen Nib"}],"event_choices":[{"damage_healed":0.0,"max_hp_gain":0.0,"max_hp_loss":0.0,"gold_gain":75.0,"event_name":"World of Goop","player_choice":"Gather Gold","floor":3.0,"gold_loss":0.0,"damage_taken":11.0},{"cards_removed":["Evolve"],"damage_healed":0.0,"max_hp_gain":0.0,"max_hp_loss":0.0,"gold_gain":0.0,"event_name":"WeMeetAgain","player_choice":"Gave Card","floor":5.0,"gold_loss":0.0,"damage_taken":0.0,"relics_obtained":["Ornamental Fan"]},{"damage_healed":0,"gold_gain":0,"player_choice":"Inject Mutagens","damage_taken":0,"relics_obtained":["MutagenicStrength"],"max_hp_gain":0,"max_hp_loss":0,"event_name":"Drug Dealer","floor":21,"gold_loss":0},{"damage_healed":0,"gold_gain":0,"player_choice":"Obtained Relic","damage_taken":0,"relics_obtained":["Smiling Mask"],"max_hp_gain":0,"max_hp_loss":0,"event_name":"Addict","floor":22,"gold_loss":85},{"damage_healed":0,"gold_gain":0,"player_choice":"Ignored","damage_taken":0,"max_hp_gain":0,"max_hp_loss":0,"event_name":"Tomb of Lord Red Mask","floor":37,"gold_loss":0},{"damage_healed":80,"gold_gain":0,"player_choice":"Heal","damage_taken":0,"max_hp_gain":0,"max_hp_loss":18,"event_name":"The Moai Head","floor":39,"gold_loss":0}],"is_beta":false,"boss_relics":[{"not_picked":["Snecko Eye","Sozu"],"picked":"Velvet Choker"},{"not_picked":["Runic Cube","Eternal Feather"],"picked":"Astrolabe"}],"items_purged_floors":[14,20],"is_endless":false,"potions_floor_spawned":[2,10,11,12,16,25,31,33,36,38],"killed_by":"Giant Head","ascension_level":20}