{"gold_per_floor":[110,35,54,64,84,84,116,133,133,133,133,133,83,8,8,8],"floor_reached":16,"playtime":714,"items_purged":["Strike_B"],"score":115,"play_id":"1216011e-928b-4907-9320-7768aa56f43b","local_time":"20181006124707","is_ascension_mode":true,"campfire_choices":[{"data":"Beam Cell","floor":6.0,"key":"SMITH"},{"data":"Go for the Eyes","floor":11,"key":"SMITH"},{"data":"Loop","floor":15,"key":"SMITH"}],"neow_cost":"","seed_source_timestamp":0,"circlet_count":0,"master_deck":["Strike_B+1","Strike_B","Strike_B","Defend_B","Defend_B","Defend_B+1","Zap","Dualcast","Beam Cell+1","Go for the Eyes+1","Coolheaded","Glacier","Hologram","Loop+1"],"special_seed":0,"relics":["Cracked Core","Lantern","Mummified Hand"],"potions_floor_usage":[],"damage_taken":[{"damage":0.0,"enemies":"2 Louse","floor":1.0,"turns":2.0},{"damage":7.0,"enemies":"Small Slimes","floor":3.0,"turns":2.0},{"damage":4.0,"enemies":"Jaw Worm","floor":4.0,"turns":3.0},{"damage":5.0,"enemies":"2 Fungi Beasts","floor":5.0,"turns":3.0},{"damage":19.0,"enemies":"3 Sentries","floor":7.0,"turns":10.0},{"damage":10.0,"enemies":"Looter","floor":8.0,"turns":3.0},{"damage":40,"enemies":"Hexaghost","floor":16,"turns":12}],"seed_played":"6324066876099726815","potions_obtained":[{"floor":1.0,"key":"PowerPotion"},{"floor":5.0,"key":"Poison Potion"}],"is_trial":false,"path_per_floor":["M","$","M","M","M","R","E","M","T","?","R","?","?","$","R"],"character_chosen":"DEFECT","items_purchased":["Loop"],"campfire_rested":0,"item_purchase_floors":[14],"current_hp_per_floor":[75,75,68,64,59,59,40,30,30,55,55,40,40,40,40,0],"gold":8,"neow_bonus":"","is_prod":false,"is_daily":false,"chose_seed":false,"campfire_upgraded":3,"win_rate":0,"timestamp":1538801227,"path_taken":["M","$","M","M","M","R","E","M","T","?","R","?","?","$","R","BOSS"],"build_version":"2018-10-04v2","purchased_purges":1,"victory":false,"max_hp_per_floor":[75,75,75,75,75,75,75,75,75,75,75,75,75,75,75,75],"card_choices":[{"not_picked":["Coolheaded","Tempest"],"picked":"Beam Cell","floor":0.0},{"not_picked":["Reinforced Body","Hello World","FTL"],"picked":"SKIP","floor":1.0},{"not_picked":["Stack","Cold Snap","Compile Driver"],"picked":"SKIP","floor":3.0},{"not_picked":["Ball Lightning","Cold Snap"],"picked":"Go for the Eyes","floor":4.0},{"not_picked":["Stack","FTL"],"picked":"Coolheaded","floor":5.0},{"not_picked":["Reprogram","Leap"],"picked":"Glacier","floor":7.0},{"not_picked":["Auto Shields","Go for the Eyes"],"picked":"Hologram","floor":8.0}],"player_experience":241860,"relics_obtained":[{"floor":7.0,"key":"Lantern"},{"floor":9.0,"key":"Mummified Hand"}],"event_choices":[{"event_name":"Big Fish","player_choice":"Banana","floor":10.0,"damage_taken":0.0},{"event_name":"Shining Light","player_choice":"Entered Light","floor":12,"damage_taken":0},{"event_name":"The Cleric","player_choice":"Card Removal","floor":13,"damage_taken":0}],"is_beta":false,"boss_relics":[],"items_purged_floors":[],"is_endless":false,"potions_floor_spawned":[1,5],"killed_by":"Hexaghost","ascension_level":3}