{"path_per_floor":["M","M","M","M","?","E","M","$","T","?","E","R","$","M","R"],"character_chosen":"DEFECT","items_purchased":["Bottled Lightning","Capacitor"],"gold_per_floor":[112,127,147,159,259,292,303,50,50,50,80,80,29,44,44,44],"floor_reached":16,"campfire_rested":2,"playtime":856,"current_hp_per_floor":[75,69,42,36,36,26,14,14,14,14,4,26,26,17,39,0],"items_purged":[],"gold":44,"score":118,"play_id":"0f3d013d-6d19-4061-a46e-b4cbf51d170f","local_time":"20180517132705","is_prod":false,"is_daily":false,"chose_seed":false,"is_ascension_mode":true,"campfire_upgraded":0,"timestamp":1526556425,"campfire_choices":[{"floor":12,"key":"REST"},{"floor":15,"key":"REST"}],"path_taken":["M","M","M","M","?","E","?","$","T","?","E","R","?","M","R","BOSS"],"build_version":"2018-05-16","seed_source_timestamp":0,"purchased_purges":0,"victory":false,"master_deck":["Strike_B","Strike_B","Strike_B","Strike_B","Defend_B","Defend_B","Defend_B","Defend_B","Zap","Dualcast","Storm","Scrape","Heatsinks","Streamline","Sunder","Aggregate","Lockon","Streamline","Zap","Thunder Strike","Capacitor","Capacitor"],"max_hp_per_floor":[75,75,75,75,75,75,75,75,75,75,75,75,75,75,75,75],"relics":["Cracked Core","Oddly Smooth Stone","Bottled Lightning","Bird Faced Urn","Darkstone Periapt"],"card_choices":[{"not_picked":["Rebound","Coolheaded"],"picked":"Storm","floor":0.0},{"not_picked":["Leap","Hologram"],"picked":"Scrape","floor":1},{"not_picked":["FTL","Gash"],"picked":"Heatsinks","floor":2},{"not_picked":["Steam","Axe Kick"],"picked":"Streamline","floor":3},{"not_picked":["Scrape","Lockon"],"picked":"Sunder","floor":4},{"not_picked":["Go for the Eyes","Leap"],"picked":"Aggregate","floor":6},{"not_picked":["Turbo","Go for the Eyes"],"picked":"Lockon","floor":7},{"not_picked":["Streamline","Hologram"],"picked":"Thunder Strike","floor":11},{"not_picked":["Ball Lightning","Skim"],"picked":"Capacitor","floor":14}],"player_experience":147529,"potions_floor_usage":[4,6,11,16],"damage_taken":[{"damage":0.0,"enemies":"Cultist","floor":1.0,"turns":4.0},{"damage":6,"enemies":"Jaw Worm","floor":2,"turns":3},{"damage":27,"enemies":"Lots of Slimes","floor":3,"turns":6},{"damage":6,"enemies":"Exordium Wildlife","floor":4,"turns":2},{"damage":25,"enemies":"3 Sentries","floor":6,"turns":7},{"damage":12,"enemies":"Blue Slaver","floor":7,"turns":3},{"damage":18,"enemies":"Gremlin Nob","floor":11,"turns":4},{"damage":15,"enemies":"3 Louse","floor":14,"turns":4},{"damage":52,"enemies":"Slime Boss","floor":16,"turns":7}],"relics_obtained":[{"floor":6,"key":"Oddly Smooth Stone"},{"floor":9,"key":"Bird Faced Urn"},{"floor":11,"key":"Darkstone Periapt"}],"event_choices":[{"event_name":"Golden Shrine","player_choice":"Pray","floor":5,"damage_taken":0},{"event_name":"Match and Keep!","player_choice":"2 cards matched","floor":10,"damage_taken":0},{"event_name":"Match and Keep!","player_choice":"2 cards matched","floor":10,"damage_taken":0}],"boss_relics":[],"potions_floor_spawned":[2,4,7,14],"seed_played":"1434777529324235929","killed_by":"Slime Boss","ascension_level":1,"potions_obtained":[{"floor":2,"key":"SteroidPotion"},{"floor":4,"key":"Regen Potion"},{"floor":7,"key":"PowerPotion"},{"floor":14,"key":"Ancient Potion"}],"is_trial":false}