{"gold_per_floor":[116,116,266,191,13,44,61,88,170,170,170,170,9,24,24,97,97,111,111,125,50,68,99,119,34,34,34,34,67,17,31,31,102,102,114,141,152,152,164,195,175,193,216,216,234,248,264,294,294,294,294,294,294,83,109,109],"floor_reached":56,"playtime":2315,"items_purged":["Strike_G","Infinite Blades"],"score":2160,"play_id":"96a127a5-8069-4ff1-974d-18f46a23813b","local_time":"20190620152720","is_ascension_mode":true,"campfire_choices":[{"data":"Crippling Poison","floor":10.0,"key":"SMITH"},{"data":"Catalyst","floor":12.0,"key":"SMITH"},{"data":"Catalyst","floor":15.0,"key":"SMITH"},{"data":"Wraith Form v2","floor":28.0,"key":"SMITH"},{"data":"Night Terror","floor":32.0,"key":"SMITH"},{"data":"Wraith Form v2","floor":44,"key":"SMITH"},{"floor":49,"key":"RECALL"},{"data":"Malaise","floor":53,"key":"SMITH"}],"neow_cost":"NONE","seed_source_timestamp":0,"circlet_count":0,"master_deck":["AscendersBane","Defend_G","Defend_G","Defend_G","Defend_G","Defend_G","Strike_G","Strike_G","Strike_G","Survivor","Neutralize","Backflip","Well Laid Plans","Dagger Spray","Catalyst+1","Crippling Poison+1","Catalyst+1","Deadly Poison","Night Terror+1","PiercingWail","Poisoned Stab","Wraith Form v2+1","Concentrate+1","Malaise+1","PiercingWail","Wraith Form v2+1","Crippling Poison","Escape Plan","Malaise"],"special_seed":0,"relics":["Ring of the Snake","Centennial Puzzle","Orichalcum","Meat on the Bone","PreservedInsect","Runic Pyramid","Nloth\u0027s Gift","Snake Skull","Mummified Hand","Torii","Velvet Choker","Bronze Scales","Question Card","Oddly Smooth Stone","Anchor"],"potions_floor_usage":[55,55,55,55],"damage_taken":[{"damage":0.0,"enemies":"2 Louse","floor":1.0,"turns":1.0},{"damage":0.0,"enemies":"Lagavulin","floor":6.0,"turns":1.0},{"damage":0.0,"enemies":"Jaw Worm","floor":7.0,"turns":1.0},{"damage":30.0,"enemies":"3 Sentries","floor":8.0,"turns":8.0},{"damage":1.0,"enemies":"Small Slimes","floor":14.0,"turns":3.0},{"damage":0.0,"enemies":"Hexaghost","floor":16.0,"turns":6.0},{"damage":0.0,"enemies":"Chosen","floor":18.0,"turns":3.0},{"damage":23.0,"enemies":"2 Thieves","floor":20.0,"turns":4.0},{"damage":12.0,"enemies":"Snecko","floor":22.0,"turns":5.0},{"damage":0.0,"enemies":"Gremlin Leader","floor":23.0,"turns":2.0},{"damage":32.0,"enemies":"Sentry and Sphere","floor":24.0,"turns":8.0},{"damage":7.0,"enemies":"Colosseum Slavers","floor":27.0,"turns":5.0},{"damage":8.0,"enemies":"Book of Stabbing","floor":29.0,"turns":3.0},{"damage":0.0,"enemies":"Centurion and Healer","floor":31.0,"turns":7.0},{"damage":7.0,"enemies":"Collector","floor":33.0,"turns":5.0},{"damage":7.0,"enemies":"3 Shapes","floor":35.0,"turns":3.0},{"damage":2,"enemies":"3 Darklings","floor":37,"turns":3},{"damage":0,"enemies":"Sphere and 2 Shapes","floor":39,"turns":6},{"damage":0,"enemies":"Nemesis","floor":40,"turns":7},{"damage":0,"enemies":"Maw","floor":42,"turns":7},{"damage":0,"enemies":"Transient","floor":45,"turns":6},{"damage":2,"enemies":"4 Shapes","floor":46,"turns":6},{"damage":0,"enemies":"Maw","floor":47,"turns":4},{"damage":19,"enemies":"Giant Head","floor":48,"turns":5},{"damage":18,"enemies":"Donu and Deca","floor":50,"turns":8},{"damage":11,"enemies":"Awakened One","floor":51,"turns":10},{"damage":44,"enemies":"Shield and Spear","floor":55,"turns":6},{"damage":29,"enemies":"The Heart","floor":56,"turns":9}],"seed_played":"-2313675035578204258","potions_obtained":[{"floor":7.0,"key":"Fire Potion"},{"floor":11.0,"key":"Explosive Potion"},{"floor":14.0,"key":"Block Potion"},{"floor":22.0,"key":"Strength Potion"},{"floor":29.0,"key":"Fruit Juice"},{"floor":33.0,"key":"Fire Potion"},{"floor":42,"key":"EssenceOfSteel"}],"is_trial":false,"path_per_floor":["M","?","?","?","$","E","M","E","T","R","?","R","$","M","R","B",null,"M","?","M","$","M","E","M","$","T","?","R","E","?","M","R","B",null,"M","T","M","?","M","E","?","M","T","R","M","M","M","E","R","B","B",null,"R","$","E","B"],"character_chosen":"THE_SILENT","items_purchased":["Well Laid Plans","Dagger Spray","Catalyst","PreservedInsect","Wraith Form v2","EntropicBrew"],"campfire_rested":0,"item_purchase_floors":[5,5,5,13,25,54],"current_hp_per_floor":[59,52,52,52,52,52,52,22,22,22,22,22,22,33,33,45,61,61,61,38,38,38,38,18,18,18,23,23,27,27,39,39,49,66,59,59,57,57,57,57,57,57,57,57,57,55,55,36,36,30,31,61,61,61,29,0],"gold":109,"neow_bonus":"THREE_ENEMY_KILL","is_prod":false,"is_daily":false,"chose_seed":false,"campfire_upgraded":7,"win_rate":0,"timestamp":1561037240,"path_taken":["M","?","?","?","$","E","M","E","T","R","?","R","$","M","R","BOSS","M","?","?","$","M","E","M","$","T","?","R","E","?","M","R","BOSS","M","?","M","?","M","E","?","M","T","R","M","M","?","E","R","BOSS","BOSS","R","$","E","BOSS"],"build_version":"2019-01-23","purchased_purges":2,"victory":false,"max_hp_per_floor":[66,66,66,66,66,66,66,66,66,66,66,66,66,66,66,66,66,66,66,66,66,66,66,66,66,66,66,66,66,66,66,66,71,71,71,71,71,71,71,71,71,71,71,71,71,71,71,71,71,71,71,71,71,71,71,71],"card_choices":[{"not_picked":["Escape Plan","Prepared"],"picked":"Backflip","floor":1.0},{"not_picked":["Bane","Blur"],"picked":"Infinite Blades","floor":6.0},{"not_picked":["Terror","Predator"],"picked":"Crippling Poison","floor":7.0},{"not_picked":["Backflip","Dagger Spray"],"picked":"Catalyst","floor":8.0},{"not_picked":["Terror","Quick Slash"],"picked":"Deadly Poison","floor":14.0},{"not_picked":["Glass Knife","A Thousand Cuts"],"picked":"Night Terror","floor":16.0},{"not_picked":["Blade Dance","Sucker Punch","Dagger Spray+1"],"picked":"SKIP","floor":18.0},{"not_picked":["Outmaneuver","Quick Slash"],"picked":"PiercingWail","floor":20.0},{"not_picked":["Slice","Backflip","Quick Slash"],"picked":"SKIP","floor":22.0},{"not_picked":["Tools of the Trade","Expertise","Sucker Punch"],"picked":"SKIP","floor":23.0},{"not_picked":["Acrobatics","Dagger Spray"],"picked":"Poisoned Stab","floor":24.0},{"not_picked":["Tactician","Night Terror","Venomology"],"picked":"SKIP","floor":29.0},{"not_picked":["Slice","Dash"],"picked":"Concentrate+1","floor":31.0},{"not_picked":["Doppelganger","Night Terror"],"picked":"Malaise","floor":33.0},{"not_picked":["Calculated Gamble","A Thousand Cuts"],"picked":"PiercingWail","floor":35.0},{"not_picked":["Dodge and Roll","Predator","Dagger Throw"],"picked":"SKIP","floor":37},{"not_picked":["Cloak And Dagger","Eviscerate","Setup"],"picked":"SKIP","floor":39},{"not_picked":["Riddle With Holes+1","Flying Knee"],"picked":"Wraith Form v2","floor":40},{"not_picked":["Underhanded Strike","Dagger Throw","Sucker Punch","Backstab"],"picked":"SKIP","floor":42},{"not_picked":["Outmaneuver","Bane","Slice","Dagger Throw"],"picked":"SKIP","floor":45},{"not_picked":["Dodge and Roll+1","Finisher","Blur"],"picked":"Crippling Poison","floor":46},{"not_picked":["Sucker Punch+1","Dagger Throw","Caltrops"],"picked":"Escape Plan","floor":47},{"not_picked":["Quick Slash","PiercingWail","Slice+1","Outmaneuver+1"],"picked":"SKIP","floor":48},{"not_picked":["Malaise","Acrobatics","Blur","Glass Knife"],"picked":"SKIP","floor":55},{"not_picked":["Acrobatics","Blur","Glass Knife"],"picked":"Malaise","floor":55}],"player_experience":1756764,"relics_obtained":[{"floor":6.0,"key":"Centennial Puzzle"},{"floor":8.0,"key":"Orichalcum"},{"floor":9.0,"key":"Meat on the Bone"},{"floor":23.0,"key":"Snake Skull"},{"floor":26.0,"key":"Mummified Hand"},{"floor":29.0,"key":"Torii"},{"floor":36.0,"key":"Bronze Scales"},{"floor":40,"key":"Question Card"},{"floor":48,"key":"Oddly Smooth Stone"},{"floor":55,"key":"Anchor"}],"event_choices":[{"cards_removed":["Strike_G"],"damage_healed":0.0,"max_hp_gain":0.0,"max_hp_loss":0.0,"gold_gain":0.0,"event_name":"Golden Wing","player_choice":"Card Removal","floor":2.0,"gold_loss":0.0,"damage_taken":7.0},{"damage_healed":0.0,"max_hp_gain":0.0,"max_hp_loss":0.0,"gold_gain":150.0,"event_name":"Liars Game","player_choice":"AGREE","floor":3.0,"gold_loss":0.0,"damage_taken":0.0,"cards_obtained":["Doubt"]},{"cards_removed":["Doubt"],"damage_healed":0.0,"max_hp_gain":0.0,"max_hp_loss":0.0,"gold_gain":0.0,"event_name":"The Cleric","player_choice":"Card Removal","floor":4.0,"gold_loss":75.0,"damage_taken":0.0},{"damage_healed":0.0,"max_hp_gain":0.0,"max_hp_loss":0.0,"gold_gain":0.0,"event_name":"Lab","player_choice":"Got Potions","floor":11.0,"gold_loss":0.0,"damage_taken":0.0},{"damage_healed":0.0,"max_hp_gain":0.0,"max_hp_loss":0.0,"gold_gain":0.0,"event_name":"N\u0027loth","player_choice":"Traded Relic","floor":19.0,"relics_lost":["NeowsBlessing"],"gold_loss":0.0,"damage_taken":0.0,"relics_obtained":["Nloth\u0027s Gift"]},{"damage_healed":0.0,"max_hp_gain":0.0,"max_hp_loss":0.0,"gold_gain":0.0,"event_name":"Colosseum","player_choice":"Fight","floor":27.0,"gold_loss":0.0,"damage_taken":0.0},{"damage_healed":0.0,"max_hp_gain":0.0,"max_hp_loss":0.0,"gold_gain":0.0,"event_name":"Colosseum","player_choice":"Fled From Nobs","floor":27.0,"gold_loss":0.0,"damage_taken":0.0},{"damage_healed":0.0,"max_hp_gain":0.0,"max_hp_loss":0.0,"gold_gain":0.0,"event_name":"The Joust","player_choice":"Bet on Murderer","floor":30.0,"gold_loss":50.0,"damage_taken":0.0},{"damage_healed":0,"gold_gain":0,"player_choice":"Ignored","damage_taken":0,"max_hp_gain":0,"max_hp_loss":0,"event_name":"Tomb of Lord Red Mask","floor":38,"gold_loss":0},{"damage_healed":0,"gold_gain":0,"player_choice":"Bought 1 Potion","damage_taken":0,"max_hp_gain":0,"max_hp_loss":0,"event_name":"The Woman in Blue","floor":41,"gold_loss":0}],"is_beta":false,"boss_relics":[{"not_picked":["Lizard Tail","Ectoplasm"],"picked":"Runic Pyramid"},{"not_picked":["Philosopher\u0027s Stone","Coffee Dripper"],"picked":"Velvet Choker"}],"items_purged_floors":[21,54],"is_endless":false,"potions_floor_spawned":[7,14,22,29,33,35,40,42,47],"killed_by":"The Heart","ascension_level":20}