{"path_per_floor":["M","?","M","M","M","R","E","M","T","R","M","$","?","M","R","B",null,"M","M"],"character_chosen":"DEFECT","items_purchased":["Defragment","Dramatic Entrance"],"gold_per_floor":[111,111,124,143,160,160,190,203,203,203,222,58,87,98,98,203,203,221,231,231],"floor_reached":20,"campfire_rested":1,"playtime":657,"item_purchase_floors":[12,12],"current_hp_per_floor":[68,53,53,51,51,51,34,32,32,32,24,24,15,12,34,6,58,42,42,0],"items_purged":[],"gold":231,"score":240,"play_id":"f7c5f42f-22c2-4c82-83a5-ab0601c90b38","local_time":"20180606211645","is_prod":false,"is_daily":false,"chose_seed":false,"is_ascension_mode":true,"campfire_upgraded":2,"win_rate":0,"timestamp":1528312605,"campfire_choices":[{"data":"Dualcast","floor":6,"key":"SMITH"},{"data":"Darkness","floor":10,"key":"SMITH"},{"floor":15,"key":"REST"}],"path_taken":["M","?","M","?","M","R","E","?","T","R","M","$","?","M","R","BOSS","M","M","M"],"build_version":"2018-06-05","seed_source_timestamp":38109282864903,"purchased_purges":0,"victory":false,"master_deck":["Strike_B","Strike_B","Strike_B+1","Strike_B","Defend_B","Defend_B","Defend_B","Defend_B","Zap+1","Dualcast+1","Sunder","Darkness+1","Leap","Sunder","Multi-Cast","Beam Cell","Steam","Defragment","Dramatic Entrance","Static Discharge","Capacitor","Reboot","Conserve Battery","Leap"],"max_hp_per_floor":[75,75,75,75,75,75,75,75,75,75,75,75,75,75,75,75,75,75,75,75],"relics":["Cracked Core","Lantern","Cables","Odd Mushroom","Cursed Key"],"card_choices":[{"not_picked":["Gash","Go for the Eyes"],"picked":"Sunder","floor":1},{"not_picked":["Redo","Turbo"],"picked":"Darkness","floor":3},{"not_picked":["Sweeping Beam","Skim"],"picked":"Leap","floor":4},{"not_picked":["Ball Lightning","Stack"],"picked":"Sunder","floor":5},{"not_picked":["Conserve Battery","Recycle"],"picked":"Multi-Cast","floor":7},{"not_picked":["Rebound","Reinforced Body"],"picked":"Beam Cell","floor":8},{"not_picked":["Rebound","Recycle"],"picked":"Steam","floor":11},{"not_picked":["Beam Cell","Coolheaded"],"picked":"Static Discharge","floor":13},{"not_picked":["Compile Driver","Go for the Eyes"],"picked":"Capacitor","floor":14},{"not_picked":["Meteor Strike","Biased Cognition"],"picked":"Reboot","floor":16},{"not_picked":["Beam Cell","Coolheaded"],"picked":"Conserve Battery","floor":18},{"not_picked":["Sunder","Beam Cell"],"picked":"Leap","floor":19}],"player_experience":288095,"potions_floor_usage":[5,8,13,13,14,16,19],"damage_taken":[{"damage":0,"enemies":"Cultist","floor":1,"turns":4},{"damage":0,"enemies":"2 Louse","floor":3,"turns":1},{"damage":2,"enemies":"Jaw Worm","floor":4,"turns":3},{"damage":0,"enemies":"Exordium Wildlife","floor":5,"turns":2},{"damage":17,"enemies":"3 Sentries","floor":7,"turns":6},{"damage":2,"enemies":"Gremlin Gang","floor":8,"turns":3},{"damage":8,"enemies":"Red Slaver","floor":11,"turns":3},{"damage":9,"floor":13,"turns":2},{"damage":3,"enemies":"Exordium Wildlife","floor":14,"turns":2},{"damage":28,"enemies":"The Guardian","floor":16,"turns":8},{"damage":16,"enemies":"Chosen","floor":18,"turns":4},{"damage":0,"enemies":"Spheric Guardian","floor":19,"turns":2},{"damage":48,"enemies":"Snake Plant","floor":20,"turns":2}],"relics_obtained":[{"floor":7,"key":"Lantern"},{"floor":9,"key":"Cables"},{"floor":13,"key":"Odd Mushroom"}],"event_choices":[{"event_name":"Shining Light","player_choice":"Entered Light","floor":2,"damage_taken":0},{"event_name":"Mushrooms","player_choice":"Fought Mushrooms","floor":13,"damage_taken":0}],"boss_relics":[{"not_picked":["Eternal Feather","Calling Bell"],"picked":"Cursed Key"}],"items_purged_floors":[],"potions_floor_spawned":[1,4,7,11],"seed_played":"-7523724827479525089","killed_by":"Snake Plant","ascension_level":7,"potions_obtained":[{"floor":1,"key":"AttackPotion"},{"floor":4,"key":"EssenceOfSteel"},{"floor":7,"key":"Ancient Potion"},{"floor":11,"key":"EntropicBrew"}],"is_trial":false}