{"gold_per_floor":[111,111,130,150,150,150,170,170,195,195,239,253,253,311,311,442,442,456,472,485,485,160,160,198,198,277,290,313,313,329,329,329,329],"floor_reached":33,"playtime":1223,"items_purged":[],"score":401,"play_id":"61e5fc65-13b7-4646-a8fd-e7af26a2066d","local_time":"20180914185732","is_ascension_mode":true,"campfire_choices":[{"floor":6,"key":"REST"},{"data":"A Thousand Cuts","floor":8,"key":"SMITH"},{"data":"Neutralize","floor":10,"key":"SMITH"},{"floor":13,"key":"REST"},{"data":"Adrenaline","floor":15,"key":"SMITH"},{"data":"Accuracy","floor":23,"key":"SMITH"},{"floor":25,"key":"REST"},{"floor":29,"key":"REST"},{"floor":32,"key":"REST"}],"neow_cost":"NONE","seed_source_timestamp":34022588077268,"circlet_count":0,"master_deck":["Survivor+1","Neutralize+1","AscendersBane","A Thousand Cuts+1","Dagger Throw","All Out Attack","Dagger Spray","Cloak And Dagger","Adrenaline+1","Dagger Spray","After Image","Sucker Punch","Blade Dance","Cloak And Dagger","Crippling Poison","Endless Agony","Choke","Blur","Quick Slash","Calculated Gamble","Sucker Punch","Outmaneuver","Footwork+1","Accuracy+1","Mind Blast","Doppelganger","Noxious Fumes","Bane+1","Cloak And Dagger","Bouncing Flask+1","Endless Agony+1"],"relics":["Ring of the Snake","Golden Idol","Bag of Marbles","Omamori","Pandora\u0027s Box","Bottled Tornado","Ice Cream","Letter Opener"],"potions_floor_usage":[16,16,24,30,33,33,33],"damage_taken":[{"damage":1,"enemies":"Jaw Worm","floor":1,"turns":5},{"damage":12,"enemies":"Small Slimes","floor":3,"turns":4},{"damage":0,"enemies":"2 Louse","floor":4,"turns":3},{"damage":10,"enemies":"Blue Slaver","floor":7,"turns":3},{"damage":25,"enemies":"Lagavulin","floor":11,"turns":8},{"damage":0,"enemies":"Looter","floor":12,"turns":2},{"damage":44,"enemies":"Hexaghost","floor":16,"turns":13},{"damage":5,"enemies":"2 Thieves","floor":18,"turns":3},{"damage":15,"enemies":"Shell Parasite","floor":19,"turns":4},{"damage":2,"enemies":"Snecko","floor":20,"turns":3},{"damage":21,"enemies":"Book of Stabbing","floor":24,"turns":7},{"damage":21,"enemies":"Snake Plant","floor":27,"turns":5},{"damage":5,"enemies":"Cultist and Chosen","floor":28,"turns":6},{"damage":8,"enemies":"Snecko","floor":30,"turns":3},{"damage":47,"enemies":"Collector","floor":33,"turns":5}],"seed_played":"-2158367195548368725","potions_obtained":[{"floor":3,"key":"GhostInAJar"},{"floor":4,"key":"Regen Potion"},{"floor":12,"key":"Regen Potion"},{"floor":20,"key":"GamblersBrew"},{"floor":24,"key":"AttackPotion"},{"floor":30,"key":"Ancient Potion"},{"floor":31,"key":"SpeedPotion"},{"floor":31,"key":"Strength Potion"}],"is_trial":false,"path_per_floor":["M","?","M","M","?","R","M","R","T","R","E","M","R","?","R","B",null,"M","M","M","?","$","R","E","R","T","M","M","R","M","?","R"],"character_chosen":"THE_SILENT","items_purchased":["Noxious Fumes","Bottled Tornado"],"campfire_rested":5,"item_purchase_floors":[22,22],"current_hp_per_floor":[62,45,33,33,19,40,30,30,30,30,5,5,26,26,26,9,55,50,35,33,33,33,33,12,33,33,12,7,28,20,20,41,0],"gold":329,"neow_bonus":"ONE_RANDOM_RARE_CARD","is_prod":false,"is_daily":false,"chose_seed":false,"campfire_upgraded":4,"win_rate":0,"timestamp":1536944252,"path_taken":["M","?","M","M","?","R","M","R","T","R","E","M","R","?","R","BOSS","M","M","M","?","$","R","E","R","T","M","?","R","?","?","R","BOSS"],"build_version":"2018-09-12","purchased_purges":0,"victory":false,"max_hp_per_floor":[70,70,70,70,70,70,70,70,70,70,70,70,70,70,70,70,70,70,70,70,70,70,70,70,70,70,70,70,70,70,70,70,70],"card_choices":[{"not_picked":["Dodge and Roll","Reflex"],"picked":"Dagger Throw","floor":1},{"not_picked":["Deadly Poison","Deflect"],"picked":"All Out Attack","floor":3},{"not_picked":["Outmaneuver","Poisoned Stab"],"picked":"Dagger Spray","floor":4},{"not_picked":["Flying Knee","Deadly Poison"],"picked":"Cloak And Dagger","floor":7},{"not_picked":["Footwork","Finisher"],"picked":"Adrenaline","floor":11},{"not_picked":["Dagger Throw","Prepared"],"picked":"Dagger Spray","floor":12},{"not_picked":["Glass Knife","Malaise"],"picked":"After Image","floor":16},{"not_picked":["Slice","Bane"],"picked":"Outmaneuver","floor":18},{"not_picked":["Setup","Calculated Gamble"],"picked":"Footwork+1","floor":19},{"not_picked":["Flying Knee+1","Sucker Punch+1"],"picked":"Accuracy","floor":20},{"not_picked":["Sucker Punch","Well Laid Plans"],"picked":"Bane+1","floor":24},{"not_picked":["Poisoned Stab","Calculated Gamble+1"],"picked":"Cloak And Dagger","floor":27},{"not_picked":["Reflex","PiercingWail"],"picked":"Bouncing Flask+1","floor":28},{"not_picked":["Dagger Throw+1","Slice"],"picked":"Endless Agony+1","floor":30}],"player_experience":433781,"relics_obtained":[{"floor":9,"key":"Bag of Marbles"},{"floor":11,"key":"Omamori"},{"floor":24,"key":"Ice Cream"},{"floor":26,"key":"Letter Opener"}],"event_choices":[{"event_name":"Golden Idol","player_choice":"Take Damage","floor":2,"damage_taken":0},{"event_name":"Shining Light","player_choice":"Entered Light","floor":5,"damage_taken":0},{"event_name":"Golden Wing","player_choice":"Gained Gold","floor":14,"damage_taken":0},{"event_name":"Match and Keep!","player_choice":"2 cards matched","floor":21,"damage_taken":0},{"event_name":"The Lab","player_choice":"Got Potions","floor":31,"damage_taken":0}],"is_beta":true,"boss_relics":[{"not_picked":["Velvet Choker","White Beast Statue"],"picked":"Pandora\u0027s Box"}],"items_purged_floors":[],"is_endless":false,"potions_floor_spawned":[3,4,12,20,24,30],"killed_by":"Collector","ascension_level":10}