{"gold_per_floor":[14,24,174,188,26,26,57,75,75,75,75,90,118,132,132,209,209,219,234,284,284,296,296,296],"floor_reached":24,"playtime":694,"items_purged":["Doubt"],"score":416,"play_id":"3b3321e7-6ebf-43d4-bb09-98665723c818","local_time":"20190409194553","is_ascension_mode":true,"campfire_choices":[{"data":"Bludgeon","floor":6.0,"key":"SMITH"},{"data":"Bash","floor":10.0,"key":"SMITH"},{"data":"Bludgeon","floor":15.0,"key":"SMITH"},{"floor":23.0,"key":"REST"}],"neow_cost":"NO_GOLD","seed_source_timestamp":0,"circlet_count":0,"master_deck":["AscendersBane","Strike_R","Strike_R","Strike_R","Strike_R","Defend_R","Defend_R","Defend_R","Defend_R","Bash+1","Bludgeon+1","Power Through","Shrug It Off","Bludgeon+1","Flame Barrier","Ghostly Armor","Shrug It Off","Hemokinesis+1","Anger+1","Feel No Pain","Whirlwind+1","Immolate+1","Thunderclap+1","Inflame","Shockwave","Flame Barrier"],"special_seed":0,"relics":["Burning Blood","Art of War","Molten Egg 2","Ginger","Black Star"],"potions_floor_usage":[24],"damage_taken":[{"damage":7.0,"enemies":"Jaw Worm","floor":1.0,"turns":3.0},{"damage":6.0,"enemies":"Small Slimes","floor":2.0,"turns":2.0},{"damage":0.0,"enemies":"Cultist","floor":4.0,"turns":2.0},{"damage":8.0,"enemies":"Gremlin Nob","floor":7.0,"turns":3.0},{"damage":1.0,"enemies":"3 Louse","floor":8.0,"turns":6.0},{"damage":0.0,"enemies":"2 Fungi Beasts","floor":12.0,"turns":3.0},{"damage":12.0,"enemies":"Lagavulin","floor":13.0,"turns":5.0},{"damage":2.0,"enemies":"Large Slime","floor":14.0,"turns":4.0},{"damage":71.0,"enemies":"Hexaghost","floor":16.0,"turns":11.0},{"damage":2.0,"enemies":"Chosen","floor":18.0,"turns":6.0},{"damage":34.0,"enemies":"3 Byrds","floor":19.0,"turns":5.0},{"damage":22.0,"enemies":"3 Cultists","floor":22.0,"turns":5.0},{"damage":41,"enemies":"Book of Stabbing","floor":24,"turns":4}],"seed_played":"-3415810247848430148","potions_obtained":[{"floor":1.0,"key":"Strength Potion"},{"floor":2.0,"key":"Ancient Potion"}],"is_trial":false,"path_per_floor":["M","M","?","M","$","R","E","M","T","R","?","M","E","M","R","B",null,"M","M","?","?","M","R","E"],"character_chosen":"IRONCLAD","items_purchased":["Flame Barrier"],"campfire_rested":1,"item_purchase_floors":[5],"current_hp_per_floor":[67,67,67,73,73,73,71,75,75,75,75,75,69,73,73,8,58,62,34,34,34,18,40,0],"gold":296,"neow_bonus":"THREE_RARE_CARDS","is_prod":false,"is_daily":false,"chose_seed":false,"campfire_upgraded":3,"win_rate":0,"timestamp":1554831953,"path_taken":["M","M","?","M","$","R","E","M","T","R","?","M","E","M","R","BOSS","M","?","?","?","M","R","E"],"build_version":"2019-01-23","purchased_purges":1,"victory":false,"max_hp_per_floor":[75,75,75,75,75,75,75,75,75,75,75,75,75,75,75,75,75,75,75,75,75,75,75,75],"card_choices":[{"not_picked":["Fiend Fire","Brutality"],"picked":"Bludgeon","floor":0.0},{"not_picked":["Fire Breathing","Flex"],"picked":"Power Through","floor":1.0},{"not_picked":["Clash","Cleave"],"picked":"Shrug It Off","floor":2.0},{"not_picked":["Sentinel","Sever Soul"],"picked":"Bludgeon","floor":4.0},{"not_picked":["Clash","Twin Strike"],"picked":"Ghostly Armor","floor":7.0},{"not_picked":["Thunderclap","Corruption"],"picked":"Shrug It Off","floor":8.0},{"not_picked":["Warcry","Searing Blow+1"],"picked":"Anger+1","floor":12.0},{"not_picked":["Armaments","Iron Wave+1"],"picked":"Feel No Pain","floor":13.0},{"not_picked":["Armaments","Clothesline+1"],"picked":"Whirlwind+1","floor":14.0},{"not_picked":["Berserk","Demon Form"],"picked":"Immolate+1","floor":16.0},{"not_picked":["Clash+1","Wild Strike+1"],"picked":"Thunderclap+1","floor":18.0},{"not_picked":["Seeing Red","Clash+1"],"picked":"Inflame","floor":19.0},{"not_picked":["Twin Strike+1","Heavy Blade+1"],"picked":"Flame Barrier","floor":22.0}],"player_experience":1572594,"relics_obtained":[{"floor":7.0,"key":"Art of War"},{"floor":9.0,"key":"Molten Egg 2"},{"floor":13.0,"key":"Ginger"}],"event_choices":[{"damage_healed":0.0,"max_hp_gain":0.0,"max_hp_loss":0.0,"gold_gain":150.0,"event_name":"Liars Game","player_choice":"AGREE","floor":3.0,"gold_loss":0.0,"damage_taken":0.0,"cards_obtained":["Doubt"]},{"damage_healed":0.0,"max_hp_gain":0.0,"max_hp_loss":0.0,"gold_gain":0.0,"cards_transformed":["Strike_R"],"event_name":"Transmorgrifier","player_choice":"Transformed","floor":11.0,"gold_loss":0.0,"damage_taken":0.0,"cards_obtained":["Hemokinesis"]},{"damage_healed":0.0,"max_hp_gain":0.0,"max_hp_loss":0.0,"gold_gain":50.0,"event_name":"Nest","player_choice":"Stole From Cult","floor":20.0,"gold_loss":0.0,"damage_taken":0.0},{"damage_healed":0.0,"max_hp_gain":0.0,"max_hp_loss":0.0,"gold_gain":0.0,"event_name":"The Library","player_choice":"Read","floor":21.0,"gold_loss":0.0,"damage_taken":0.0,"cards_obtained":["Shockwave"]}],"is_beta":false,"boss_relics":[{"not_picked":["Lizard Tail","Busted Crown"],"picked":"Black Star"}],"items_purged_floors":[5],"is_endless":false,"potions_floor_spawned":[1,2,8,12],"killed_by":"Book of Stabbing","ascension_level":20}