{"gold_per_floor":[109,184,109,124,140,140,155,190,220,233,267,267,282,302,302,373,373,373,15,15,15,15,15,15,15],"floor_reached":25,"playtime":1427,"items_purged":["Strike_B"],"score":520,"play_id":"9b569978-e5f2-46fe-9020-63c6ef6d66dc","local_time":"20190404202014","is_ascension_mode":true,"campfire_choices":[{"data":"Zap","floor":6,"key":"SMITH"},{"data":"Defragment","floor":15,"key":"SMITH"}],"neow_cost":"NONE","seed_source_timestamp":38080058945307,"circlet_count":0,"master_deck":["AscendersBane","Strike_B","Strike_B","Defend_B","Defend_B","Defend_B","Defend_B","Zap+1","Dualcast","Coolheaded","Cold Snap","Gash","White Noise","Consume","Defragment+1","Amplify","Genetic Algorithm","Ball Lightning","Defragment+1","Glacier","Glacier","Defragment"],"relics":["Cracked Core","Lantern","Tiny Chest","Ectoplasm","DollysMirror","Bottled Lightning","Orichalcum"],"potions_floor_usage":[11,11,16,23,25,25],"damage_taken":[{"damage":0,"enemies":"Small Slimes","floor":1,"turns":5},{"damage":1,"enemies":"2 Louse","floor":4,"turns":2},{"damage":0,"enemies":"Cultist","floor":5,"turns":3},{"damage":3,"enemies":"2 Fungi Beasts","floor":7,"turns":4},{"damage":20,"enemies":"Lagavulin","floor":8,"turns":9},{"damage":0,"enemies":"Exordium Wildlife","floor":10,"turns":4},{"damage":0,"enemies":"Gremlin Nob","floor":11,"turns":4},{"damage":17,"enemies":"Gremlin Gang","floor":13,"turns":5},{"damage":5,"enemies":"3 Louse","floor":14,"turns":4},{"damage":21,"enemies":"Hexaghost","floor":16,"turns":13},{"damage":5,"enemies":"Spheric Guardian","floor":18,"turns":4},{"damage":14,"enemies":"Chosen","floor":21,"turns":8},{"damage":28,"enemies":"Book of Stabbing","floor":23,"turns":9},{"damage":0,"enemies":"Centurion and Healer","floor":24,"turns":11},{"damage":34,"enemies":"Slavers","floor":25,"turns":5}],"seed_played":"-8446136156193062244","potions_obtained":[{"floor":4,"key":"Block Potion"},{"floor":5,"key":"Explosive Potion"},{"floor":14,"key":"GamblersBrew"},{"floor":16,"key":"FocusPotion"},{"floor":18,"key":"Energy Potion"},{"floor":24,"key":"SpeedPotion"}],"is_trial":false,"path_per_floor":["M","?","?","M","M","R","M","E","T","M","E","?","M","M","R","B",null,"M","$","?","M","T","E","M","E"],"character_chosen":"DEFECT","items_purchased":["Ball Lightning","DollysMirror"],"campfire_rested":0,"item_purchase_floors":[19,19],"current_hp_per_floor":[64,53,53,52,52,52,49,29,29,29,29,81,64,59,59,38,70,65,65,65,51,51,23,23,0],"gold":15,"neow_bonus":"THREE_CARDS","is_prod":false,"is_daily":false,"chose_seed":false,"campfire_upgraded":2,"win_rate":0,"timestamp":1554402014,"path_taken":["M","?","?","M","M","R","M","E","T","M","E","?","?","M","R","BOSS","M","$","?","M","?","E","M","E"],"build_version":"2019-01-23","purchased_purges":1,"victory":false,"max_hp_per_floor":[71,71,71,71,71,71,71,71,71,71,71,81,81,81,81,81,81,81,81,81,81,81,81,81,81],"card_choices":[{"not_picked":["Steam","Stack"],"picked":"Coolheaded","floor":0},{"not_picked":["Hologram","Melter"],"picked":"Cold Snap","floor":1},{"not_picked":["Stack","Barrage"],"picked":"Gash","floor":4},{"not_picked":["Tempest","Leap"],"picked":"Buffer","floor":5},{"not_picked":["Reinforced Body","Stack","Auto Shields"],"picked":"SKIP","floor":7},{"not_picked":["Loop","Blizzard"],"picked":"White Noise","floor":8},{"not_picked":["Stack","Barrage","Turbo"],"picked":"SKIP","floor":10},{"not_picked":["Streamline","Rebound","Machine Learning"],"picked":"SKIP","floor":11},{"not_picked":["Rebound","Turbo"],"picked":"Consume","floor":13},{"not_picked":["Genetic Algorithm","Go for the Eyes"],"picked":"Defragment","floor":14},{"not_picked":["Thunder Strike","Reboot"],"picked":"Amplify","floor":16},{"not_picked":["Beam Cell","Recycle"],"picked":"Genetic Algorithm","floor":18},{"not_picked":["Compile Driver","Sweeping Beam"],"picked":"Glacier","floor":21},{"not_picked":["Rip and Tear","Leap","BootSequence"],"picked":"SKIP","floor":23},{"not_picked":["Leap","Steam Power"],"picked":"Defragment","floor":24}],"player_experience":1549844,"relics_obtained":[{"floor":8,"key":"Lantern"},{"floor":9,"key":"Tiny Chest"},{"floor":22,"key":"Bottled Lightning"},{"floor":23,"key":"Orichalcum"}],"event_choices":[{"damage_healed":0,"gold_gain":75,"player_choice":"Gather Gold","damage_taken":11,"max_hp_gain":0,"max_hp_loss":0,"event_name":"World of Goop","floor":2,"gold_loss":0},{"cards_removed":["Strike_B"],"damage_healed":0,"gold_gain":0,"player_choice":"Card Removal","damage_taken":0,"max_hp_gain":0,"max_hp_loss":0,"event_name":"The Cleric","floor":3,"gold_loss":75},{"cards_removed":["Buffer"],"damage_healed":42,"gold_gain":0,"player_choice":"Offered Rare","damage_taken":0,"max_hp_gain":10,"max_hp_loss":0,"event_name":"Bonfire Elementals","floor":12,"gold_loss":0},{"damage_healed":0,"gold_gain":0,"player_choice":"Read","damage_taken":0,"max_hp_gain":0,"max_hp_loss":0,"event_name":"The Library","floor":20,"gold_loss":0,"cards_obtained":["Glacier"]}],"is_beta":false,"boss_relics":[{"not_picked":["Coffee Dripper","Cursed Key"],"picked":"Ectoplasm"}],"items_purged_floors":[19],"is_endless":false,"potions_floor_spawned":[4,5,10,14,16,18,24],"killed_by":"Slavers","ascension_level":20}