{"gold_per_floor":[211,13,88,88,108,142,142,169,218,249,266,266,282,207,207,207],"floor_reached":16,"playtime":325,"items_purged":[],"score":216,"play_id":"34e92783-a8d9-49bf-a7a0-fd5af0992ed0","local_time":"20190417201950","is_ascension_mode":true,"campfire_choices":[{"data":"Whirlwind","floor":7,"key":"SMITH"},{"floor":12,"key":"REST"},{"data":"Armaments","floor":15,"key":"SMITH"}],"neow_cost":"NONE","seed_source_timestamp":39049722720837,"circlet_count":0,"master_deck":["AscendersBane","Strike_R","Strike_R","Strike_R","Strike_R","Defend_R","Defend_R","Defend_R","Defend_R","Bash","Spot Weakness","Shrug It Off","Whirlwind+1","Rampage","Heavy Blade","Anger","Armaments+1"],"relics":["Burning Blood","Smiling Mask","Odd Mushroom","Regal Pillow","Pen Nib"],"potions_floor_usage":[6,16],"damage_taken":[{"damage":3,"enemies":"Small Slimes","floor":1,"turns":5},{"damage":0,"enemies":"2 Louse","floor":5,"turns":2},{"damage":32,"enemies":"Gremlin Nob","floor":6,"turns":4},{"damage":6,"enemies":"The Mushroom Lair","floor":8,"turns":2},{"damage":42,"enemies":"Lagavulin","floor":10,"turns":7},{"damage":7,"enemies":"Jaw Worm","floor":11,"turns":3},{"damage":6,"enemies":"Looter","floor":13,"turns":3},{"damage":47,"enemies":"Hexaghost","floor":16,"turns":7}],"seed_played":"-2079111724456065287","potions_obtained":[{"floor":6,"key":"Dexterity Potion"},{"floor":8,"key":"SneckoOil"},{"floor":10,"key":"PowerPotion"}],"is_trial":false,"path_per_floor":["M","$","?","?","M","E","R","?","T","E","M","R","M","?","R","B"],"character_chosen":"IRONCLAD","items_purchased":["Shrug It Off","Whirlwind","PowerPotion"],"campfire_rested":1,"item_purchase_floors":[2,2,2],"current_hp_per_floor":[71,71,60,65,71,45,45,45,45,9,8,47,47,47,47,0],"gold":207,"neow_bonus":"HUNDRED_GOLD","is_prod":false,"is_daily":false,"chose_seed":false,"campfire_upgraded":2,"win_rate":0,"timestamp":1555525190,"path_taken":["M","$","?","?","M","E","R","?","T","E","M","R","?","?","R","BOSS"],"build_version":"2019-01-23","purchased_purges":0,"victory":false,"max_hp_per_floor":[75,75,75,80,80,80,80,80,80,80,80,80,80,80,80,80],"card_choices":[{"not_picked":["Iron Wave","Feel No Pain"],"picked":"Spot Weakness","floor":1},{"not_picked":["Flex","Clothesline"],"picked":"Rampage","floor":5},{"not_picked":["Thunderclap","Second Wind"],"picked":"Heavy Blade","floor":6},{"not_picked":["Pommel Strike","True Grit"],"picked":"Anger","floor":8},{"not_picked":["Infernal Blade","Whirlwind"],"picked":"Armaments","floor":10},{"not_picked":["Sentinel","Headbutt","Body Slam"],"picked":"SKIP","floor":11},{"not_picked":["Hemokinesis","Headbutt","Sever Soul"],"picked":"SKIP","floor":13}],"player_experience":1609245,"relics_obtained":[{"floor":6,"key":"Smiling Mask"},{"floor":8,"key":"Odd Mushroom"},{"floor":9,"key":"Regal Pillow"},{"floor":10,"key":"Pen Nib"}],"event_choices":[{"damage_healed":0,"gold_gain":75,"player_choice":"Gather Gold","damage_taken":11,"max_hp_gain":0,"max_hp_loss":0,"event_name":"World of Goop","floor":3,"gold_loss":0},{"damage_healed":0,"gold_gain":0,"player_choice":"Donut","damage_taken":0,"max_hp_gain":5,"max_hp_loss":0,"event_name":"Big Fish","floor":4,"gold_loss":0},{"damage_healed":0,"gold_gain":0,"player_choice":"Fought Mushrooms","damage_taken":0,"max_hp_gain":0,"max_hp_loss":0,"event_name":"Mushrooms","floor":8,"gold_loss":0},{"cards_removed":["Strike_R"],"damage_healed":0,"gold_gain":0,"player_choice":"Card Removal","damage_taken":0,"max_hp_gain":0,"max_hp_loss":0,"event_name":"The Cleric","floor":14,"gold_loss":75}],"is_beta":false,"boss_relics":[],"items_purged_floors":[],"is_endless":false,"potions_floor_spawned":[6,8,10,11],"killed_by":"Hexaghost","ascension_level":20}