{"gold_per_floor":[109,122,133,21,21,21,34,69,147,166,166,195,221,237,237,311,311,326,326,201,218,218,218,248,63,63,96,146,178,195,526,526,526],"floor_reached":33,"playtime":1397,"items_purged":["Strike_R","Strike_R"],"score":666,"play_id":"425a941c-ea72-487a-a4a1-7624eae337e4","local_time":"20190707180930","is_ascension_mode":true,"campfire_choices":[{"data":"Bash","floor":6.0,"key":"SMITH"},{"data":"Inflame","floor":11.0,"key":"SMITH"},{"data":"Carnage","floor":15.0,"key":"SMITH"},{"data":"Ghostly","floor":23.0,"key":"SMITH"},{"data":"Offering","floor":32,"key":"SMITH"}],"neow_cost":"NONE","seed_source_timestamp":0,"circlet_count":0,"master_deck":["AscendersBane","Strike_R","Strike_R","Defend_R","Defend_R","Defend_R","Defend_R","Bash+1","Sword Boomerang","Anger","Iron Wave","Inflame+1","Carnage+1","Clothesline","Twin Strike","Reaper","Reaper","Offering+1","Heavy Blade","Spot Weakness+1","Ghostly+1","Ghostly","Ghostly","Fiend Fire","Corruption","Feed","Inflame+1","Warcry+1"],"special_seed":0,"relics":["Burning Blood","Potion Belt","FossilizedHelix","Paper Frog","Vajra","Odd Mushroom","Mark of Pain","Calipers","Ancient Tea Set","Boot","Oddly Smooth Stone","Frozen Egg 2","Old Coin"],"potions_floor_usage":[31,33],"damage_taken":[{"damage":2.0,"enemies":"Cultist","floor":1.0,"turns":4.0},{"damage":9.0,"enemies":"Jaw Worm","floor":2.0,"turns":4.0},{"damage":10.0,"enemies":"Small Slimes","floor":3.0,"turns":3.0},{"damage":11.0,"enemies":"Blue Slaver","floor":7.0,"turns":4.0},{"damage":15.0,"enemies":"Lagavulin","floor":8.0,"turns":7.0},{"damage":7.0,"enemies":"3 Louse","floor":10.0,"turns":2.0},{"damage":25.0,"enemies":"3 Sentries","floor":12.0,"turns":6.0},{"damage":25.0,"enemies":"The Mushroom Lair","floor":13.0,"turns":4.0},{"damage":15.0,"enemies":"Lots of Slimes","floor":14.0,"turns":4.0},{"damage":38.0,"enemies":"Hexaghost","floor":16.0,"turns":7.0},{"damage":0.0,"enemies":"Chosen","floor":18.0,"turns":3.0},{"damage":11.0,"enemies":"Spheric Guardian","floor":21.0,"turns":3.0},{"damage":9.0,"enemies":"Gremlin Leader","floor":24.0,"turns":7.0},{"damage":2.0,"enemies":"Slavers","floor":27.0,"turns":4.0},{"damage":48,"enemies":"Gremlin Leader","floor":29,"turns":10},{"damage":2,"enemies":"Shelled Parasite and Fungi","floor":30,"turns":3},{"damage":13,"enemies":"Slavers","floor":31,"turns":6},{"damage":61,"enemies":"Collector","floor":33,"turns":8}],"seed_played":"2944739268125821435","potions_obtained":[{"floor":1.0,"key":"FairyPotion"},{"floor":7.0,"key":"Poison Potion"},{"floor":13.0,"key":"Ancient Potion"},{"floor":14.0,"key":"BloodPotion"},{"floor":16.0,"key":"PowerPotion"},{"floor":24.0,"key":"EssenceOfSteel"},{"floor":30,"key":"Fire Potion"}],"is_trial":false,"path_per_floor":["M","M","M","$","?","R","M","E","T","M","R","E","?","M","R","B",null,"M","?","$","M","?","R","E","$","T","E","?","E","M","E","R","B"],"character_chosen":"IRONCLAD","items_purchased":["Inflame","Carnage","Heavy Blade","Corruption"],"campfire_rested":0,"item_purchase_floors":[4,4,20,25],"current_hp_per_floor":[72,69,65,65,58,58,53,44,44,43,43,45,41,57,57,39,66,75,75,75,71,37,37,37,37,37,37,37,27,34,41,41,0],"gold":526,"neow_bonus":"RANDOM_COMMON_RELIC","is_prod":false,"is_daily":false,"chose_seed":false,"campfire_upgraded":5,"win_rate":0,"timestamp":1562515770,"path_taken":["M","M","?","$","?","R","M","E","T","M","R","E","?","M","R","BOSS","M","?","$","?","?","R","E","$","T","E","?","E","M","E","R","BOSS"],"build_version":"2019-07-05","purchased_purges":2,"victory":false,"max_hp_per_floor":[75,75,75,75,75,75,75,75,75,75,75,75,75,75,75,75,75,75,75,75,75,37,37,37,37,37,37,37,37,40,43,43,43],"card_choices":[{"not_picked":["Blood for Blood","True Grit"],"picked":"Sword Boomerang","floor":1.0},{"not_picked":["Combust","Body Slam"],"picked":"Anger","floor":2.0},{"not_picked":["Intimidate","Havoc"],"picked":"Iron Wave","floor":3.0},{"not_picked":["Flex","Evolve","Clothesline"],"picked":"SKIP","floor":7.0},{"not_picked":["Flex","Evolve"],"picked":"Clothesline","floor":7.0},{"not_picked":["Pommel Strike","Clothesline"],"picked":"Twin Strike","floor":8.0},{"not_picked":["Hemokinesis","Sword Boomerang"],"picked":"Reaper","floor":10.0},{"not_picked":["Entrench","Headbutt","Warcry"],"picked":"SKIP","floor":12.0},{"not_picked":["Perfected Strike","Feel No Pain"],"picked":"Reaper","floor":14.0},{"not_picked":["Exhume","Immolate"],"picked":"Offering","floor":16.0},{"not_picked":["Headbutt","Warcry","Sword Boomerang"],"picked":"SKIP","floor":18.0},{"not_picked":["Heavy Blade","Hemokinesis"],"picked":"Spot Weakness+1","floor":21.0},{"not_picked":["Pommel Strike","Berserk"],"picked":"Fiend Fire","floor":24.0},{"not_picked":["Cleave+1","Clothesline+1"],"picked":"Feed","floor":27.0},{"not_picked":["Rampage","Cleave"],"picked":"Inflame","floor":29},{"not_picked":["Iron Wave","Seeing Red"],"picked":"Warcry+1","floor":30},{"not_picked":["Reckless Charge","Clash","Pommel Strike"],"picked":"SKIP","floor":31}],"player_experience":1776563,"relics_obtained":[{"floor":8.0,"key":"FossilizedHelix"},{"floor":9.0,"key":"Paper Frog"},{"floor":12.0,"key":"Vajra"},{"floor":13.0,"key":"Odd Mushroom"},{"floor":24.0,"key":"Ancient Tea Set"},{"floor":26.0,"key":"Boot"},{"floor":27.0,"key":"Oddly Smooth Stone"},{"floor":29,"key":"Frozen Egg 2"},{"floor":31,"key":"Old Coin"}],"event_choices":[{"cards_removed":["Strike_R"],"damage_healed":0.0,"max_hp_gain":0.0,"max_hp_loss":0.0,"gold_gain":0.0,"event_name":"Golden Wing","player_choice":"Card Removal","floor":5.0,"gold_loss":0.0,"damage_taken":7.0},{"damage_healed":0.0,"max_hp_gain":0.0,"max_hp_loss":0.0,"gold_gain":0.0,"event_name":"Mushrooms","player_choice":"Fought Mushrooms","floor":13.0,"gold_loss":0.0,"damage_taken":0.0},{"damage_healed":0.0,"max_hp_gain":0.0,"max_hp_loss":0.0,"gold_gain":0.0,"event_name":"WeMeetAgain","player_choice":"Gave Potion","floor":19.0,"gold_loss":0.0,"damage_taken":0.0,"relics_obtained":["Calipers"]},{"damage_healed":0.0,"max_hp_gain":0.0,"max_hp_loss":38.0,"gold_gain":0.0,"event_name":"Ghosts","player_choice":"Became a Ghost","floor":22.0,"gold_loss":0.0,"damage_taken":0.0,"cards_obtained":["Ghostly","Ghostly","Ghostly"]},{"damage_healed":0.0,"max_hp_gain":0.0,"max_hp_loss":0.0,"gold_gain":50.0,"event_name":"Nest","player_choice":"Stole From Cult","floor":28.0,"gold_loss":0.0,"damage_taken":0.0}],"is_beta":false,"boss_relics":[{"not_picked":["Busted Crown","Black Blood"],"picked":"Mark of Pain"}],"items_purged_floors":[20,25],"is_endless":false,"potions_floor_spawned":[1,7,13,14,16,24,30],"killed_by":"Collector","ascension_level":20}