{"gold_per_floor":[111,126,49,69,81,114,114,134,181,212,212,244,244,270,270,374,374,393,393,374,374],"floor_reached":21,"playtime":1572,"items_purged":[],"score":334,"play_id":"8d542803-13a0-4031-830a-15ca720878a2","local_time":"20190518173915","is_ascension_mode":true,"campfire_choices":[{"floor":11.0,"key":"REST"},{"floor":13.0,"key":"REST"},{"data":"Echo Form","floor":15.0,"key":"SMITH"}],"neow_cost":"NONE","seed_source_timestamp":0,"circlet_count":0,"master_deck":["AscendersBane","Strike_B","Strike_B","Defend_B","Defend_B","Defend_B","Defend_B","Zap+1","Dualcast","Sweeping Beam","Stack","Heatsinks","Compile Driver","Genetic Algorithm","Electrodynamics","Ball Lightning","Echo Form+1","Glacier","Creative AI","Ball Lightning+1","Conserve Battery","Gash"],"special_seed":0,"relics":["Cracked Core","Blood Vial","Regal Pillow","Sundial","PreservedInsect","Omamori","Philosopher\u0027s Stone"],"potions_floor_usage":[],"damage_taken":[{"damage":12.0,"enemies":"Jaw Worm","floor":1.0,"turns":3.0},{"damage":1.0,"enemies":"Small Slimes","floor":2.0,"turns":3.0},{"damage":0.0,"enemies":"2 Louse","floor":4.0,"turns":3.0},{"damage":20.0,"enemies":"Lots of Slimes","floor":5.0,"turns":3.0},{"damage":25.0,"enemies":"Lagavulin","floor":6.0,"turns":7.0},{"damage":1.0,"enemies":"Exordium Wildlife","floor":8.0,"turns":2.0},{"damage":5.0,"enemies":"3 Sentries","floor":10.0,"turns":5.0},{"damage":21.0,"enemies":"Gremlin Nob","floor":12.0,"turns":4.0},{"damage":13.0,"enemies":"Lagavulin","floor":14.0,"turns":5.0},{"damage":25.0,"enemies":"The Guardian","floor":16.0,"turns":10.0},{"damage":52,"enemies":"3 Byrds","floor":18,"turns":3},{"damage":11,"enemies":"2 Thieves","floor":20,"turns":4},{"damage":7,"enemies":"3 Cultists","floor":21,"turns":2}],"seed_played":"424305207848480071","potions_obtained":[{"floor":1.0,"key":"SteroidPotion"},{"floor":2.0,"key":"Weak Potion"},{"floor":12.0,"key":"SkillPotion"}],"is_trial":false,"path_per_floor":["M","M","$","M","M","E","?","M","T","E","R","E","R","E","R","B",null,"M","?","M","M"],"character_chosen":"DEFECT","items_purchased":["Heatsinks"],"campfire_rested":2,"item_purchase_floors":[3],"current_hp_per_floor":[56,55,55,55,35,10,10,11,11,8,45,26,63,52,52,29,64,14,14,5,0],"gold":374,"neow_bonus":"UPGRADE_CARD","is_prod":false,"is_daily":false,"chose_seed":false,"campfire_upgraded":1,"win_rate":0,"timestamp":1558226355,"path_taken":["M","M","$","M","M","E","?","M","T","E","R","E","R","E","R","BOSS","M","?","M","M"],"build_version":"2019-01-23","purchased_purges":0,"victory":false,"max_hp_per_floor":[75,75,75,75,75,75,75,75,75,75,75,75,75,75,75,75,75,75,75,75,75],"card_choices":[{"not_picked":["Scrape","Redo"],"picked":"Sweeping Beam","floor":1.0},{"not_picked":["Steam","Barrage"],"picked":"Stack","floor":2.0},{"not_picked":["Turbo","Rebound"],"picked":"Compile Driver","floor":4.0},{"not_picked":["Gash","Static Discharge"],"picked":"Genetic Algorithm","floor":5.0},{"not_picked":["Barrage","Beam Cell"],"picked":"Electrodynamics","floor":6.0},{"not_picked":["Barrage","Recycle","Stack"],"picked":"SKIP","floor":8.0},{"not_picked":["Stack","Hologram"],"picked":"Ball Lightning","floor":10.0},{"not_picked":["Defragment","Coolheaded"],"picked":"Echo Form","floor":12.0},{"not_picked":["Sweeping Beam","Coolheaded"],"picked":"Glacier","floor":14.0},{"not_picked":["Biased Cognition","Seek"],"picked":"Creative AI","floor":16.0},{"not_picked":["Blizzard","Genetic Algorithm"],"picked":"Ball Lightning+1","floor":18},{"not_picked":["Fusion","Sweeping Beam","Conserve Battery"],"picked":"SKIP","floor":20}],"player_experience":615168,"relics_obtained":[{"floor":6.0,"key":"Blood Vial"},{"floor":9.0,"key":"Regal Pillow"},{"floor":10.0,"key":"Sundial"},{"floor":12.0,"key":"PreservedInsect"},{"floor":14.0,"key":"Omamori"}],"event_choices":[{"damage_healed":0.0,"max_hp_gain":0.0,"max_hp_loss":0.0,"gold_gain":0.0,"event_name":"Shining Light","player_choice":"Ignored","floor":7.0,"gold_loss":0.0,"damage_taken":0.0},{"damage_healed":0,"gold_gain":0,"cards_transformed":["Strike_B","Strike_B"],"player_choice":"Became Test Subject","damage_taken":0,"max_hp_gain":0,"max_hp_loss":0,"event_name":"Drug Dealer","floor":19,"gold_loss":0,"cards_obtained":["Conserve Battery","Gash"]}],"is_beta":false,"boss_relics":[{"not_picked":["White Beast Statue","FrozenCore"],"picked":"Philosopher\u0027s Stone"}],"items_purged_floors":[],"is_endless":false,"potions_floor_spawned":[1,2,5,8,12],"killed_by":"3 Cultists","ascension_level":12}