{"gold_per_floor":[113,113,123,15,31,59,59,86,86,46,64,74,74,108,108,186,186,186,186,136,52,52,52,52,52,52,52,52,52,52,52,52,52,52,52,52,52,52,52,52,52,52,52,52,52,0,0,0,0,0],"floor_reached":50,"playtime":2144,"items_purged":[],"score":1441,"play_id":"44680df8-9992-4b20-928f-93ae10ae67e9","local_time":"20190428222807","is_ascension_mode":true,"campfire_choices":[{"data":"Bash","floor":7.0,"key":"SMITH"},{"data":"Heavy Blade","floor":13.0,"key":"SMITH"},{"data":"Rage","floor":15.0,"key":"SMITH"},{"data":"Disarm","floor":23,"key":"SMITH"},{"data":"Impervious","floor":25,"key":"SMITH"},{"data":"Clothesline","floor":27,"key":"SMITH"},{"floor":32,"key":"REST"},{"data":"Feel No Pain","floor":44,"key":"SMITH"},{"floor":49,"key":"RECALL"}],"neow_cost":"NONE","seed_source_timestamp":44819988061876,"circlet_count":0,"master_deck":["AscendersBane","Strike_R","Defend_R","Defend_R","Defend_R","Defend_R","Bash+1","Rage+1","Dropkick","Clothesline+1","Twin Strike","Heavy Blade+1","Combust","Headbutt","Sword Boomerang","Offering+1","Whirlwind+1","Impervious+1","Reckless Charge","Disarm+1","Armaments+1","Inflame","Spot Weakness","Spot Weakness","Impervious","Shrug It Off","Dark Embrace","Feel No Pain+1","Sever Soul","Demon Form"],"special_seed":0,"relics":["Burning Blood","Red Skull","hubris:TenFootPole","Regal Pillow","Mango","Ectoplasm","Boot","Bronze Scales","Anchor","hubris:DeckOfHolding","Snecko Eye","hubris:Spice","Juzu Bracelet","Orichalcum","Red Mask"],"potions_floor_usage":[31,50,50,50],"damage_taken":[{"damage":12.0,"enemies":"2 Louse","floor":1.0,"turns":3.0},{"damage":8.0,"enemies":"Jaw Worm","floor":3.0,"turns":7.0},{"damage":3.0,"enemies":"Cultist","floor":5.0,"turns":3.0},{"damage":30.0,"enemies":"Gremlin Nob","floor":6.0,"turns":4.0},{"damage":14.0,"enemies":"Lagavulin","floor":8.0,"turns":7.0},{"damage":20.0,"enemies":"Gremlin Gang","floor":11.0,"turns":4.0},{"damage":0.0,"enemies":"Looter","floor":12.0,"turns":2.0},{"damage":0.0,"enemies":"Gremlin Nob","floor":14.0,"turns":2.0},{"damage":4,"enemies":"Slime Boss","floor":16,"turns":5},{"damage":10,"enemies":"3 Byrds","floor":18,"turns":4},{"damage":10,"enemies":"Shell Parasite","floor":22,"turns":6},{"damage":19,"enemies":"Slavers","floor":24,"turns":5},{"damage":11,"enemies":"Gremlin Leader","floor":28,"turns":4},{"damage":9,"enemies":"Snake Plant","floor":29,"turns":2},{"damage":7,"enemies":"Shelled Parasite and Fungi","floor":30,"turns":2},{"damage":25,"enemies":"Slavers","floor":31,"turns":3},{"damage":48,"enemies":"Champ","floor":33,"turns":8},{"damage":11,"enemies":"3 Shapes","floor":35,"turns":5},{"damage":13,"enemies":"2 Orb Walkers","floor":36,"turns":3},{"damage":0,"enemies":"Orb Walker","floor":39,"turns":2},{"damage":36,"enemies":"Nemesis","floor":40,"turns":7},{"damage":22,"enemies":"Spire Growth","floor":41,"turns":5},{"damage":6,"enemies":"Maw","floor":42,"turns":5},{"damage":14,"enemies":"Reptomancer","floor":45,"turns":4},{"damage":6,"enemies":"Transient","floor":47,"turns":6},{"damage":18,"enemies":"Nemesis","floor":48,"turns":5},{"damage":19,"enemies":"Awakened One","floor":50,"turns":2}],"seed_played":"3197481721015186862","potions_obtained":[{"floor":3.0,"key":"Block Potion"},{"floor":5.0,"key":"SkillPotion"},{"floor":10.0,"key":"Poison Potion"},{"floor":16,"key":"Swift Potion"},{"floor":24,"key":"AttackPotion"},{"floor":28,"key":"Fire Potion"},{"floor":33,"key":"SmokeBomb"},{"floor":36,"key":"SpeedPotion"},{"floor":40,"key":"EntropicBrew"}],"is_trial":false,"path_per_floor":["M","?","M","$","M","E","R","E","T","?","M","M","R","E","R","B",null,"M","?","?","$","M","R","E","R","T","R","E","M","M","E","R","B",null,"M","?","?","$","M","E","M","M","T","R","E","?","M","E","R","B"],"character_chosen":"IRONCLAD","items_purchased":["Clothesline","Twin Strike","Disarm"],"campfire_rested":1,"item_purchase_floors":[4,4,21],"current_hp_per_floor":[62,55,53,53,56,32,32,24,24,24,10,16,16,36,36,38,76,72,72,72,72,68,68,55,55,55,55,50,47,46,27,68,26,73,68,69,69,69,75,53,37,37,37,37,29,29,29,17,17,0],"gold":0,"neow_bonus":"RANDOM_COMMON_RELIC","is_prod":false,"is_daily":false,"chose_seed":false,"campfire_upgraded":7,"win_rate":0,"timestamp":1556483287,"path_taken":["M","?","M","$","M","E","R","E","T","?","?","?","R","E","R","BOSS","M","?","?","$","M","R","E","R","T","R","E","?","M","E","R","BOSS","M","?","?","$","M","E","?","M","T","R","E","?","M","E","R","BOSS"],"build_version":"2019-01-23","purchased_purges":0,"victory":false,"max_hp_per_floor":[75,75,75,75,75,75,75,75,75,75,75,75,75,89,89,89,89,89,89,89,89,89,89,89,89,89,89,89,89,89,89,89,89,89,89,97,97,97,97,105,105,105,105,105,105,105,105,97,97,97],"card_choices":[{"not_picked":["Flex","Power Through"],"picked":"Rage","floor":1.0},{"not_picked":["Intimidate","Reckless Charge"],"picked":"Dropkick","floor":3.0},{"not_picked":["Armaments","Iron Wave"],"picked":"Heavy Blade","floor":5.0},{"not_picked":["hubris:StunningStrike","Entrench"],"picked":"Combust","floor":6.0},{"not_picked":["Second Wind","Heavy Blade"],"picked":"Headbutt","floor":8.0},{"not_picked":["Armaments","Havoc","Rampage"],"picked":"SKIP","floor":11.0},{"not_picked":["Armaments","Reckless Charge","True Grit"],"picked":"SKIP","floor":12.0},{"not_picked":["Power Through","True Grit"],"picked":"Sword Boomerang","floor":14.0},{"not_picked":["Barricade","Limit Break"],"picked":"Offering","floor":16},{"not_picked":["Perfected Strike","Sever Soul+1"],"picked":"Whirlwind+1","floor":18},{"not_picked":["Cleave","Perfected Strike"],"picked":"Armaments+1","floor":22},{"not_picked":["Body Slam","Perfected Strike","Cleave"],"picked":"SKIP","floor":24},{"not_picked":["Warcry","hubris:StunningStrike"],"picked":"Inflame","floor":28},{"not_picked":["Wild Strike","Ghostly Armor","Hemokinesis"],"picked":"SKIP","floor":29},{"not_picked":["Warcry","Shockwave"],"picked":"Spot Weakness","floor":30},{"not_picked":["Twin Strike","Flame Barrier"],"picked":"Spot Weakness","floor":31},{"not_picked":["Fiend Fire","Double Tap"],"picked":"Impervious","floor":33},{"not_picked":["Flex","Rampage+1"],"picked":"Shrug It Off","floor":35},{"not_picked":["Warcry","Burning Pact"],"picked":"Feel No Pain","floor":39},{"not_picked":["Rage","Warcry+1"],"picked":"Sever Soul","floor":40},{"not_picked":["Clothesline","Headbutt+1","Anger"],"picked":"SKIP","floor":41},{"not_picked":["Sword Boomerang","Fire Breathing","Wild Strike"],"picked":"SKIP","floor":42},{"not_picked":["Shrug It Off","Warcry"],"picked":"Demon Form","floor":45},{"not_picked":["Clash","Havoc+1","Armaments+1"],"picked":"SKIP","floor":47},{"not_picked":["Clothesline","Wild Strike","Inflame"],"picked":"SKIP","floor":48}],"player_experience":1637206,"relics_obtained":[{"floor":6.0,"key":"hubris:TenFootPole"},{"floor":8.0,"key":"Regal Pillow"},{"floor":14.0,"key":"Mango"},{"floor":24,"key":"Boot"},{"floor":26,"key":"Bronze Scales"},{"floor":28,"key":"Anchor"},{"floor":31,"key":"hubris:DeckOfHolding"},{"floor":36,"key":"hubris:Spice"},{"floor":40,"key":"hubris:Spice"},{"floor":43,"key":"Juzu Bracelet"},{"floor":45,"key":"Orichalcum"},{"floor":48,"key":"hubris:Spice"}],"event_choices":[{"cards_removed":["Strike_R"],"damage_healed":0.0,"max_hp_gain":0.0,"max_hp_loss":0.0,"gold_gain":0.0,"event_name":"Golden Wing","player_choice":"Card Removal","floor":2.0,"gold_loss":0.0,"damage_taken":7.0},{"damage_healed":0.0,"max_hp_gain":0.0,"max_hp_loss":0.0,"gold_gain":0.0,"event_name":"The Woman in Blue","player_choice":"Bought 3 Potions","floor":10.0,"gold_loss":0.0,"damage_taken":0.0},{"damage_healed":0,"gold_gain":0,"cards_transformed":["Strike_R","Strike_R"],"player_choice":"Became Test Subject","damage_taken":0,"max_hp_gain":0,"max_hp_loss":0,"event_name":"Drug Dealer","floor":19,"gold_loss":0,"cards_obtained":["Impervious","Reckless Charge"]},{"damage_healed":0,"gold_gain":0,"player_choice":"Upgrade","damage_taken":0,"max_hp_gain":0,"max_hp_loss":0,"event_name":"Designer","floor":20,"gold_loss":50,"cards_upgraded":["Offering"]},{"damage_healed":0,"gold_gain":0,"player_choice":"Fight","damage_taken":0,"max_hp_gain":0,"max_hp_loss":0,"event_name":"Mysterious Sphere","floor":36,"gold_loss":0},{"damage_healed":0,"gold_gain":0,"cards_transformed":["Strike_R"],"player_choice":"Transformed","damage_taken":0,"max_hp_gain":0,"max_hp_loss":0,"event_name":"Transmorgrifier","floor":37,"gold_loss":0,"cards_obtained":["Dark Embrace"]},{"damage_healed":0,"gold_gain":0,"player_choice":"Paid","damage_taken":0,"relics_obtained":["Red Mask"],"max_hp_gain":0,"max_hp_loss":0,"event_name":"Tomb of Lord Red Mask","floor":46,"gold_loss":52}],"is_beta":false,"boss_relics":[{"not_picked":["Pandora\u0027s Box","Mark of Pain"],"picked":"Ectoplasm"},{"not_picked":["hubris:Backtick","Runic Cube"],"picked":"Snecko Eye"}],"items_purged_floors":[],"is_endless":false,"potions_floor_spawned":[3,5,16,24,28,29,33,36,40,42,45,47],"killed_by":"Awakened One","ascension_level":20}