{"gold_per_floor":[112,112,132,145,145,145,160,189,189,189,223,239,239,266,266,266],"floor_reached":16,"playtime":643,"items_purged":[],"score":222,"play_id":"cd14c1e1-0673-4ff3-af71-449b517627c8","local_time":"20181128082956","is_ascension_mode":true,"campfire_choices":[{"data":"Uppercut","floor":6,"key":"SMITH"},{"data":"Clothesline","floor":10,"key":"SMITH"},{"floor":15,"key":"REST"}],"neow_cost":"NONE","seed_source_timestamp":2445980866461,"circlet_count":0,"master_deck":["AscendersBane","Strike_R","Strike_R","Strike_R","Strike_R","Strike_R","Defend_R","Defend_R","Defend_R","Defend_R","Bash","Clothesline+1","Uppercut+1","Rampage","Spot Weakness","Sword Boomerang","Seeing Red","Havoc"],"relics":["Burning Blood","Pen Nib","Gambling Chip","Bottled Flame","Self Forming Clay","Blood Vial"],"potions_floor_usage":[16,16],"damage_taken":[{"damage":16,"enemies":"Jaw Worm","floor":1,"turns":5},{"damage":7,"enemies":"Small Slimes","floor":3,"turns":3},{"damage":8,"enemies":"2 Louse","floor":4,"turns":2},{"damage":15,"enemies":"Large Slime","floor":7,"turns":5},{"damage":15,"enemies":"Gremlin Nob","floor":8,"turns":4},{"damage":22,"enemies":"Lagavulin","floor":11,"turns":6},{"damage":3,"enemies":"Looter","floor":12,"turns":2},{"damage":26,"enemies":"3 Sentries","floor":14,"turns":7},{"damage":36,"enemies":"Slime Boss","floor":16,"turns":7}],"seed_played":"-4298124439014747660","potions_obtained":[{"floor":1,"key":"SneckoOil"},{"floor":8,"key":"EssenceOfSteel"},{"floor":11,"key":"Energy Potion"}],"is_trial":false,"path_per_floor":["M","?","M","M","?","R","M","E","T","R","E","M","?","E","R","B"],"character_chosen":"IRONCLAD","items_purchased":[],"campfire_rested":1,"item_purchase_floors":[],"current_hp_per_floor":[58,63,62,60,60,60,51,42,42,42,26,29,29,9,33,0],"gold":266,"neow_bonus":"RANDOM_COMMON_RELIC","is_prod":false,"is_daily":false,"chose_seed":false,"campfire_upgraded":2,"win_rate":0,"timestamp":1543390196,"path_taken":["M","?","M","M","?","R","M","E","T","R","E","M","?","E","R","BOSS"],"build_version":"2018-11-15","purchased_purges":0,"victory":false,"max_hp_per_floor":[75,80,80,80,80,80,80,80,80,80,80,80,80,80,80,80],"card_choices":[{"not_picked":["Fire Breathing","Twin Strike"],"picked":"Clothesline","floor":1},{"not_picked":["Flex","Pommel Strike"],"picked":"Uppercut","floor":3},{"not_picked":["Body Slam","Intimidate"],"picked":"Rampage","floor":4},{"not_picked":["Heavy Blade","Cleave"],"picked":"Spot Weakness","floor":7},{"not_picked":["Reckless Charge","Infernal Blade"],"picked":"Sword Boomerang","floor":8},{"not_picked":["Reckless Charge","Second Wind"],"picked":"Seeing Red","floor":11},{"not_picked":["Warcry","Cleave","Clash"],"picked":"SKIP","floor":12},{"not_picked":["Searing Blow","Flex"],"picked":"Havoc","floor":14}],"player_experience":904361,"relics_obtained":[{"floor":8,"key":"Gambling Chip"},{"floor":9,"key":"Bottled Flame"},{"floor":11,"key":"Self Forming Clay"},{"floor":14,"key":"Blood Vial"}],"event_choices":[{"damage_healed":0,"gold_gain":0,"player_choice":"Donut","damage_taken":0,"max_hp_gain":5,"max_hp_loss":0,"event_name":"Big Fish","floor":2,"gold_loss":0},{"damage_healed":0,"gold_gain":0,"player_choice":"Ignored","damage_taken":0,"max_hp_gain":0,"max_hp_loss":0,"event_name":"Liars Game","floor":5,"gold_loss":0},{"damage_healed":0,"gold_gain":0,"player_choice":"Ignored","damage_taken":0,"max_hp_gain":0,"max_hp_loss":0,"event_name":"Shining Light","floor":13,"gold_loss":0}],"is_beta":true,"boss_relics":[],"items_purged_floors":[],"is_endless":false,"potions_floor_spawned":[1,8,11,14],"killed_by":"Slime Boss","ascension_level":17}