{"gold_per_floor":[111,127,140,240,111,111,145,45,45,64,91,125,152,185,185,285,285,265,277,152,163,182,211,211,225,225,75,87,117,117,142,142,242,242,256,81,132,132,0,0,10,22,95,95,95,95,107,125,125,125,125,125,125,159,159],"floor_reached":55,"playtime":9455,"items_purged":["Strike_G","Strike_G","Strike_G","Defend_G","Strike_G"],"score":882,"play_id":"e8553949-e606-43ee-aab3-0e14129947a3","local_time":"20190211165132","is_ascension_mode":true,"campfire_choices":[{"data":"Neutralize","floor":6.0,"key":"SMITH"},{"floor":15.0,"key":"RECALL"},{"data":"Reflex","floor":30.0,"key":"SMITH"},{"data":"Tools of the Trade","floor":32.0,"key":"SMITH"},{"data":"Prepared","floor":40,"key":"SMITH"},{"data":"Acrobatics","floor":44,"key":"SMITH"},{"data":"Backflip","floor":46,"key":"SMITH"},{"data":"Footwork","floor":49,"key":"SMITH"},{"data":"Calculated Gamble","floor":52,"key":"SMITH"}],"neow_cost":"NONE","seed_source_timestamp":0,"circlet_count":0,"master_deck":["Defend_G","Defend_G+1","Defend_G","Defend_G","Strike_G","Survivor","Neutralize+1","Flying Knee","Backflip+1","Slice","Quick Slash","Footwork+1","Calculated Gamble+1","Backflip+1","Reflex+1","Cloak And Dagger","Expertise","Tools of the Trade+1","Dagger Throw","Quick Slash+1","Prepared+1","Acrobatics+1","Dagger Throw+1","Well Laid Plans","Dagger Spray+1","Underhanded Strike+1","Acrobatics+1","PiercingWail+1","Skewer+1","Backflip+1"],"special_seed":0,"relics":["Ring of the Snake","PreservedInsect","Gremlin Horn","WingedGreaves","War Paint","Mercury Hourglass","Lantern","Vajra","Sozu","Torii","Ninja Scroll","Bronze Scales","Coffee Dripper","Calipers","Red Mask","Meat on the Bone","Pear"],"potions_floor_usage":[],"damage_taken":[{"damage":0.0,"enemies":"Small Slimes","floor":1.0,"turns":3.0},{"damage":0.0,"enemies":"Cultist","floor":2.0,"turns":3.0},{"damage":0.0,"enemies":"Jaw Worm","floor":3.0,"turns":4.0},{"damage":3.0,"enemies":"Gremlin Nob","floor":7.0,"turns":4.0},{"damage":0.0,"enemies":"Looter","floor":10.0,"turns":3.0},{"damage":5.0,"enemies":"3 Sentries","floor":11.0,"turns":8.0},{"damage":0.0,"enemies":"Lagavulin","floor":12.0,"turns":8.0},{"damage":4.0,"enemies":"3 Sentries","floor":13.0,"turns":5.0},{"damage":0.0,"enemies":"Lagavulin","floor":14.0,"turns":5.0},{"damage":23.0,"enemies":"Hexaghost","floor":16.0,"turns":13.0},{"damage":0.0,"enemies":"2 Thieves","floor":18.0,"turns":4.0},{"damage":0.0,"enemies":"Chosen","floor":19.0,"turns":4.0},{"damage":1.0,"enemies":"Sentry and Sphere","floor":21.0,"turns":5.0},{"damage":0.0,"enemies":"Shelled Parasite and Fungi","floor":22.0,"turns":4.0},{"damage":0.0,"enemies":"Slavers","floor":23.0,"turns":4.0},{"damage":2.0,"enemies":"Snake Plant","floor":25.0,"turns":6.0},{"damage":0.0,"enemies":"Cultist and Chosen","floor":28.0,"turns":5.0},{"damage":0.0,"enemies":"Gremlin Leader","floor":29.0,"turns":3.0},{"damage":2.0,"enemies":"Book of Stabbing","floor":31.0,"turns":4.0},{"damage":14.0,"enemies":"Automaton","floor":33.0,"turns":10.0},{"damage":0.0,"enemies":"3 Shapes","floor":35.0,"turns":2.0},{"damage":1.0,"enemies":"2 Orb Walkers","floor":37.0,"turns":5.0},{"damage":0,"enemies":"Orb Walker","floor":41,"turns":2},{"damage":0,"enemies":"Sphere and 2 Shapes","floor":42,"turns":3},{"damage":0,"enemies":"Jaw Worm Horde","floor":47,"turns":2},{"damage":0,"enemies":"Spire Growth","floor":48,"turns":3},{"damage":2,"enemies":"Donu and Deca","floor":50,"turns":10},{"damage":0,"enemies":"Shield and Spear","floor":54,"turns":6},{"damage":93,"enemies":"The Heart","floor":55,"turns":12}],"seed_played":"3275606577446787324","potions_obtained":[{"floor":1.0,"key":"FairyPotion"},{"floor":3.0,"key":"SteroidPotion"},{"floor":10.0,"key":"SpeedPotion"},{"floor":12.0,"key":"AttackPotion"}],"is_trial":false,"path_per_floor":["M","M","M","?","$","R","E","$","T","M","E","E","E","E","R","B",null,"M","M","$","M","M","E","?","M","T","$","M","E","R","E","R","B",null,"M","$","?","?","?","R","M","M","T","R","?","R","M","M","R","B",null,"R","$","E","B"],"character_chosen":"THE_SILENT","items_purchased":["Quick Slash"],"campfire_rested":0,"item_purchase_floors":[5],"current_hp_per_floor":[70,70,70,70,70,70,67,67,67,67,62,62,58,58,58,35,70,70,70,70,69,69,69,69,67,67,67,67,67,67,65,65,51,70,70,70,69,69,69,69,69,69,69,69,69,69,69,69,69,67,70,70,70,80,0],"gold":159,"neow_bonus":"RANDOM_COMMON_RELIC","is_prod":false,"is_daily":false,"chose_seed":false,"campfire_upgraded":8,"win_rate":0,"timestamp":1549932692,"path_taken":["M","M","M","?","$","R","E","$","T","M","E","E","E","E","R","BOSS","M","M","$","?","M","E","?","M","T","$","M","E","R","E","R","BOSS","M","$","?","?","?","R","M","M","T","R","?","R","M","M","R","BOSS","R","$","E","BOSS"],"build_version":"2019-01-23","purchased_purges":5,"victory":false,"max_hp_per_floor":[70,70,70,70,70,70,70,70,70,70,70,70,70,70,70,70,70,70,70,70,70,70,70,70,70,70,70,70,70,70,70,70,70,70,70,70,70,70,70,70,70,70,70,70,70,70,70,70,70,70,70,70,70,80,80],"card_choices":[{"not_picked":["Finisher","Crippling Poison"],"picked":"Flying Knee","floor":1.0},{"not_picked":["Finisher","Underhanded Strike"],"picked":"Backflip","floor":2.0},{"not_picked":["Dodge and Roll","Deadly Poison"],"picked":"Slice","floor":3.0},{"not_picked":["Backstab","Deflect"],"picked":"Footwork","floor":7.0},{"not_picked":["PiercingWail","Slice"],"picked":"Calculated Gamble","floor":10.0},{"not_picked":["Eviscerate","Flying Knee"],"picked":"Backflip","floor":11.0},{"not_picked":["Unload","PiercingWail"],"picked":"Reflex","floor":12.0},{"not_picked":["Caltrops","Predator"],"picked":"Cloak And Dagger","floor":13.0},{"not_picked":["Backflip","Heel Hook"],"picked":"Expertise","floor":14.0},{"not_picked":["Burst","After Image"],"picked":"Tools of the Trade","floor":16.0},{"not_picked":["Outmaneuver","Expertise"],"picked":"Dagger Throw","floor":18.0},{"not_picked":["Underhanded Strike","Dash"],"picked":"Quick Slash+1","floor":19.0},{"not_picked":["Dodge and Roll+1","Dagger Spray"],"picked":"Prepared","floor":21.0},{"not_picked":["Well Laid Plans","Masterful Stab","Sucker Punch+1"],"picked":"SKIP","floor":22.0},{"not_picked":["Outmaneuver+1","Accuracy"],"picked":"Acrobatics+1","floor":23.0},{"not_picked":["Dash","After Image","Deflect"],"picked":"SKIP","floor":25.0},{"not_picked":["Noxious Fumes","Backflip"],"picked":"Dagger Throw+1","floor":28.0},{"not_picked":["Bane","Outmaneuver"],"picked":"Well Laid Plans","floor":29.0},{"not_picked":["Bane","Distraction","Flying Knee"],"picked":"SKIP","floor":31.0},{"not_picked":["Glass Knife","Bullet Time"],"picked":"Malaise","floor":33.0},{"not_picked":["Poisoned Stab","Acrobatics"],"picked":"Dagger Spray+1","floor":35.0},{"not_picked":["Quick Slash","Flechettes+1"],"picked":"Underhanded Strike+1","floor":37.0},{"not_picked":["Underhanded Strike","Sucker Punch+1"],"picked":"Acrobatics","floor":41},{"not_picked":["Dagger Spray+1","Sucker Punch+1"],"picked":"PiercingWail+1","floor":42},{"not_picked":["Masterful Stab","Deflect"],"picked":"Skewer+1","floor":47},{"not_picked":["Underhanded Strike+1","Die Die Die"],"picked":"Backflip+1","floor":48},{"not_picked":["Dash+1","Outmaneuver+1","Expertise+1"],"picked":"SKIP","floor":54}],"player_experience":138716,"relics_obtained":[{"floor":7.0,"key":"Gremlin Horn"},{"floor":9.0,"key":"WingedGreaves"},{"floor":11.0,"key":"War Paint"},{"floor":12.0,"key":"Mercury Hourglass"},{"floor":13.0,"key":"Lantern"},{"floor":14.0,"key":"Vajra"},{"floor":23.0,"key":"Torii"},{"floor":29.0,"key":"Ninja Scroll"},{"floor":31.0,"key":"Bronze Scales"},{"floor":37.0,"key":"Calipers"},{"floor":43,"key":"Meat on the Bone"},{"floor":54,"key":"Pear"}],"event_choices":[{"damage_healed":0.0,"max_hp_gain":0.0,"max_hp_loss":0.0,"gold_gain":100.0,"event_name":"Golden Shrine","player_choice":"Pray","floor":4.0,"gold_loss":0.0,"damage_taken":0.0},{"damage_healed":0.0,"max_hp_gain":0.0,"max_hp_loss":0.0,"gold_gain":0.0,"event_name":"The Mausoleum","player_choice":"Ignored","floor":24.0,"gold_loss":0.0,"damage_taken":0.0},{"damage_healed":0.0,"max_hp_gain":0.0,"max_hp_loss":0.0,"gold_gain":0.0,"event_name":"Mysterious Sphere","player_choice":"Fight","floor":37.0,"gold_loss":0.0,"damage_taken":0.0},{"damage_healed":0,"gold_gain":0,"player_choice":"Memory 1","damage_taken":0,"max_hp_gain":0,"max_hp_loss":0,"event_name":"SensoryStone","floor":38,"gold_loss":0},{"damage_healed":0,"gold_gain":0,"player_choice":"Paid","damage_taken":0,"relics_obtained":["Red Mask"],"max_hp_gain":0,"max_hp_loss":0,"event_name":"Tomb of Lord Red Mask","floor":39,"gold_loss":132},{"cards_removed":["Malaise"],"damage_healed":0,"gold_gain":0,"player_choice":"Removed Skill","damage_taken":0,"max_hp_gain":0,"max_hp_loss":0,"event_name":"Falling","floor":45,"gold_loss":0}],"is_beta":false,"boss_relics":[{"not_picked":["Snecko Eye","Lizard Tail"],"picked":"Sozu"},{"not_picked":["Eternal Feather","Fusion Hammer"],"picked":"Coffee Dripper"}],"items_purged_floors":[5,8,20,27,36],"is_endless":false,"potions_floor_spawned":[1,3,10,12,19,21,25,31,33,35,41,47,48,54],"killed_by":"The Heart","ascension_level":1}