{"path_per_floor":["M","?","$","M","M","R","M","E","T","R","?","R","M","?","R","B",null,"M","?","M","$","T"],"character_chosen":"DEFECT","items_purchased":["Self Repair","Apotheosis","Sunder"],"gold_per_floor":[114,114,42,59,72,72,90,115,115,115,115,115,132,201,201,299,299,299,299,299,47,47,47],"floor_reached":23,"campfire_rested":1,"playtime":820,"item_purchase_floors":[3,21,21],"current_hp_per_floor":[75,75,75,75,75,75,51,26,26,26,26,26,27,27,49,40,75,66,66,27,27,27,0],"items_purged":[],"gold":47,"score":217,"play_id":"e272f4da-a894-461a-8cca-28e88701f346","local_time":"20180531122452","is_prod":false,"is_daily":false,"chose_seed":false,"is_ascension_mode":true,"campfire_upgraded":3,"win_rate":0,"timestamp":1527762292,"campfire_choices":[{"data":"Dualcast","floor":6,"key":"SMITH"},{"data":"Capacitor","floor":10,"key":"SMITH"},{"data":"Self Repair","floor":12,"key":"SMITH"},{"floor":15,"key":"REST"}],"path_taken":["M","?","$","M","M","R","M","E","T","R","?","R","M","?","R","BOSS","M","?","M","$","?","E"],"build_version":"2018-05-30v2","seed_source_timestamp":760764784504,"purchased_purges":0,"victory":false,"master_deck":["Strike_B","Strike_B","Strike_B","Defend_B","Defend_B+1","Defend_B","Defend_B","Zap+1","Dualcast+1","Doom and Gloom","Self Repair+1","Consume+1","Heatsinks","Beam Cell","Capacitor+1","Turbo","Echo Form","Ball Lightning","Undo","Apotheosis","Sunder"],"max_hp_per_floor":[75,75,75,75,75,75,75,75,75,75,75,75,75,75,75,75,75,75,75,75,75,75,75],"relics":["Cracked Core","War Paint","Boot","Letter Opener","Ectoplasm","Blue Candle"],"card_choices":[{"not_picked":["Leap","Stack"],"picked":"Doom and Gloom","floor":1},{"not_picked":["Go for the Eyes","Steam"],"picked":"Consume","floor":4},{"not_picked":["Leap","Sweeping Beam"],"picked":"Heatsinks","floor":5},{"not_picked":["Streamline","Cold Snap"],"picked":"Beam Cell","floor":7},{"not_picked":["Barrage","Rip and Tear"],"picked":"Capacitor","floor":8},{"not_picked":["Beam Cell","Reboot"],"picked":"Turbo","floor":13},{"not_picked":["Seek","Buffer"],"picked":"Echo Form","floor":16},{"not_picked":["Steam","Aggregate"],"picked":"Ball Lightning","floor":18},{"not_picked":["Sweeping Beam","Coolheaded"],"picked":"Undo","floor":20}],"player_experience":252268,"potions_floor_usage":[13,16,16,20,23],"damage_taken":[{"damage":0,"enemies":"Cultist","floor":1,"turns":3},{"damage":0,"enemies":"2 Louse","floor":4,"turns":2},{"damage":4,"enemies":"Jaw Worm","floor":5,"turns":4},{"damage":31,"enemies":"Exordium Wildlife","floor":7,"turns":3},{"damage":32,"enemies":"Lagavulin","floor":8,"turns":7},{"damage":9,"enemies":"2 Fungi Beasts","floor":13,"turns":3},{"damage":19,"enemies":"The Guardian","floor":16,"turns":9},{"damage":29,"enemies":"Chosen","floor":18,"turns":6},{"damage":39,"enemies":"Shell Parasite","floor":20,"turns":4},{"damage":36,"enemies":"Book of Stabbing","floor":23,"turns":3}],"relics_obtained":[{"floor":8,"key":"Boot"},{"floor":9,"key":"Letter Opener"},{"floor":22,"key":"Blue Candle"}],"event_choices":[{"event_name":"Purifier","player_choice":"One Purge","floor":2,"damage_taken":0},{"event_name":"Living Wall","player_choice":"Grow","floor":11,"damage_taken":0},{"event_name":"Golden Wing","player_choice":"Gained Gold","floor":14,"damage_taken":0},{"event_name":"Vampires","player_choice":"Ignored","floor":19,"damage_taken":0}],"boss_relics":[{"not_picked":["Snecko Eye","Black Star"],"picked":"Ectoplasm"}],"items_purged_floors":[],"potions_floor_spawned":[4,7,13,16,18],"seed_played":"1856604066342579053","killed_by":"Book of Stabbing","ascension_level":3,"potions_obtained":[{"floor":4,"key":"FocusPotion"},{"floor":7,"key":"Block Potion"},{"floor":13,"key":"Fire Potion"},{"floor":16,"key":"Poison Potion"},{"floor":18,"key":"SneckoOil"}],"is_trial":false}