{"gold_per_floor":[360,379,389,124,124,124,158,158,183,210,210,244,244,256,256,331,331,349,274,43,43,61,61,92,92,92,92],"floor_reached":27,"playtime":2893,"items_purged":["Clumsy"],"score":544,"play_id":"d9bd378b-620d-426e-b22a-7727aa31a53c","local_time":"20181226215104","is_ascension_mode":true,"campfire_choices":[{"data":"Inflame","floor":6.0,"key":"SMITH"},{"floor":11.0,"key":"REST"},{"data":"Spot Weakness","floor":13,"key":"SMITH"},{"data":"Flame Barrier","floor":15,"key":"SMITH"},{"data":"Corruption","floor":23,"key":"SMITH"}],"neow_cost":"CURSE","seed_source_timestamp":0,"circlet_count":0,"master_deck":["AscendersBane","Strike_R","Strike_R","Strike_R","Defend_R","Defend_R","Defend_R","Defend_R","Bash","Inflame+1","Twin Strike","Headbutt","Shrug It Off","Spot Weakness+1","Immolate","Flame Barrier+1","Sword Boomerang","Heavy Blade","Feed","Corruption+1","Feed"],"special_seed":0,"relics":["Burning Blood","Oddly Smooth Stone","Potion Belt","Bag of Preparation","Anchor","Unceasing Top","Busted Crown","DollysMirror","Boot","Shovel"],"potions_floor_usage":[12,27,27],"damage_taken":[{"damage":12.0,"enemies":"Cultist","floor":1.0,"turns":4.0},{"damage":16.0,"enemies":"Small Slimes","floor":2.0,"turns":4.0},{"damage":14.0,"enemies":"2 Louse","floor":3.0,"turns":3.0},{"damage":44.0,"enemies":"3 Sentries","floor":7.0,"turns":10.0},{"damage":0.0,"enemies":"Gremlin Nob","floor":10.0,"turns":2.0},{"damage":25,"enemies":"Lagavulin","floor":12,"turns":5},{"damage":8,"enemies":"Blue Slaver","floor":14,"turns":3},{"damage":12,"enemies":"Hexaghost","floor":16,"turns":9},{"damage":18,"enemies":"Spheric Guardian","floor":18,"turns":5},{"damage":32,"enemies":"Shell Parasite","floor":22,"turns":6},{"damage":18,"enemies":"Gremlin Leader","floor":24,"turns":6},{"damage":44,"enemies":"Slavers","floor":27,"turns":2}],"seed_played":"-8801772127612768091","potions_obtained":[{"floor":1.0,"key":"AttackPotion"},{"floor":3.0,"key":"SpeedPotion"},{"floor":10.0,"key":"Poison Potion"},{"floor":14,"key":"FairyPotion"},{"floor":24,"key":"Explosive Potion"}],"is_trial":false,"path_per_floor":["M","M","M","$","?","R","E","?","T","E","R","E","R","M","R","B",null,"M","?","$","?","M","R","E","T","T","E"],"character_chosen":"IRONCLAD","items_purchased":["Shrug It Off","Oddly Smooth Stone","DollysMirror"],"campfire_rested":1,"item_purchase_floors":[4,4,20],"current_hp_per_floor":[62,52,44,44,49,49,11,11,11,17,41,22,22,20,20,14,64,55,55,55,55,32,32,23,23,23,0],"gold":92,"neow_bonus":"TWO_FIFTY_GOLD","is_prod":false,"is_daily":false,"chose_seed":false,"campfire_upgraded":4,"win_rate":0,"timestamp":1545857464,"path_taken":["M","?","M","$","?","R","E","?","T","E","R","E","R","?","R","BOSS","M","?","$","?","M","R","E","?","T","E"],"build_version":"2018-12-20","purchased_purges":1,"victory":false,"max_hp_per_floor":[75,75,75,75,80,80,80,80,80,80,80,80,80,80,80,80,80,83,83,83,83,86,86,89,89,89,89],"card_choices":[{"not_picked":["Pommel Strike","Havoc"],"picked":"Inflame","floor":1.0},{"not_picked":["Sentinel","Clothesline"],"picked":"Twin Strike","floor":2.0},{"not_picked":["Berserk","Reckless Charge"],"picked":"Headbutt","floor":3.0},{"not_picked":["Fire Breathing","Twin Strike"],"picked":"Spot Weakness","floor":7.0},{"not_picked":["Second Wind","Corruption"],"picked":"Flame Barrier","floor":10.0},{"not_picked":["Dual Wield","True Grit"],"picked":"Sword Boomerang","floor":12},{"not_picked":["Cleave","Shrug It Off"],"picked":"Heavy Blade","floor":14},{"not_picked":["Fiend Fire","Demon Form"],"picked":"Feed","floor":16},{"not_picked":[],"picked":"Corruption","floor":18},{"not_picked":["Perfected Strike+1"],"picked":"SKIP","floor":22},{"not_picked":["Reckless Charge"],"picked":"SKIP","floor":24}],"player_experience":1068041,"relics_obtained":[{"floor":7.0,"key":"Potion Belt"},{"floor":9.0,"key":"Bag of Preparation"},{"floor":10.0,"key":"Anchor"},{"floor":12,"key":"Unceasing Top"},{"floor":24,"key":"Boot"},{"floor":25,"key":"Shovel"}],"event_choices":[{"damage_healed":0.0,"max_hp_gain":5.0,"max_hp_loss":0.0,"gold_gain":0.0,"event_name":"Big Fish","player_choice":"Donut","floor":5.0,"gold_loss":0.0,"damage_taken":0.0},{"damage_healed":0.0,"max_hp_gain":0.0,"max_hp_loss":0.0,"gold_gain":0.0,"cards_transformed":["Strike_R"],"event_name":"Transmorgrifier","player_choice":"Transformed","floor":8.0,"gold_loss":0.0,"damage_taken":0.0,"cards_obtained":["Immolate"]},{"cards_removed":["Strike_R"],"damage_healed":0,"gold_gain":0,"player_choice":"Gave Gold","damage_taken":0,"max_hp_gain":0,"max_hp_loss":0,"event_name":"Beggar","floor":19,"gold_loss":75},{"damage_healed":0,"gold_gain":0,"player_choice":"Ignored","damage_taken":0,"max_hp_gain":0,"max_hp_loss":0,"event_name":"Ghosts","floor":21,"gold_loss":0}],"is_beta":false,"boss_relics":[{"not_picked":["Empty Cage","Tiny House"],"picked":"Busted Crown"}],"items_purged_floors":[4],"is_endless":false,"potions_floor_spawned":[1,3,10,14,24],"killed_by":"Slavers","ascension_level":20}