{"gold_per_floor":[109,109,259,184,259,292,292,292,316,351,137,169,188,207,207,281,281,239,239,150,164,164,164,164],"floor_reached":24,"playtime":726,"items_purged":["Strike_R"],"score":520,"play_id":"bd58abe2-f054-481e-8465-87c55f9164ae","local_time":"20190122163411","is_ascension_mode":true,"campfire_choices":[{"data":"Bash","floor":7,"key":"SMITH"},{"data":"True Grit","floor":15,"key":"SMITH"},{"data":"Inflame","floor":23,"key":"SMITH"}],"neow_cost":"NONE","seed_source_timestamp":23771062143704,"circlet_count":0,"master_deck":["AscendersBane","Strike_R+1","Strike_R+1","Strike_R+1","Strike_R+1","Defend_R+1","Defend_R+1","Defend_R+1","Defend_R+1","Bash+1","Shrug It Off","hubris:CleavingFinish+1","hubris:CleavingFinish","Rampage","Shrug It Off","Spot Weakness","Heavy Blade","True Grit+1","Reaper","Spot Weakness","Inflame+1","Whirlwind"],"relics":["Burning Blood","NeowsBlessing","Juzu Bracelet","Red Skull","FossilizedHelix","hubris:SlimyHat","Cursed Key"],"potions_floor_usage":[],"damage_taken":[{"damage":0,"enemies":"Jaw Worm","floor":1,"turns":1},{"damage":0,"enemies":"Gremlin Nob","floor":6,"turns":1},{"damage":0,"enemies":"3 Sentries","floor":10,"turns":2},{"damage":20,"enemies":"Gremlin Nob","floor":12,"turns":4},{"damage":6,"enemies":"2 Louse","floor":13,"turns":3},{"damage":0,"enemies":"Small Slimes","floor":14,"turns":2},{"damage":14,"enemies":"The Guardian","floor":16,"turns":14},{"damage":29,"enemies":"2 Thieves","floor":18,"turns":5},{"damage":0,"enemies":"Chosen","floor":21,"turns":3},{"damage":47,"enemies":"Gremlin Leader","floor":24,"turns":4}],"seed_played":"4574259644228991740","potions_obtained":[{"floor":10,"key":"SteroidPotion"},{"floor":12,"key":"SteroidPotion"},{"floor":21,"key":"Strength Potion"}],"is_trial":false,"path_per_floor":["M","?","?","?","?","E","R","?","T","E","$","E","M","M","R","B",null,"M","?","$","M","?","R","E"],"character_chosen":"IRONCLAD","items_purchased":["Rampage","Shrug It Off","Inflame"],"campfire_rested":0,"item_purchase_floors":[11,11,20],"current_hp_per_floor":[74,51,51,51,40,46,46,46,46,52,52,38,38,44,44,36,65,59,59,59,65,44,44,0],"gold":164,"neow_bonus":"THREE_ENEMY_KILL","is_prod":false,"is_daily":false,"chose_seed":false,"campfire_upgraded":3,"win_rate":0,"timestamp":1548171251,"path_taken":["M","?","?","?","?","E","R","?","T","E","$","E","M","M","R","BOSS","M","?","$","M","?","R","E"],"build_version":"2019-01-17v2","purchased_purges":1,"victory":false,"max_hp_per_floor":[75,75,75,75,75,75,75,75,75,75,75,75,75,75,75,75,75,75,75,75,75,80,80,80],"card_choices":[{"not_picked":["Blood for Blood","Evolve"],"picked":"Shrug It Off","floor":1},{"not_picked":["Armaments","Blood for Blood"],"picked":"hubris:CleavingFinish","floor":6},{"not_picked":["Twin Strike","Heavy Blade"],"picked":"hubris:CleavingFinish","floor":10},{"not_picked":["Iron Wave","Twin Strike"],"picked":"Spot Weakness","floor":12},{"not_picked":["Anger","Reckless Charge"],"picked":"Heavy Blade","floor":13},{"not_picked":["Dark Embrace","Warcry"],"picked":"True Grit","floor":14},{"not_picked":["Barricade","Immolate"],"picked":"Reaper","floor":16},{"not_picked":["Thunderclap","Sword Boomerang"],"picked":"Spot Weakness","floor":18},{"not_picked":["Fire Breathing","Clash"],"picked":"Whirlwind","floor":21}],"player_experience":1148323,"relics_obtained":[{"floor":6,"key":"Juzu Bracelet"},{"floor":9,"key":"Red Skull"},{"floor":10,"key":"FossilizedHelix"},{"floor":12,"key":"hubris:SlimyHat"}],"event_choices":[{"damage_healed":0,"gold_gain":0,"player_choice":"Entered Light","damage_taken":23,"max_hp_gain":0,"max_hp_loss":0,"event_name":"Shining Light","floor":2,"gold_loss":0,"cards_upgraded":["Defend_R","Strike_R"]},{"damage_healed":0,"gold_gain":150,"player_choice":"AGREE","damage_taken":0,"max_hp_gain":0,"max_hp_loss":0,"event_name":"Liars Game","floor":3,"gold_loss":0,"cards_obtained":["Doubt"]},{"cards_removed":["Doubt"],"damage_healed":0,"gold_gain":0,"player_choice":"Card Removal","damage_taken":0,"max_hp_gain":0,"max_hp_loss":0,"event_name":"The Cleric","floor":4,"gold_loss":75},{"damage_healed":0,"gold_gain":75,"player_choice":"Gather Gold","damage_taken":11,"max_hp_gain":0,"max_hp_loss":0,"event_name":"World of Goop","floor":5,"gold_loss":0},{"damage_healed":0,"gold_gain":0,"player_choice":"Grow","damage_taken":0,"max_hp_gain":0,"max_hp_loss":0,"event_name":"Living Wall","floor":8,"gold_loss":0,"cards_upgraded":["hubris:CleavingFinish"]},{"damage_healed":0,"gold_gain":0,"player_choice":"Simplicity","damage_taken":0,"max_hp_gain":0,"max_hp_loss":0,"event_name":"Back to Basics","floor":19,"gold_loss":0,"cards_upgraded":["Strike_R","Strike_R","Strike_R","Defend_R","Defend_R","Defend_R"]},{"damage_healed":0,"gold_gain":0,"player_choice":"Shed Blood","damage_taken":26,"max_hp_gain":5,"max_hp_loss":0,"event_name":"Forgotten Altar","floor":22,"gold_loss":0}],"is_beta":false,"boss_relics":[{"not_picked":["Eternal Feather","White Beast Statue"],"picked":"Cursed Key"}],"items_purged_floors":[11],"is_endless":false,"potions_floor_spawned":[10,12,14,16,21],"killed_by":"Gremlin Leader","ascension_level":20}