{"gold_per_floor":[110,128,18,18,36,65,65,65,65,79,113,130,130,164,164,236,236,246,265,265,278,297,297,297],"floor_reached":24,"playtime":1078,"items_purged":[],"score":486,"play_id":"da2d9a6b-3da7-40c7-bc81-fb502fdd2970","local_time":"20190304211759","is_ascension_mode":true,"campfire_choices":[{"data":"Zap","floor":15,"key":"SMITH"},{"floor":23,"key":"REST"}],"neow_cost":"NONE","seed_source_timestamp":5455406343539,"circlet_count":0,"master_deck":["AscendersBane","Strike_B","Strike_B","Strike_B","Defend_B","Defend_B","Defend_B","Defend_B","Zap+1","Dualcast","Gash","Static Discharge","Defragment+1","Cold Snap","Gash","Steam Power+1","Sweeping Beam","Recycle","Chill","Ball Lightning","Creative AI","Decay","Electrodynamics"],"relics":["Cracked Core","NeowsBlessing","Emotion Chip","Bottled Lightning","Orichalcum","Regal Pillow","Mummified Hand","Philosopher\u0027s Stone"],"potions_floor_usage":[6,11,22,24],"damage_taken":[{"damage":0,"enemies":"Cultist","floor":1,"turns":1},{"damage":0,"enemies":"2 Louse","floor":2,"turns":1},{"damage":0,"enemies":"Jaw Worm","floor":5,"turns":1},{"damage":24,"enemies":"Gremlin Nob","floor":6,"turns":4},{"damage":0,"enemies":"Large Slime","floor":10,"turns":4},{"damage":12,"enemies":"Lagavulin","floor":11,"turns":6},{"damage":0,"enemies":"2 Fungi Beasts","floor":12,"turns":3},{"damage":0,"enemies":"3 Sentries","floor":14,"turns":9},{"damage":18,"enemies":"The Guardian","floor":16,"turns":8},{"damage":22,"enemies":"Shell Parasite","floor":18,"turns":7},{"damage":14,"enemies":"2 Thieves","floor":19,"turns":3},{"damage":11,"enemies":"3 Cultists","floor":21,"turns":5},{"damage":6,"enemies":"Centurion and Healer","floor":22,"turns":5},{"damage":45,"enemies":"Book of Stabbing","floor":24,"turns":4}],"seed_played":"-6777176680189194970","potions_obtained":[{"floor":2,"key":"GamblersBrew"},{"floor":5,"key":"Energy Potion"},{"floor":10,"key":"FocusPotion"},{"floor":19,"key":"Weak Potion"},{"floor":22,"key":"Block Potion"}],"is_trial":false,"path_per_floor":["M","M","$","?","M","E","T","?","T","M","E","M","?","E","R","B",null,"M","M","?","M","M","R","E"],"character_chosen":"DEFECT","items_purchased":["Defragment","Cold Snap"],"campfire_rested":1,"item_purchase_floors":[3,3],"current_hp_per_floor":[64,64,64,64,64,40,40,40,40,40,28,28,28,28,28,10,56,34,20,20,9,3,39,0],"gold":297,"neow_bonus":"THREE_ENEMY_KILL","is_prod":false,"is_daily":false,"chose_seed":false,"campfire_upgraded":1,"win_rate":0,"timestamp":1551730679,"path_taken":["M","?","$","?","?","E","?","?","T","M","E","M","?","E","R","BOSS","M","M","?","M","M","R","E"],"build_version":"2019-01-23","purchased_purges":0,"victory":false,"max_hp_per_floor":[71,71,71,71,71,71,71,71,71,71,71,71,71,71,71,71,71,71,71,71,71,71,71,71],"card_choices":[{"not_picked":["Barrage","BootSequence"],"picked":"Gash","floor":1},{"not_picked":["Turbo","Lockon"],"picked":"Static Discharge","floor":2},{"not_picked":["Barrage","BootSequence"],"picked":"Gash","floor":5},{"not_picked":["Rebound","Recycle"],"picked":"Steam Power","floor":6},{"not_picked":["Stack","Reprogram"],"picked":"Sweeping Beam","floor":10},{"not_picked":["Streamline","Static Discharge"],"picked":"Recycle","floor":11},{"not_picked":["Blizzard","Fission"],"picked":"Chill","floor":12},{"not_picked":["Go for the Eyes","Skim"],"picked":"Ball Lightning","floor":14},{"not_picked":["All For One","Electrodynamics"],"picked":"Creative AI","floor":16},{"not_picked":["Streamline","Double Energy","Gash+1"],"picked":"SKIP","floor":18},{"not_picked":["Barrage","Stack","Redo"],"picked":"SKIP","floor":19},{"not_picked":["Cold Snap","Conserve Battery"],"picked":"Electrodynamics","floor":21},{"not_picked":["Beam Cell","Gash","Redo"],"picked":"SKIP","floor":22}],"player_experience":1365232,"relics_obtained":[{"floor":6,"key":"Emotion Chip"},{"floor":7,"key":"Bottled Lightning"},{"floor":9,"key":"Orichalcum"},{"floor":11,"key":"Regal Pillow"},{"floor":14,"key":"Mummified Hand"}],"event_choices":[{"damage_healed":0,"gold_gain":0,"player_choice":"Upgraded","damage_taken":0,"max_hp_gain":0,"max_hp_loss":0,"event_name":"Upgrade Shrine","floor":4,"gold_loss":0,"cards_upgraded":["Defragment"]},{"damage_healed":0,"gold_gain":0,"player_choice":"Grow","damage_taken":0,"max_hp_gain":0,"max_hp_loss":0,"event_name":"Living Wall","floor":8,"gold_loss":0,"cards_upgraded":["Steam Power"]},{"cards_removed":["Strike_B"],"damage_healed":0,"gold_gain":0,"player_choice":"Purged","damage_taken":0,"max_hp_gain":0,"max_hp_loss":0,"event_name":"Purifier","floor":13,"gold_loss":0},{"damage_healed":0,"gold_gain":0,"player_choice":"Smashed Altar","damage_taken":0,"max_hp_gain":0,"max_hp_loss":0,"event_name":"Forgotten Altar","floor":20,"gold_loss":0,"cards_obtained":["Decay"]}],"is_beta":false,"boss_relics":[{"not_picked":["Lizard Tail","Eternal Feather"],"picked":"Philosopher\u0027s Stone"}],"items_purged_floors":[],"is_endless":false,"potions_floor_spawned":[2,5,10,19,22],"killed_by":"Book of Stabbing","ascension_level":20}