{"gold_per_floor":[18,18,18,37,50,79,79,93,93,93,93],"floor_reached":11,"playtime":504,"items_purged":[],"score":142,"play_id":"ea660cf3-72f4-4a43-be4b-56ae736533e9","local_time":"20181210005042","is_ascension_mode":true,"campfire_choices":[{"data":"Feed","floor":7,"key":"SMITH"},{"data":"Bash","floor":10,"key":"SMITH"}],"neow_cost":"NO_GOLD","seed_source_timestamp":50707192827950,"circlet_count":0,"master_deck":["AscendersBane","Strike_R","Strike_R","Strike_R","Strike_R","Strike_R","Defend_R","Defend_R","Defend_R","Defend_R","Bash+1","Impervious","Warcry+1","Spot Weakness","Sword Boomerang","Feed+1"],"relics":["Burning Blood","Strawberry","Paper Frog"],"potions_floor_usage":[8,11],"damage_taken":[{"damage":1,"enemies":"2 Louse","floor":1,"turns":3},{"damage":9,"enemies":"Small Slimes","floor":4,"turns":5},{"damage":7,"enemies":"Cultist","floor":5,"turns":5},{"damage":50,"enemies":"Lagavulin","floor":6,"turns":9},{"damage":6,"enemies":"Exordium Wildlife","floor":8,"turns":4},{"damage":45,"enemies":"3 Sentries","floor":11,"turns":6}],"seed_played":"-5606046329272949224","potions_obtained":[{"floor":1,"key":"BloodPotion"},{"floor":5,"key":"Ancient Potion"},{"floor":6,"key":"Strength Potion"},{"floor":8,"key":"AttackPotion"}],"is_trial":false,"path_per_floor":["M","?","?","M","M","E","R","M","T","R","E"],"character_chosen":"IRONCLAD","items_purchased":[],"campfire_rested":0,"item_purchase_floors":[],"current_hp_per_floor":[73,78,78,75,74,37,37,41,41,41,0],"gold":93,"neow_bonus":"THREE_RARE_CARDS","is_prod":false,"is_daily":false,"chose_seed":false,"campfire_upgraded":2,"win_rate":0,"timestamp":1544399442,"path_taken":["M","?","?","M","?","E","R","M","T","R","E"],"build_version":"2018-12-06","purchased_purges":0,"victory":false,"max_hp_per_floor":[75,80,80,80,80,87,87,91,91,91,91],"card_choices":[{"not_picked":["Juggernaut","Double Tap"],"picked":"Impervious","floor":0},{"not_picked":["Ghostly Armor","Clash"],"picked":"Warcry","floor":1},{"not_picked":["Flex","Flame Barrier"],"picked":"Spot Weakness","floor":4},{"not_picked":["Shockwave","Body Slam"],"picked":"Sword Boomerang","floor":5},{"not_picked":["Carnage","Fire Breathing"],"picked":"Feed","floor":6},{"not_picked":["Fire Breathing","Wild Strike","Hemokinesis"],"picked":"SKIP","floor":8}],"player_experience":998164,"relics_obtained":[{"floor":6,"key":"Strawberry"},{"floor":9,"key":"Paper Frog"}],"event_choices":[{"damage_healed":0,"gold_gain":0,"player_choice":"Donut","damage_taken":0,"max_hp_gain":5,"max_hp_loss":0,"event_name":"Big Fish","floor":2,"gold_loss":0},{"damage_healed":0,"gold_gain":0,"player_choice":"Upgraded","damage_taken":0,"max_hp_gain":0,"max_hp_loss":0,"event_name":"Upgrade Shrine","floor":3,"gold_loss":0,"cards_upgraded":["Warcry"]}],"is_beta":true,"boss_relics":[],"items_purged_floors":[],"is_endless":false,"potions_floor_spawned":[1,5,6,8],"killed_by":"3 Sentries","ascension_level":19}