{"gold_per_floor":[217,44,44,119,79,79,96,96,121,132,164,184,202,202,202,273,273,291,291,291,291,30,50,82,132,132,164,164,29,60,60],"floor_reached":31,"playtime":1066,"items_purged":["Writhe"],"score":728,"play_id":"b5f843c1-e97b-4bce-8332-49ed8b64d4cb","local_time":"20190505180600","is_ascension_mode":true,"campfire_choices":[{"data":"Zap","floor":6.0,"key":"SMITH"},{"data":"Capacitor","floor":8.0,"key":"SMITH"},{"floor":15.0,"key":"REST"},{"floor":28.0,"key":"DIG"}],"neow_cost":"NONE","seed_source_timestamp":0,"circlet_count":0,"master_deck":["AscendersBane","Strike_B","Strike_B","Strike_B","Strike_B","Defend_B","Defend_B","Defend_B","Defend_B","Zap+1","Dualcast","FTL","Consume+1","Capacitor+1","Cold Snap","Sweeping Beam","Compile Driver","Electrodynamics+1","Steam","Conserve Battery","Echo Form","Cold Snap","Ghostly","Ghostly","Ghostly","Static Discharge+1","Doom and Gloom","Self Repair+1","Biased Cognition+1","Static Discharge+1"],"special_seed":0,"relics":["Cracked Core","Juzu Bracelet","Shovel","Nuclear Battery","Frozen Egg 2","Runic Capacitor","Dodecahedron","Pear","Smiling Mask","Mummified Hand","Boot"],"potions_floor_usage":[],"damage_taken":[{"damage":0.0,"enemies":"2 Louse","floor":1.0,"turns":2.0},{"damage":3.0,"enemies":"Small Slimes","floor":7.0,"turns":2.0},{"damage":1.0,"enemies":"Cultist","floor":10.0,"turns":3.0},{"damage":29.0,"enemies":"Gremlin Nob","floor":11.0,"turns":4.0},{"damage":11.0,"enemies":"Blue Slaver","floor":12.0,"turns":3.0},{"damage":3.0,"enemies":"Red Slaver","floor":13.0,"turns":3.0},{"damage":0.0,"enemies":"Slime Boss","floor":16.0,"turns":6.0},{"damage":24.0,"enemies":"Shell Parasite","floor":18.0,"turns":8.0},{"damage":4.0,"enemies":"3 Byrds","floor":23.0,"turns":3.0},{"damage":4.0,"enemies":"Gremlin Leader","floor":24.0,"turns":6.0},{"damage":27.0,"enemies":"Book of Stabbing","floor":27.0,"turns":6.0},{"damage":0.0,"enemies":"Slavers","floor":30.0,"turns":3.0},{"damage":38,"enemies":"Shelled Parasite and Fungi","floor":31,"turns":2}],"seed_played":"-1145214743923980195","potions_obtained":[{"floor":1.0,"key":"Weak Potion"},{"floor":5.0,"key":"FocusPotion"},{"floor":5.0,"key":"FearPotion"},{"floor":12.0,"key":"AttackPotion"},{"floor":23.0,"key":"Regen Potion"}],"is_trial":false,"path_per_floor":["M","$","?","?","?","R","M","R","T","M","E","M","M","?","R","B",null,"M","?","?","?","$","M","E","?","T","E","R","$","E","M"],"character_chosen":"DEFECT","items_purchased":["Consume","Capacitor","Cold Snap","Runic Capacitor","Static Discharge+1","Biased Cognition+1"],"campfire_rested":1,"item_purchase_floors":[2,2,2,22,22,29],"current_hp_per_floor":[64,64,64,53,53,53,50,50,50,49,20,9,6,6,27,27,60,36,36,35,35,35,31,27,27,37,10,10,10,29,0],"gold":60,"neow_bonus":"HUNDRED_GOLD","is_prod":false,"is_daily":false,"chose_seed":false,"campfire_upgraded":2,"win_rate":0,"timestamp":1557072360,"path_taken":["M","$","?","?","?","R","M","R","T","M","E","M","M","?","R","BOSS","M","?","?","?","$","M","E","?","T","E","R","?","E","M"],"build_version":"2019-01-23","purchased_purges":1,"victory":false,"max_hp_per_floor":[71,71,71,71,71,71,71,71,71,71,71,71,71,71,71,71,71,71,71,35,35,35,35,35,35,45,45,45,45,45,45],"card_choices":[{"not_picked":["Conserve Battery","Rebound"],"picked":"FTL","floor":1.0},{"not_picked":["Steam Power","Hologram"],"picked":"Sweeping Beam","floor":7.0},{"not_picked":["Redo","Sweeping Beam"],"picked":"Compile Driver","floor":10.0},{"not_picked":["Stack","Steam"],"picked":"Electrodynamics","floor":11.0},{"not_picked":["Redo","Static Discharge"],"picked":"Steam","floor":12.0},{"not_picked":["Barrage","Compile Driver"],"picked":"Conserve Battery","floor":13.0},{"not_picked":["Reboot","Meteor Strike"],"picked":"Echo Form","floor":16.0},{"not_picked":["Redo","Steam"],"picked":"Cold Snap","floor":18.0},{"not_picked":["Go for the Eyes","Sweeping Beam","Rip and Tear"],"picked":"SKIP","floor":23.0},{"not_picked":["Rip and Tear","Turbo"],"picked":"Doom and Gloom","floor":24.0},{"not_picked":["Scrape","Barrage"],"picked":"Self Repair+1","floor":27.0},{"not_picked":["Go for the Eyes","Capacitor+1"],"picked":"Static Discharge+1","floor":30.0}],"player_experience":1656356,"relics_obtained":[{"floor":9.0,"key":"Juzu Bracelet"},{"floor":11.0,"key":"Shovel"},{"floor":24.0,"key":"Dodecahedron"},{"floor":26.0,"key":"Pear"},{"floor":27.0,"key":"Smiling Mask"},{"floor":28.0,"key":"Mummified Hand"},{"floor":30.0,"key":"Boot"}],"event_choices":[{"damage_healed":0.0,"max_hp_gain":0.0,"max_hp_loss":0.0,"gold_gain":0.0,"event_name":"Living Wall","player_choice":"Grow","floor":3.0,"gold_loss":0.0,"damage_taken":0.0,"cards_upgraded":["Consume"]},{"damage_healed":0.0,"max_hp_gain":0.0,"max_hp_loss":0.0,"gold_gain":75.0,"event_name":"World of Goop","player_choice":"Gather Gold","floor":4.0,"gold_loss":0.0,"damage_taken":11.0},{"damage_healed":0.0,"max_hp_gain":0.0,"max_hp_loss":0.0,"gold_gain":0.0,"event_name":"The Woman in Blue","player_choice":"Bought 3 Potions","floor":5.0,"gold_loss":0.0,"damage_taken":0.0},{"damage_healed":0.0,"max_hp_gain":0.0,"max_hp_loss":0.0,"gold_gain":0.0,"event_name":"Scrap Ooze","player_choice":"Fled","floor":14.0,"gold_loss":0.0,"damage_taken":0.0},{"damage_healed":0.0,"max_hp_gain":0.0,"max_hp_loss":0.0,"gold_gain":0.0,"event_name":"Upgrade Shrine","player_choice":"Upgraded","floor":19.0,"gold_loss":0.0,"damage_taken":0.0,"cards_upgraded":["Electrodynamics"]},{"damage_healed":0.0,"max_hp_gain":0.0,"max_hp_loss":36.0,"gold_gain":0.0,"event_name":"Ghosts","player_choice":"Became a Ghost","floor":20.0,"gold_loss":0.0,"damage_taken":0.0,"cards_obtained":["Ghostly","Ghostly","Ghostly"]},{"damage_healed":0.0,"max_hp_gain":0.0,"max_hp_loss":0.0,"gold_gain":0.0,"event_name":"The Mausoleum","player_choice":"Opened","floor":21.0,"gold_loss":0.0,"damage_taken":0.0,"relics_obtained":["Frozen Egg 2"],"cards_obtained":["Writhe"]},{"damage_healed":0.0,"max_hp_gain":0.0,"max_hp_loss":0.0,"gold_gain":50.0,"event_name":"Nest","player_choice":"Stole From Cult","floor":25.0,"gold_loss":0.0,"damage_taken":0.0}],"is_beta":false,"boss_relics":[{"not_picked":["Coffee Dripper","Busted Crown"],"picked":"Nuclear Battery"}],"items_purged_floors":[29],"is_endless":false,"potions_floor_spawned":[1,7,10,12,23,24,27],"killed_by":"Shelled Parasite and Fungi","ascension_level":20}