{"gold_per_floor":[114,114,114,129,143,143,175,187,225,262,274,286,298,275,287,299],"floor_reached":16,"playtime":359,"items_purged":[],"score":170,"play_id":"ab1382ff-0570-4167-803a-6f8017b02245","local_time":"20180922115354","is_ascension_mode":true,"campfire_choices":[{"data":"Uppercut","floor":6,"key":"SMITH"},{"data":"Hemokinesis","floor":8,"key":"SMITH"},{"data":"Havoc","floor":15,"key":"SMITH"}],"neow_cost":"TEN_PERCENT_HP_LOSS","seed_source_timestamp":3478151553427,"circlet_count":0,"master_deck":["Strike_R","Strike_R","Strike_R","Strike_R","Defend_R","Defend_R","Defend_R","Defend_R","Bash","AscendersBane","Flex+1","Uppercut+1","Cleave","Hemokinesis+1","Havoc+1"],"relics":["Burning Blood","Turnip","Omamori","MawBank","Juzu Bracelet","Letter Opener"],"potions_floor_usage":[],"damage_taken":[{"damage":0,"enemies":"2 Louse","floor":1,"turns":3},{"damage":9,"enemies":"Jaw Worm","floor":4,"turns":3},{"damage":0,"enemies":"Small Slimes","floor":5,"turns":3},{"damage":30,"enemies":"Lagavulin","floor":7,"turns":6},{"damage":32,"enemies":"3 Sentries","floor":10,"turns":7},{"damage":32,"enemies":"Slime Boss","floor":16,"turns":6}],"seed_played":"4288002712087767781","potions_obtained":[{"floor":10,"key":"SpeedPotion"}],"is_trial":false,"path_per_floor":["M","?","?","M","M","R","E","R","T","E","?","?","$","?","R"],"character_chosen":"IRONCLAD","items_purchased":[],"campfire_rested":0,"item_purchase_floors":[],"current_hp_per_floor":[72,54,54,51,57,57,33,33,33,7,7,7,7,25,25,0],"gold":299,"neow_bonus":"ONE_RARE_RELIC","is_prod":false,"is_daily":false,"chose_seed":false,"campfire_upgraded":3,"win_rate":0,"timestamp":1537610034,"path_taken":["M","?","?","M","M","R","E","R","T","E","?","?","?","?","R","BOSS"],"build_version":"2018-09-20","purchased_purges":0,"victory":false,"max_hp_per_floor":[72,72,72,72,72,72,72,72,72,72,72,72,72,72,72,72],"card_choices":[{"not_picked":["True Grit","Twin Strike"],"picked":"Flex","floor":1},{"not_picked":["Heavy Blade","Headbutt"],"picked":"Uppercut","floor":4},{"not_picked":["Flame Barrier","Warcry"],"picked":"Cleave","floor":5},{"not_picked":["Heavy Blade","Sword Boomerang"],"picked":"Hemokinesis","floor":7},{"not_picked":["Sword Boomerang","Body Slam"],"picked":"Havoc","floor":10}],"player_experience":475525,"relics_obtained":[{"floor":7,"key":"MawBank"},{"floor":9,"key":"Juzu Bracelet"},{"floor":10,"key":"Letter Opener"}],"event_choices":[{"event_name":"Scrap Ooze","player_choice":"success","floor":2,"damage_taken":18},{"event_name":"Living Wall","player_choice":"Grow","floor":3,"damage_taken":0},{"event_name":"Bonfire Elementals","player_choice":"BASIC","floor":11,"damage_taken":0},{"event_name":"Dead Adventurer","player_choice":"Searched \u00270\u0027 times","floor":12,"damage_taken":0},{"event_name":"The Cleric","player_choice":"Healed","floor":14,"damage_taken":0}],"is_beta":true,"boss_relics":[],"items_purged_floors":[],"is_endless":false,"potions_floor_spawned":[10],"killed_by":"Slime Boss","ascension_level":12}