{"gold_per_floor":[111,125,275,275,289,289,320,331,331,341,341,341,355,382,382,456,456,474,100,100,100,119,119,150,150,150,162,193,209,259,288,288,365,365,384,43,43,62,75,104,104,104,130,164,175,175,175],"floor_reached":47,"playtime":2294,"items_purged":["Strike_R","Strike_R"],"score":1306,"play_id":"f9015959-f6c2-4e70-a17b-6459480bb556","local_time":"20190405141407","is_ascension_mode":true,"campfire_choices":[{"data":"Uppercut","floor":6,"key":"SMITH"},{"floor":12,"key":"REST"},{"data":"Disarm","floor":15,"key":"SMITH"},{"data":"Armaments","floor":23,"key":"SMITH"},{"data":"Demon Form","floor":32,"key":"SMITH"},{"data":"Offering","floor":41,"key":"SMITH"}],"neow_cost":"NONE","seed_source_timestamp":15246880649701,"circlet_count":0,"master_deck":["AscendersBane","Strike_R","Strike_R","Strike_R","Defend_R","Defend_R","Defend_R","Defend_R","Bash+1","Shrug It Off","Disarm+1","Uppercut+1","Bludgeon","Exhume","Shrug It Off","Shockwave","Demon Form+1","Seeing Red","Reaper","Exhume","Armaments+1","Spot Weakness","Dropkick+1","Necronomicurse","Exhume","Burning Pact+1","Offering+1","Corruption","Limit Break","Heavy Blade+1","Offering","Spot Weakness"],"relics":["Burning Blood","Smiling Mask","FossilizedHelix","Velvet Choker","Dodecahedron","Necronomicon","Paper Frog","Torii","Question Card","Runic Dome","Potion Belt","Lantern","Omamori","PreservedInsect","Centennial Puzzle"],"potions_floor_usage":[1,10,14,31,40,40,47],"damage_taken":[{"damage":2,"enemies":"Jaw Worm","floor":1,"turns":4},{"damage":8,"enemies":"Small Slimes","floor":2,"turns":6},{"damage":3,"enemies":"Cultist","floor":5,"turns":4},{"damage":59,"enemies":"3 Sentries","floor":7,"turns":14},{"damage":6,"enemies":"Blue Slaver","floor":8,"turns":3},{"damage":18,"enemies":"Large Slime","floor":10,"turns":6},{"damage":3,"enemies":"2 Fungi Beasts","floor":13,"turns":4},{"damage":11,"enemies":"Lagavulin","floor":14,"turns":6},{"damage":0,"enemies":"The Guardian","floor":16,"turns":15},{"damage":0,"enemies":"3 Byrds","floor":18,"turns":7},{"damage":11,"enemies":"Chosen","floor":22,"turns":6},{"damage":51,"enemies":"Gremlin Leader","floor":24,"turns":11},{"damage":10,"enemies":"Sentry and Sphere","floor":27,"turns":4},{"damage":25,"enemies":"Slavers","floor":28,"turns":9},{"damage":8,"enemies":"Centurion and Healer","floor":29,"turns":3},{"damage":34,"enemies":"Book of Stabbing","floor":31,"turns":8},{"damage":60,"enemies":"Automaton","floor":33,"turns":7},{"damage":12,"enemies":"3 Darklings","floor":35,"turns":4},{"damage":6,"enemies":"Orb Walker","floor":38,"turns":2},{"damage":25,"enemies":"Maw","floor":39,"turns":6},{"damage":77,"enemies":"Reptomancer","floor":40,"turns":5},{"damage":6,"enemies":"Giant Head","floor":44,"turns":5},{"damage":61,"enemies":"Sphere and 2 Shapes","floor":45,"turns":9},{"damage":80,"enemies":"Reptomancer","floor":47,"turns":3}],"seed_played":"-7611690453860119918","potions_obtained":[{"floor":0,"key":"Explosive Potion"},{"floor":0,"key":"Weak Potion"},{"floor":1,"key":"SkillPotion"},{"floor":10,"key":"PowerPotion"},{"floor":14,"key":"Dexterity Potion"},{"floor":33,"key":"BloodPotion"},{"floor":39,"key":"GamblersBrew"},{"floor":44,"key":"GamblersBrew"}],"is_trial":false,"path_per_floor":["M","M","?","?","M","R","E","M","T","M","?","R","M","E","R","B",null,"M","$","?","?","M","R","E","?","T","M","E","M","?","E","R","B",null,"M","$","?","M","M","E","R","?","T","E","M","$","E"],"character_chosen":"IRONCLAD","items_purchased":["Reaper","Exhume","Corruption","Potion Belt","Swift Potion"],"campfire_rested":1,"item_purchase_floors":[19,19,36,36,36],"current_hp_per_floor":[72,70,70,70,73,73,20,20,20,8,1,23,26,21,21,27,63,69,69,69,69,64,64,75,54,54,50,75,73,73,45,45,54,70,75,75,75,75,75,75,75,75,75,75,64,64,0],"gold":175,"neow_bonus":"THREE_SMALL_POTIONS","is_prod":false,"is_daily":false,"chose_seed":false,"campfire_upgraded":5,"win_rate":0,"timestamp":1554466447,"path_taken":["M","M","?","?","?","R","E","M","T","M","?","R","M","E","R","BOSS","M","$","?","?","M","R","E","?","T","M","E","M","?","E","R","BOSS","M","$","?","?","M","E","R","?","T","E","M","$","E"],"build_version":"2019-01-23","purchased_purges":2,"victory":false,"max_hp_per_floor":[75,75,75,75,75,75,75,75,75,75,75,75,75,75,75,75,75,75,75,75,75,75,75,75,75,75,75,75,75,75,75,75,75,75,75,75,75,75,75,75,75,75,75,75,75,75,75],"card_choices":[{"not_picked":["Seeing Red","Heavy Blade"],"picked":"Shrug It Off","floor":1},{"not_picked":["Reaper","Twin Strike"],"picked":"Disarm","floor":2},{"not_picked":["Cleave","Havoc"],"picked":"Uppercut","floor":5},{"not_picked":["Searing Blow","Warcry"],"picked":"Bludgeon","floor":7},{"not_picked":["Perfected Strike","Iron Wave","Seeing Red"],"picked":"SKIP","floor":8},{"not_picked":["Iron Wave","Shockwave"],"picked":"Exhume","floor":10},{"not_picked":["Clash","Cleave"],"picked":"Shrug It Off","floor":13},{"not_picked":["Havoc","Headbutt"],"picked":"Shockwave","floor":14},{"not_picked":["Double Tap","Bludgeon"],"picked":"Demon Form","floor":16},{"not_picked":["Warcry","Havoc"],"picked":"Seeing Red","floor":18},{"not_picked":["Dual Wield","Dropkick"],"picked":"Spot Weakness","floor":22},{"not_picked":["Clothesline","Entrench"],"picked":"Dropkick+1","floor":24},{"not_picked":["Heavy Blade","Sword Boomerang"],"picked":"Exhume","floor":27},{"not_picked":["Iron Wave","Metallicize"],"picked":"Burning Pact+1","floor":28},{"not_picked":["Thunderclap","Shrug It Off","Uppercut"],"picked":"SKIP","floor":29},{"not_picked":["Flex","Reckless Charge","Bloodletting"],"picked":"SKIP","floor":31},{"not_picked":["Double Tap","Fiend Fire","Demon Form"],"picked":"Offering","floor":33},{"not_picked":["Flex+1","Perfected Strike+1","Armaments","Intimidate+1"],"picked":"SKIP","floor":35},{"not_picked":["Reckless Charge","Body Slam","Sword Boomerang"],"picked":"Limit Break","floor":38},{"not_picked":["Pommel Strike","True Grit","Anger"],"picked":"Heavy Blade+1","floor":39},{"not_picked":["Flex","Twin Strike","Offering"],"picked":"Exhume","floor":40},{"not_picked":["Wild Strike","Dropkick","Twin Strike+1"],"picked":"Offering","floor":44},{"not_picked":["Wild Strike","Carnage","Anger+1"],"picked":"Spot Weakness","floor":45}],"player_experience":1552330,"relics_obtained":[{"floor":7,"key":"Smiling Mask"},{"floor":14,"key":"FossilizedHelix"},{"floor":24,"key":"Dodecahedron"},{"floor":25,"key":"Necronomicon"},{"floor":26,"key":"Paper Frog"},{"floor":28,"key":"Torii"},{"floor":31,"key":"Question Card"},{"floor":40,"key":"Omamori"},{"floor":43,"key":"PreservedInsect"},{"floor":44,"key":"Centennial Puzzle"}],"event_choices":[{"damage_healed":0,"gold_gain":150,"player_choice":"AGREE","damage_taken":0,"max_hp_gain":0,"max_hp_loss":0,"event_name":"Liars Game","floor":3,"gold_loss":0,"cards_obtained":["Doubt"]},{"damage_healed":0,"gold_gain":0,"player_choice":"Upgraded","damage_taken":0,"max_hp_gain":0,"max_hp_loss":0,"event_name":"Upgrade Shrine","floor":4,"gold_loss":0,"cards_upgraded":["Bash"]},{"cards_removed":["Doubt"],"damage_healed":0,"gold_gain":0,"player_choice":"Card Removal","damage_taken":7,"max_hp_gain":0,"max_hp_loss":0,"event_name":"Golden Wing","floor":11,"gold_loss":0},{"damage_healed":0,"gold_gain":0,"player_choice":"Ignored","damage_taken":0,"max_hp_gain":0,"max_hp_loss":0,"event_name":"The Mausoleum","floor":20,"gold_loss":0},{"damage_healed":0,"gold_gain":0,"player_choice":"Read","damage_taken":0,"max_hp_gain":0,"max_hp_loss":0,"event_name":"The Library","floor":21,"gold_loss":0,"cards_obtained":["Armaments"]},{"damage_healed":0,"gold_gain":0,"player_choice":"Obtained Book","damage_taken":21,"max_hp_gain":0,"max_hp_loss":0,"event_name":"Cursed Tome","floor":25,"gold_loss":0},{"damage_healed":0,"gold_gain":50,"player_choice":"Stole From Cult","damage_taken":0,"max_hp_gain":0,"max_hp_loss":0,"event_name":"Nest","floor":30,"gold_loss":0},{"damage_healed":0,"gold_gain":0,"player_choice":"Gave Potion","damage_taken":0,"relics_obtained":["Lantern"],"max_hp_gain":0,"max_hp_loss":0,"event_name":"WeMeetAgain","floor":37,"gold_loss":0},{"cards_removed":["Exhume"],"damage_healed":0,"gold_gain":0,"player_choice":"Removed Skill","damage_taken":0,"max_hp_gain":0,"max_hp_loss":0,"event_name":"Falling","floor":42,"gold_loss":0}],"is_beta":false,"boss_relics":[{"not_picked":["Empty Cage","White Beast Statue"],"picked":"Velvet Choker"},{"not_picked":["Eternal Feather","Tiny House"],"picked":"Runic Dome"}],"items_purged_floors":[19,36],"is_endless":false,"potions_floor_spawned":[1,10,13,14,18,22,27,33,35,39,44],"killed_by":"Reptomancer","ascension_level":20}