{"gold_per_floor":[112,187,187,20,20,49,62,62,111,141,141,12,37,49,61,145,157,184,196,181,193],"floor_reached":21,"playtime":1422,"items_purged":["Strike_R"],"score":436,"play_id":"5722fd63-687d-455e-be1b-0c3345db4323","local_time":"20190207144623","is_ascension_mode":true,"campfire_choices":[{"data":"Carnage","floor":8,"key":"SMITH"},{"data":"Whirlwind","floor":11,"key":"SMITH"},{"data":"Limit Break","floor":15,"key":"SMITH"}],"neow_cost":"NONE","seed_source_timestamp":15657519379408,"circlet_count":0,"master_deck":["AscendersBane","Strike_R","Strike_R","Defend_R","Defend_R","Defend_R","Defend_R","Bash","Metallicize","Shrug It Off","Carnage+1","Whirlwind+1","Twin Strike","Limit Break+1","Immolate","Heavy Blade"],"relics":["Burning Blood","Vajra","Orichalcum","PreservedInsect","Darkstone Periapt","Anchor","Meat on the Bone","MawBank","Empty Cage"],"potions_floor_usage":[10,16],"damage_taken":[{"damage":14,"enemies":"Jaw Worm","floor":1,"turns":4},{"damage":15,"enemies":"Gremlin Nob","floor":6,"turns":4},{"damage":2,"enemies":"Small Slimes","floor":7,"turns":4},{"damage":1,"enemies":"3 Sentries","floor":10,"turns":6},{"damage":0,"enemies":"Gremlin Nob","floor":13,"turns":3},{"damage":35,"enemies":"Hexaghost","floor":16,"turns":9},{"damage":25,"enemies":"Chosen","floor":18,"turns":5},{"damage":15,"enemies":"2 Thieves","floor":20,"turns":4},{"damage":31,"enemies":"Shelled Parasite and Fungi","floor":21,"turns":5}],"seed_played":"2037151102337514659","potions_obtained":[{"floor":6,"key":"Explosive Potion"},{"floor":7,"key":"SkillPotion"}],"is_trial":false,"path_per_floor":["M","?","?","$","?","E","M","R","T","E","R","$","E","?","R","B",null,"M","?","M","M"],"character_chosen":"IRONCLAD","items_purchased":["PreservedInsect","Twin Strike"],"campfire_rested":0,"item_purchase_floors":[4,12],"current_hp_per_floor":[60,49,31,31,31,22,26,26,26,31,31,31,49,54,54,37,69,50,27,30,0],"gold":193,"neow_bonus":"RANDOM_COMMON_RELIC","is_prod":false,"is_daily":false,"chose_seed":false,"campfire_upgraded":3,"win_rate":0,"timestamp":1549547183,"path_taken":["M","?","?","$","?","E","M","R","T","E","R","$","E","?","R","BOSS","M","?","M","M"],"build_version":"2019-01-23","purchased_purges":1,"victory":false,"max_hp_per_floor":[75,75,75,75,75,75,75,75,75,75,75,75,75,80,80,80,80,80,85,85,85],"card_choices":[{"not_picked":["True Grit","Rage"],"picked":"Metallicize","floor":1},{"not_picked":["Iron Wave","Clash"],"picked":"Shrug It Off","floor":6},{"not_picked":["Perfected Strike","Headbutt"],"picked":"Carnage","floor":7},{"not_picked":["Clothesline","Heavy Blade"],"picked":"Whirlwind","floor":10},{"not_picked":["Feel No Pain","Spot Weakness"],"picked":"Limit Break","floor":13},{"not_picked":["Juggernaut","Double Tap"],"picked":"Immolate","floor":16},{"not_picked":["Pommel Strike","True Grit","Havoc"],"picked":"SKIP","floor":18},{"not_picked":["Second Wind","Clash"],"picked":"Heavy Blade","floor":20}],"player_experience":1229881,"relics_obtained":[{"floor":6,"key":"Darkstone Periapt"},{"floor":9,"key":"Anchor"},{"floor":10,"key":"Meat on the Bone"},{"floor":13,"key":"MawBank"}],"event_choices":[{"damage_healed":0,"gold_gain":75,"player_choice":"Gather Gold","damage_taken":11,"max_hp_gain":0,"max_hp_loss":0,"event_name":"World of Goop","floor":2,"gold_loss":0},{"damage_healed":0,"gold_gain":0,"player_choice":"Success","damage_taken":18,"relics_obtained":["Orichalcum"],"max_hp_gain":0,"max_hp_loss":0,"event_name":"Scrap Ooze","floor":3,"gold_loss":0},{"damage_healed":0,"gold_gain":0,"player_choice":"Ignored","damage_taken":0,"max_hp_gain":0,"max_hp_loss":0,"event_name":"Liars Game","floor":5,"gold_loss":0},{"damage_healed":0,"gold_gain":0,"player_choice":"Donut","damage_taken":0,"max_hp_gain":5,"max_hp_loss":0,"event_name":"Big Fish","floor":14,"gold_loss":0},{"damage_healed":0,"gold_gain":0,"player_choice":"Shed Blood","damage_taken":28,"max_hp_gain":5,"max_hp_loss":0,"event_name":"Forgotten Altar","floor":19,"gold_loss":0}],"is_beta":false,"boss_relics":[{"not_picked":["Busted Crown","Runic Cube"],"picked":"Empty Cage"}],"items_purged_floors":[12],"is_endless":false,"potions_floor_spawned":[6,7],"killed_by":"Shelled Parasite and Fungi","ascension_level":20}