{"gold_per_floor":[112,112,21,96,108,138,138,173,173,173,192,217,217,251,251,323,323,333,333,343,360,391,391,419,334,334,334,334,334],"floor_reached":29,"playtime":1513,"items_purged":[],"score":534,"play_id":"98fa503f-4b8d-4425-93bd-1c679bd7ab30","local_time":"20190714150405","is_ascension_mode":true,"campfire_choices":[{"floor":7.0,"key":"REST"},{"data":"Loop","floor":13.0,"key":"SMITH"},{"data":"Zap","floor":15.0,"key":"SMITH"},{"data":"Coolheaded","floor":23.0,"key":"SMITH"},{"data":"Electrodynamics","floor":27.0,"key":"SMITH"}],"neow_cost":"TEN_PERCENT_HP_LOSS","seed_source_timestamp":0,"circlet_count":0,"master_deck":["AscendersBane","Strike_B","Strike_B","Strike_B","Defend_B","Defend_B","Defend_B","Defend_B","Zap+1","Dualcast","Hyperbeam","Auto Shields","Ball Lightning","Loop+1","Chill","Beam Cell","White Noise+1","Cold Snap","Coolheaded+1","Gash","Electrodynamics+1","Self Repair","Hologram","Coolheaded"],"special_seed":0,"relics":["Cracked Core","Meat on the Bone","Boot","Matryoshka","Dream Catcher","Sozu","Red Mask","Blood Vial","Question Card","Toxic Egg 2","Letter Opener"],"potions_floor_usage":[],"damage_taken":[{"damage":0.0,"enemies":"Cultist","floor":1.0,"turns":3.0},{"damage":0.0,"enemies":"2 Louse","floor":5.0,"turns":2.0},{"damage":40.0,"enemies":"Lagavulin","floor":6.0,"turns":7.0},{"damage":21.0,"enemies":"Gremlin Nob","floor":8.0,"turns":4.0},{"damage":0.0,"enemies":"Small Slimes","floor":11.0,"turns":3.0},{"damage":5.0,"enemies":"3 Sentries","floor":12.0,"turns":3.0},{"damage":34.0,"enemies":"Gremlin Nob","floor":14.0,"turns":5.0},{"damage":27.0,"enemies":"Slime Boss","floor":16.0,"turns":7.0},{"damage":12.0,"enemies":"Spheric Guardian","floor":18.0,"turns":6.0},{"damage":33.0,"enemies":"Shell Parasite","floor":20.0,"turns":4.0},{"damage":16.0,"enemies":"Centurion and Healer","floor":21.0,"turns":3.0},{"damage":8.0,"enemies":"Masked Bandits","floor":22.0,"turns":2.0},{"damage":21.0,"enemies":"Slavers","floor":24.0,"turns":2.0},{"damage":40,"enemies":"Book of Stabbing","floor":29,"turns":4}],"seed_played":"-4094786623052416758","potions_obtained":[{"floor":1.0,"key":"Strength Potion"},{"floor":11.0,"key":"Regen Potion"},{"floor":12.0,"key":"Ancient Potion"},{"floor":14.0,"key":"Regen Potion"}],"is_trial":false,"path_per_floor":["M","?","$","?","M","E","R","E","T","?","M","E","R","E","R","B",null,"M","?","M","M","?","R","E","?","T","R","?","E"],"character_chosen":"DEFECT","items_purchased":["Ball Lightning","Loop"],"campfire_rested":1,"item_purchase_floors":[3,3],"current_hp_per_floor":[64,69,69,58,58,18,38,29,29,29,41,36,36,14,14,44,63,51,51,37,40,44,44,35,35,35,35,35,0],"gold":334,"neow_bonus":"THREE_RARE_CARDS","is_prod":false,"is_daily":false,"chose_seed":false,"campfire_upgraded":4,"win_rate":0,"timestamp":1563109445,"path_taken":["M","?","$","?","M","E","R","E","T","?","?","E","R","E","R","BOSS","M","?","?","M","?","R","E","?","T","R","?","E"],"build_version":"2019-07-05","purchased_purges":0,"victory":false,"max_hp_per_floor":[64,69,69,69,69,69,69,69,69,69,69,69,69,69,69,69,69,69,69,69,69,69,69,69,69,69,69,69,69],"card_choices":[{"not_picked":["Seek","All For One"],"picked":"Hyperbeam","floor":0.0},{"not_picked":["Beam Cell","Leap"],"picked":"Auto Shields","floor":1.0},{"not_picked":["Leap","Barrage"],"picked":"Chill","floor":5.0},{"not_picked":["Thunder Strike","Turbo"],"picked":"Beam Cell","floor":6.0},{"not_picked":["Sweeping Beam","Barrage"],"picked":"White Noise","floor":8.0},{"not_picked":["Force Field","Beam Cell"],"picked":"Cold Snap","floor":11.0},{"not_picked":["Streamline","Stack"],"picked":"Coolheaded","floor":12.0},{"not_picked":["Conserve Battery","Redo"],"picked":"Gash","floor":14.0},{"not_picked":["Meteor Strike","Buffer"],"picked":"Electrodynamics","floor":16.0},{"not_picked":["Tempest","Streamline"],"picked":"Self Repair","floor":18.0},{"not_picked":["Rip and Tear","Conserve Battery","Rebound"],"picked":"SKIP","floor":20.0},{"not_picked":["Skim","Stack"],"picked":"Hologram","floor":21.0},{"not_picked":["Beam Cell","Steam"],"picked":"Coolheaded","floor":24.0}],"player_experience":1802022,"relics_obtained":[{"floor":6.0,"key":"Meat on the Bone"},{"floor":8.0,"key":"Boot"},{"floor":12.0,"key":"Matryoshka"},{"floor":14.0,"key":"Dream Catcher"},{"floor":22.0,"key":"Red Mask"},{"floor":24.0,"key":"Blood Vial"},{"floor":26.0,"key":"Toxic Egg 2"},{"floor":26.0,"key":"Letter Opener"}],"event_choices":[{"damage_healed":0.0,"max_hp_gain":5.0,"max_hp_loss":0.0,"gold_gain":0.0,"event_name":"Big Fish","player_choice":"Donut","floor":2.0,"gold_loss":0.0,"damage_taken":0.0},{"damage_healed":0.0,"max_hp_gain":0.0,"max_hp_loss":0.0,"gold_gain":75.0,"event_name":"World of Goop","player_choice":"Gather Gold","floor":4.0,"gold_loss":0.0,"damage_taken":11.0},{"damage_healed":0.0,"max_hp_gain":0.0,"max_hp_loss":0.0,"gold_gain":0.0,"event_name":"Accursed Blacksmith","player_choice":"Forge","floor":10.0,"gold_loss":0.0,"damage_taken":0.0,"cards_upgraded":["White Noise"]},{"cards_removed":["Strike_B"],"damage_healed":0.0,"max_hp_gain":0.0,"max_hp_loss":0.0,"gold_gain":0.0,"event_name":"Purifier","player_choice":"Purged","floor":19.0,"gold_loss":0.0,"damage_taken":0.0},{"damage_healed":0.0,"max_hp_gain":0.0,"max_hp_loss":0.0,"gold_gain":0.0,"event_name":"Masked Bandits","player_choice":"Fought Bandits","floor":22.0,"gold_loss":0.0,"damage_taken":0.0},{"damage_healed":0.0,"max_hp_gain":0.0,"max_hp_loss":0.0,"gold_gain":0.0,"event_name":"Addict","player_choice":"Obtained Relic","floor":25.0,"gold_loss":85.0,"damage_taken":0.0,"relics_obtained":["Question Card"]},{"damage_healed":0.0,"max_hp_gain":0.0,"max_hp_loss":0.0,"gold_gain":0.0,"event_name":"Lab","player_choice":"Got Potions","floor":28.0,"gold_loss":0.0,"damage_taken":0.0}],"is_beta":false,"boss_relics":[{"not_picked":["Tiny House","Fusion Hammer"],"picked":"Sozu"}],"items_purged_floors":[],"is_endless":false,"potions_floor_spawned":[1,11,12,14,20,21,24],"killed_by":"Book of Stabbing","ascension_level":20}