{"gold_per_floor":[112,129,129,129,144,144,163,194,194,194,210,224,49,75,75,148,148,161,177,177,92,42,75,75,103,103,126,126,51,83,83,83,157,157,167,179,179,192,219,245,245,280,280,296,296,311,345,2,2,2],"floor_reached":50,"playtime":1952,"items_purged":["Writhe"],"score":1267,"play_id":"7415efb6-5ae0-40a9-9ad4-a629823bf185","local_time":"20190505155719","is_ascension_mode":true,"campfire_choices":[{"data":"Bash","floor":6.0,"key":"SMITH"},{"data":"Uppercut","floor":10.0,"key":"SMITH"},{"data":"Shockwave","floor":15.0,"key":"SMITH"},{"floor":24.0,"key":"REST"},{"data":"Demon Form","floor":28.0,"key":"SMITH"},{"floor":32.0,"key":"REST"},{"floor":41.0,"key":"REST"},{"floor":49.0,"key":"RECALL"}],"neow_cost":"NONE","seed_source_timestamp":0,"circlet_count":0,"master_deck":["AscendersBane","Bash+1","Heavy Blade","Anger","Uppercut+1","Sword Boomerang","Shockwave+1","Anger","Feed","Feed","Demon Form+1","Havoc","Sentinel","Rage","Offering+1","Double Tap","Heavy Blade","Pummel","Pummel","Shrug It Off","Armaments+1","Shrug It Off","Offering","Battle Trance+1","Heavy Blade+1","Spot Weakness","Corruption"],"special_seed":0,"relics":["Burning Blood","Vajra","Ornamental Fan","Paper Frog","Question Card","WingedGreaves","Pandora\u0027s Box","Regal Pillow","Ginger","Bird Faced Urn","Mummified Hand","War Paint","Shovel","Self Forming Clay","Cursed Key","Blue Candle","Red Skull","Art of War","Bottled Lightning"],"potions_floor_usage":[50],"damage_taken":[{"damage":18.0,"enemies":"Small Slimes","floor":1.0,"turns":6.0},{"damage":1.0,"enemies":"Cultist","floor":2.0,"turns":3.0},{"damage":4.0,"enemies":"2 Louse","floor":5.0,"turns":2.0},{"damage":9.0,"enemies":"Exordium Wildlife","floor":7.0,"turns":4.0},{"damage":28.0,"enemies":"Gremlin Nob","floor":8.0,"turns":4.0},{"damage":9.0,"enemies":"Looter","floor":11.0,"turns":3.0},{"damage":6.0,"enemies":"2 Fungi Beasts","floor":12.0,"turns":3.0},{"damage":18.0,"enemies":"3 Sentries","floor":14.0,"turns":9.0},{"damage":25.0,"enemies":"Hexaghost","floor":16.0,"turns":9.0},{"damage":14.0,"enemies":"Chosen","floor":18.0,"turns":3.0},{"damage":23.0,"enemies":"Shell Parasite","floor":19.0,"turns":3.0},{"damage":28.0,"enemies":"Slavers","floor":23.0,"turns":5.0},{"damage":37.0,"enemies":"Book of Stabbing","floor":25.0,"turns":3.0},{"damage":15.0,"enemies":"Gremlin Leader","floor":30.0,"turns":4.0},{"damage":29.0,"enemies":"Automaton","floor":33.0,"turns":6.0},{"damage":30.0,"enemies":"3 Shapes","floor":35.0,"turns":5.0},{"damage":12.0,"enemies":"Orb Walker","floor":36.0,"turns":4.0},{"damage":32.0,"enemies":"Spire Growth","floor":38.0,"turns":4.0},{"damage":32.0,"enemies":"Nemesis","floor":40.0,"turns":7.0},{"damage":15.0,"enemies":"Giant Head","floor":42.0,"turns":4.0},{"damage":12.0,"enemies":"Maw","floor":44.0,"turns":4.0},{"damage":31.0,"enemies":"3 Darklings","floor":46.0,"turns":6.0},{"damage":41.0,"enemies":"Reptomancer","floor":47.0,"turns":4.0},{"damage":19,"enemies":"Donu and Deca","floor":50,"turns":1}],"seed_played":"-6878104025915391356","potions_obtained":[{"floor":8.0,"key":"SteroidPotion"},{"floor":12.0,"key":"SmokeBomb"},{"floor":16.0,"key":"AttackPotion"},{"floor":25.0,"key":"Dexterity Potion"},{"floor":35.0,"key":"BloodPotion"},{"floor":47.0,"key":"SteroidPotion"}],"is_trial":false,"path_per_floor":["M","M","?","?","M","R","M","E","T","R","M","M","$","E","R","B",null,"M","M","?","?","$","E","R","E","T","T","R","?","E","T","R","B",null,"M","M","?","M","T","E","R","E","T","M","?","M","E","$","R","B"],"character_chosen":"IRONCLAD","items_purchased":["Feed","Shrug It Off","Bottled Lightning"],"campfire_rested":3,"item_purchase_floors":[13,22,48],"current_hp_per_floor":[56,61,61,61,63,63,60,38,38,38,35,35,35,26,26,10,63,58,41,41,41,41,22,63,32,32,32,32,32,23,23,64,43,76,60,57,57,33,33,12,56,53,53,53,53,33,13,13,13,0],"gold":2,"neow_bonus":"RANDOM_COMMON_RELIC","is_prod":false,"is_daily":false,"chose_seed":false,"campfire_upgraded":4,"win_rate":0,"timestamp":1557064639,"path_taken":["M","M","?","?","?","R","M","E","T","R","M","M","$","E","R","BOSS","M","M","?","?","?","E","R","E","T","?","R","?","E","?","R","BOSS","M","M","?","M","?","E","R","E","T","M","?","M","E","$","R","BOSS"],"build_version":"2019-01-23","purchased_purges":1,"victory":false,"max_hp_per_floor":[75,75,75,75,75,75,75,75,75,75,75,75,75,78,78,81,81,84,84,84,84,84,87,87,87,87,87,87,87,87,87,87,87,87,93,96,96,96,96,99,99,103,103,107,102,105,108,108,108,108],"card_choices":[{"not_picked":["Cleave","Havoc"],"picked":"Heavy Blade","floor":1.0},{"not_picked":["Armaments","Feel No Pain"],"picked":"Twin Strike","floor":2.0},{"not_picked":["Havoc","Perfected Strike"],"picked":"Anger","floor":5.0},{"not_picked":["Havoc","Heavy Blade"],"picked":"Uppercut","floor":7.0},{"not_picked":["Heavy Blade","Clash"],"picked":"Sword Boomerang","floor":8.0},{"not_picked":["Second Wind","Infernal Blade","Heavy Blade"],"picked":"Shockwave","floor":11.0},{"not_picked":["Pommel Strike","Fire Breathing","Havoc"],"picked":"Anger","floor":12.0},{"not_picked":["Havoc","Clash","Thunderclap"],"picked":"Feed","floor":14.0},{"not_picked":["Exhume","Brutality","Bludgeon"],"picked":"Demon Form","floor":16.0},{"not_picked":["Headbutt","Cleave","Sword Boomerang","Uppercut"],"picked":"SKIP","floor":18.0},{"not_picked":["Body Slam","Iron Wave","Pummel","Twin Strike+1"],"picked":"SKIP","floor":19.0},{"not_picked":["Warcry","True Grit","Barricade"],"picked":"Armaments","floor":23.0},{"not_picked":["Hemokinesis","Thunderclap","Perfected Strike","Sword Boomerang"],"picked":"SKIP","floor":25.0},{"not_picked":["Clothesline","Bloodletting","Headbutt"],"picked":"Shrug It Off","floor":30.0},{"not_picked":["Fiend Fire","Exhume","Brutality"],"picked":"Offering","floor":33.0},{"not_picked":["Pommel Strike","Bloodletting","Flex","Clash"],"picked":"SKIP","floor":35.0},{"not_picked":["Flex","Power Through+1","Berserk","Infernal Blade"],"picked":"SKIP","floor":36.0},{"not_picked":["Warcry","Headbutt","Pommel Strike+1","Perfected Strike"],"picked":"SKIP","floor":38.0},{"not_picked":["Body Slam","Armaments+1","Flex+1","Metallicize"],"picked":"SKIP","floor":40.0},{"not_picked":["Power Through+1","Havoc","Entrench"],"picked":"Battle Trance+1","floor":42.0},{"not_picked":["Body Slam","Dropkick+1","Warcry"],"picked":"Heavy Blade+1","floor":44.0},{"not_picked":["Clash","Offering","Clothesline"],"picked":"Spot Weakness","floor":46.0},{"not_picked":["Sever Soul","Pommel Strike","Intimidate"],"picked":"Corruption","floor":47.0}],"player_experience":1653974,"relics_obtained":[{"floor":8.0,"key":"Paper Frog"},{"floor":9.0,"key":"Question Card"},{"floor":14.0,"key":"WingedGreaves"},{"floor":23.0,"key":"Ginger"},{"floor":25.0,"key":"Bird Faced Urn"},{"floor":26.0,"key":"Mummified Hand"},{"floor":27.0,"key":"War Paint"},{"floor":30.0,"key":"Shovel"},{"floor":31.0,"key":"Self Forming Clay"},{"floor":40.0,"key":"Blue Candle"},{"floor":42.0,"key":"Red Skull"},{"floor":47.0,"key":"Art of War"}],"event_choices":[{"damage_healed":0.0,"max_hp_gain":0.0,"max_hp_loss":0.0,"gold_gain":0.0,"event_name":"Liars Game","player_choice":"Ignored","floor":3.0,"gold_loss":0.0,"damage_taken":0.0},{"cards_removed":["Twin Strike"],"damage_healed":0.0,"max_hp_gain":0.0,"max_hp_loss":0.0,"gold_gain":0.0,"event_name":"WeMeetAgain","player_choice":"Gave Card","floor":4.0,"gold_loss":0.0,"damage_taken":0.0,"relics_obtained":["Ornamental Fan"]},{"damage_healed":0.0,"max_hp_gain":0.0,"max_hp_loss":0.0,"gold_gain":0.0,"event_name":"Vampires","player_choice":"Ignored","floor":20.0,"gold_loss":0.0,"damage_taken":0.0},{"damage_healed":0.0,"max_hp_gain":0.0,"max_hp_loss":0.0,"gold_gain":0.0,"event_name":"Addict","player_choice":"Obtained Relic","floor":21.0,"gold_loss":85.0,"damage_taken":0.0,"relics_obtained":["Regal Pillow"]},{"cards_removed":["Sentinel"],"damage_healed":0.0,"max_hp_gain":0.0,"max_hp_loss":0.0,"gold_gain":0.0,"event_name":"Beggar","player_choice":"Gave Gold","floor":29.0,"gold_loss":75.0,"damage_taken":0.0},{"damage_healed":0.0,"max_hp_gain":0.0,"max_hp_loss":0.0,"gold_gain":0.0,"event_name":"Tomb of Lord Red Mask","player_choice":"Ignored","floor":37.0,"gold_loss":0.0,"damage_taken":0.0},{"damage_healed":0.0,"max_hp_gain":0.0,"max_hp_loss":5.0,"gold_gain":0.0,"event_name":"Winding Halls","player_choice":"Max HP","floor":45.0,"gold_loss":0.0,"damage_taken":0.0}],"is_beta":false,"boss_relics":[{"not_picked":["Mark of Pain","Tiny House"],"picked":"Pandora\u0027s Box"},{"not_picked":["White Beast Statue","Lizard Tail"],"picked":"Cursed Key"}],"items_purged_floors":[48],"is_endless":false,"potions_floor_spawned":[8,12,16,19,25,35,44,46,47],"killed_by":"Donu and Deca","ascension_level":20}