{"path_per_floor":["M","?","T","?","$","E","M","?","T","M","R","E","$","T","R"],"character_chosen":"IRONCLAD","items_purchased":["Flex","Shrug It Off","Dramatic Entrance","Perfected Strike"],"gold_per_floor":[119,119,143,143,43,78,96,96,96,119,119,159,15,41,41,41],"floor_reached":16,"campfire_rested":1,"playtime":411,"item_purchase_floors":[5,5,13,13],"current_hp_per_floor":[72,52,52,52,52,24,16,16,16,22,61,48,48,48,48,0],"items_purged":[],"gold":41,"score":143,"play_id":"5b92643a-418a-433e-bf36-a3fadfae5b0b","local_time":"20180527122029","is_prod":false,"is_daily":false,"chose_seed":false,"is_ascension_mode":true,"campfire_upgraded":1,"win_rate":0,"timestamp":1527416429,"campfire_choices":[{"floor":11,"key":"REST"},{"data":"Perfected Strike","floor":15,"key":"SMITH"}],"path_taken":["M","?","?","?","$","E","M","?","T","M","R","E","?","?","R","BOSS"],"build_version":"2018-05-25","seed_source_timestamp":2016704495098,"purchased_purges":0,"victory":false,"master_deck":["Strike_R","Strike_R","Strike_R","Strike_R","Strike_R","Defend_R","Defend_R","Defend_R","Defend_R","Bash","Double Tap+1","Pommel Strike","Flex","Shrug It Off","Uppercut","Rampage","Flame Barrier","Power Through","Dramatic Entrance","Perfected Strike+1"],"max_hp_per_floor":[80,80,80,80,80,80,80,80,80,80,80,80,80,80,80,80],"relics":["Burning Blood","Golden Idol","Omamori","Bag of Preparation","Regal Pillow","Pen Nib","Happy Flower"],"card_choices":[{"not_picked":["Armaments","Sword Boomerang"],"picked":"Pommel Strike","floor":1},{"not_picked":["Twin Strike","Iron Wave"],"picked":"Uppercut","floor":6},{"not_picked":["Body Slam","Intimidate"],"picked":"Rampage","floor":7},{"not_picked":["Anger","Blood for Blood"],"picked":"Flame Barrier","floor":10},{"not_picked":["Feel No Pain","Clothesline"],"picked":"Power Through","floor":12}],"player_experience":220350,"potions_floor_usage":[6,16],"damage_taken":[{"damage":6,"enemies":"Cultist","floor":1,"turns":4},{"damage":34,"enemies":"Gremlin Nob","floor":6,"turns":4},{"damage":14,"enemies":"2 Louse","floor":7,"turns":2},{"damage":0,"enemies":"Small Slimes","floor":10,"turns":2},{"damage":19,"enemies":"Lagavulin","floor":12,"turns":6},{"damage":49,"enemies":"Hexaghost","floor":16,"turns":9}],"relics_obtained":[{"floor":3,"key":"Omamori"},{"floor":6,"key":"Bag of Preparation"},{"floor":9,"key":"Regal Pillow"},{"floor":12,"key":"Pen Nib"},{"floor":14,"key":"Happy Flower"}],"event_choices":[{"event_name":"Golden Idol","player_choice":"Take Damage","floor":2,"damage_taken":0},{"event_name":"Living Wall","player_choice":"Grow","floor":4,"damage_taken":0},{"event_name":"Shining Light","player_choice":"Ignored","floor":8,"damage_taken":0}],"boss_relics":[],"items_purged_floors":[],"potions_floor_spawned":[1,12],"seed_played":"-70806939417199879","killed_by":"Hexaghost","ascension_level":7,"potions_obtained":[{"floor":1,"key":"Energy Potion"},{"floor":12,"key":"FearPotion"}],"is_trial":false}