{"gold_per_floor":[114,189,189,189,55,55,89,106,183,209,237,265,67,81,81,159,159,174,192,192,117,17,17,44,44,44,63,94,94,125,140,140,217,217,236,236,253,266,266,266,266],"floor_reached":41,"playtime":1534,"items_purged":["Strike_B","Strike_B"],"score":1068,"play_id":"b030236e-227b-4236-bb86-341b42a07f21","local_time":"20190430130228","is_ascension_mode":true,"campfire_choices":[{"data":"Sweeping Beam","floor":6.0,"key":"SMITH"},{"data":"Defragment","floor":15.0,"key":"SMITH"},{"data":"Electrodynamics","floor":23.0,"key":"SMITH"},{"data":"Loop","floor":29.0,"key":"SMITH"},{"data":"Ghostly","floor":32.0,"key":"SMITH"},{"floor":40.0,"key":"REST"}],"neow_cost":"NONE","seed_source_timestamp":0,"circlet_count":0,"master_deck":["AscendersBane","Strike_B","Defend_B","Defend_B","Defend_B","Defend_B","Zap+1","Dualcast","Defragment+1","Coolheaded","Genetic Algorithm","Gash","Darkness","Ball Lightning","Electrodynamics+1","Sunder","Compile Driver+1","Ghostly+1","Ghostly","Ghostly","Conserve Battery+1","Loop+1","Steam","Seek","Redo+1","Apotheosis"],"special_seed":0,"relics":["FrozenCore","NeowsBlessing","Anchor","Ornamental Fan","MawBank","Medical Kit","Velvet Choker","Art of War","Regal Pillow","Lantern","Pear"],"potions_floor_usage":[],"damage_taken":[{"damage":0.0,"enemies":"Small Slimes","floor":1.0,"turns":1.0},{"damage":0.0,"enemies":"Lagavulin","floor":7.0,"turns":1.0},{"damage":0.0,"enemies":"2 Louse","floor":8.0,"turns":1.0},{"damage":30.0,"enemies":"3 Sentries","floor":10.0,"turns":5.0},{"damage":0.0,"enemies":"Cultist","floor":11.0,"turns":3.0},{"damage":9.0,"enemies":"Exordium Wildlife","floor":12.0,"turns":4.0},{"damage":1.0,"enemies":"Looter","floor":14.0,"turns":3.0},{"damage":15.0,"enemies":"Hexaghost","floor":16.0,"turns":9.0},{"damage":8.0,"enemies":"Shell Parasite","floor":18.0,"turns":4.0},{"damage":0.0,"enemies":"Chosen","floor":19.0,"turns":3.0},{"damage":8.0,"enemies":"Slavers","floor":24.0,"turns":3.0},{"damage":1.0,"enemies":"Snake Plant","floor":27.0,"turns":4.0},{"damage":0.0,"enemies":"Gremlin Leader","floor":28.0,"turns":6.0},{"damage":12.0,"enemies":"Book of Stabbing","floor":30.0,"turns":5.0},{"damage":0.0,"enemies":"Sentry and Sphere","floor":31.0,"turns":4.0},{"damage":27.0,"enemies":"Automaton","floor":33.0,"turns":10.0},{"damage":0.0,"enemies":"3 Shapes","floor":35.0,"turns":2.0},{"damage":0.0,"enemies":"3 Darklings","floor":37.0,"turns":4.0},{"damage":16.0,"enemies":"Maw","floor":38.0,"turns":9.0},{"damage":0,"enemies":"Giant Head","floor":41,"turns":2}],"seed_played":"7545146088386597480","potions_obtained":[{"floor":1.0,"key":"AttackPotion"},{"floor":8.0,"key":"Ancient Potion"},{"floor":16.0,"key":"Strength Potion"},{"floor":28.0,"key":"Regen Potion"},{"floor":30.0,"key":"SkillPotion"},{"floor":35.0,"key":"SkillPotion"},{"floor":37.0,"key":"PowerPotion"}],"is_trial":false,"path_per_floor":["M","?","?","?","$","R","E","M","T","E","M","M","$","M","R","B",null,"M","M","?","?","$","R","E","$","T","M","E","R","E","M","R","B",null,"M","?","M","M","?","R","E"],"character_chosen":"DEFECT","items_purchased":["Sweeping Beam","Medical Kit"],"campfire_rested":1,"item_purchase_floors":[5,13],"current_hp_per_floor":[64,53,53,71,71,71,71,71,71,41,41,32,32,31,31,16,57,49,49,35,35,35,35,27,27,27,26,26,26,24,24,24,12,37,37,27,27,11,11,39,39],"gold":266,"neow_bonus":"THREE_ENEMY_KILL","is_prod":false,"is_daily":false,"chose_seed":false,"campfire_upgraded":5,"win_rate":0,"timestamp":1556622148,"path_taken":["M","?","?","?","$","R","E","?","T","E","M","M","$","M","R","BOSS","M","M","?","?","$","R","E","$","T","M","E","R","E","M","R","BOSS","M","?","M","M","?","R","E"],"build_version":"2019-01-23","purchased_purges":2,"victory":false,"max_hp_per_floor":[71,71,71,71,71,71,71,71,71,71,71,71,71,71,71,71,71,71,71,35,35,35,35,35,35,35,35,35,35,45,45,45,45,45,45,45,45,45,45,45,45],"card_choices":[{"not_picked":["Aggregate","Hologram","Reprogram"],"picked":"SKIP","floor":1.0},{"not_picked":["Fusion","Storm"],"picked":"Defragment","floor":7.0},{"not_picked":["Steam","Rebound"],"picked":"Coolheaded","floor":8.0},{"not_picked":["Sunder","Hologram"],"picked":"Genetic Algorithm","floor":10.0},{"not_picked":["Force Field","Storm"],"picked":"Gash","floor":11.0},{"not_picked":["Rip and Tear","Double Energy"],"picked":"Darkness","floor":12.0},{"not_picked":["Go for the Eyes","Loop"],"picked":"Ball Lightning","floor":14.0},{"not_picked":["Creative AI","Thunder Strike"],"picked":"Electrodynamics","floor":16.0},{"not_picked":["Beam Cell","Turbo"],"picked":"Sunder","floor":18.0},{"not_picked":["BootSequence","Skim"],"picked":"Compile Driver+1","floor":19.0},{"not_picked":["Blizzard","Sweeping Beam+1"],"picked":"Conserve Battery+1","floor":24.0},{"not_picked":["Fusion+1","Beam Cell","Compile Driver"],"picked":"SKIP","floor":27.0},{"not_picked":["Electrodynamics","Barrage"],"picked":"Loop","floor":28.0},{"not_picked":["Beam Cell+1","Stack","Rip and Tear"],"picked":"SKIP","floor":30.0},{"not_picked":["Streamline","Rip and Tear+1"],"picked":"Steam","floor":31.0},{"not_picked":["All For One","Buffer"],"picked":"Seek","floor":33.0},{"not_picked":["Gash","Sweeping Beam"],"picked":"Redo+1","floor":35.0},{"not_picked":["Dramatic Entrance","Panache"],"picked":"Apotheosis","floor":36.0},{"not_picked":["White Noise","Double Energy","Streamline+1"],"picked":"SKIP","floor":37.0},{"not_picked":["Streamline+1","Compile Driver","Redo"],"picked":"SKIP","floor":38.0}],"player_experience":1641836,"relics_obtained":[{"floor":7.0,"key":"Anchor"},{"floor":9.0,"key":"Ornamental Fan"},{"floor":10.0,"key":"MawBank"},{"floor":24.0,"key":"Art of War"},{"floor":26.0,"key":"Regal Pillow"},{"floor":28.0,"key":"Lantern"},{"floor":30.0,"key":"Pear"}],"event_choices":[{"damage_healed":0.0,"max_hp_gain":0.0,"max_hp_loss":0.0,"gold_gain":75.0,"event_name":"World of Goop","player_choice":"Gather Gold","floor":2.0,"gold_loss":0.0,"damage_taken":11.0},{"damage_healed":0.0,"max_hp_gain":0.0,"max_hp_loss":0.0,"gold_gain":0.0,"event_name":"Living Wall","player_choice":"Grow","floor":3.0,"gold_loss":0.0,"damage_taken":0.0,"cards_upgraded":["Zap"]},{"damage_healed":18.0,"max_hp_gain":0.0,"max_hp_loss":0.0,"gold_gain":0.0,"event_name":"Wheel of Change","player_choice":"Full Heal","floor":4.0,"gold_loss":0.0,"damage_taken":0.0},{"damage_healed":0.0,"max_hp_gain":0.0,"max_hp_loss":36.0,"gold_gain":0.0,"event_name":"Ghosts","player_choice":"Became a Ghost","floor":20.0,"gold_loss":0.0,"damage_taken":0.0,"cards_obtained":["Ghostly","Ghostly","Ghostly"]},{"cards_removed":["Strike_B"],"damage_healed":0.0,"max_hp_gain":0.0,"max_hp_loss":0.0,"gold_gain":0.0,"event_name":"Beggar","player_choice":"Gave Gold","floor":21.0,"gold_loss":75.0,"damage_taken":0.0},{"damage_healed":0.0,"max_hp_gain":0.0,"max_hp_loss":0.0,"gold_gain":0.0,"event_name":"SensoryStone","player_choice":"Memory 3","floor":36.0,"gold_loss":0.0,"damage_taken":10.0},{"cards_removed":["Sweeping Beam"],"damage_healed":0.0,"max_hp_gain":0.0,"max_hp_loss":0.0,"gold_gain":0.0,"event_name":"Falling","player_choice":"Removed Attack","floor":39.0,"gold_loss":0.0,"damage_taken":0.0}],"is_beta":false,"boss_relics":[{"not_picked":["Empty Cage","Calling Bell"],"picked":"Velvet Choker"},{"not_picked":["Fusion Hammer","Busted Crown"],"picked":"FrozenCore"}],"items_purged_floors":[5,22],"is_endless":false,"potions_floor_spawned":[1,8,11,16,18,28,30,35,37],"killed_by":"Giant Head","ascension_level":20}