{"gold_per_floor":[118,118,118,143,293,334,334,28,28,69,82,82,101,120,120,213,213,233,158,158,158,77,77,90,90,115,139,170,191,229,245,245,245],"floor_reached":33,"playtime":1216,"items_purged":["Doubt"],"score":624,"play_id":"513ad37c-15f6-41b6-85d9-0fa2b23c2d71","local_time":"20181212153101","is_ascension_mode":true,"campfire_choices":[{"data":"Fiend Fire","floor":7.0,"key":"SMITH"},{"data":"Armaments","floor":12.0,"key":"SMITH"},{"data":"Shockwave","floor":15.0,"key":"SMITH"},{"data":"Immolate","floor":23.0,"key":"SMITH"},{"data":"Battle Trance","floor":25.0,"key":"SMITH"},{"floor":32,"key":"REST"}],"neow_cost":"NONE","seed_source_timestamp":0,"circlet_count":0,"master_deck":["AscendersBane","Strike_R","Strike_R","Strike_R","Strike_R","Defend_R","Defend_R","Defend_R","Defend_R","Bash","Heavy Blade","Fiend Fire+1","Shockwave+1","Immolate+1","Armaments+1","Warcry","Exhume","Havoc+1","Battle Trance+1","Spot Weakness","Corruption","Sword Boomerang","Heavy Blade+1","Headbutt"],"special_seed":0,"relics":["Burning Blood","NeowsBlessing","Golden Idol","Bag of Preparation","Bag of Marbles","Toolbox","Pear","Ancient Tea Set","Velvet Choker","Enchiridion","Potion Belt","Gambling Chip","Juzu Bracelet"],"potions_floor_usage":[],"damage_taken":[{"damage":0.0,"enemies":"Small Slimes","floor":1.0,"turns":1.0},{"damage":0.0,"enemies":"Jaw Worm","floor":4.0,"turns":1.0},{"damage":0.0,"enemies":"Lagavulin","floor":6.0,"turns":1.0},{"damage":8.0,"enemies":"Gremlin Nob","floor":10.0,"turns":3.0},{"damage":0.0,"enemies":"2 Louse","floor":11.0,"turns":2.0},{"damage":0.0,"enemies":"Looter","floor":13.0,"turns":1.0},{"damage":0.0,"enemies":"2 Fungi Beasts","floor":14.0,"turns":1.0},{"damage":52.0,"enemies":"The Guardian","floor":16.0,"turns":9.0},{"damage":9.0,"enemies":"2 Thieves","floor":18.0,"turns":3.0},{"damage":0.0,"enemies":"Spheric Guardian","floor":24.0,"turns":1.0},{"damage":0.0,"enemies":"Shelled Parasite and Fungi","floor":27.0,"turns":1.0},{"damage":37.0,"enemies":"Book of Stabbing","floor":28.0,"turns":3.0},{"damage":0.0,"enemies":"Cultist and Chosen","floor":29.0,"turns":2.0},{"damage":14.0,"enemies":"Gremlin Leader","floor":30.0,"turns":3.0},{"damage":13,"enemies":"Chosen and Byrds","floor":31,"turns":5},{"damage":68,"enemies":"Collector","floor":33,"turns":5}],"seed_played":"5084993344418431862","potions_obtained":[{"floor":10.0,"key":"Energy Potion"},{"floor":11.0,"key":"Swift Potion"},{"floor":16.0,"key":"Block Potion"},{"floor":28.0,"key":"Weak Potion"}],"is_trial":false,"path_per_floor":["M","?","?","M","?","E","R","$","T","E","M","R","M","M","R","B",null,"M","?","?","?","$","R","M","R","T","M","E","M","E","M","R","B"],"character_chosen":"IRONCLAD","items_purchased":["Toolbox","Battle Trance"],"campfire_rested":1,"item_purchase_floors":[8,22],"current_hp_per_floor":[74,48,43,49,49,55,55,55,65,63,69,69,75,81,81,35,73,70,70,49,49,49,49,55,55,55,61,30,36,28,21,46,0],"gold":245,"neow_bonus":"THREE_ENEMY_KILL","is_prod":false,"is_daily":false,"chose_seed":false,"campfire_upgraded":5,"win_rate":0,"timestamp":1544625061,"path_taken":["M","?","?","M","?","E","R","$","T","E","M","R","M","M","R","BOSS","M","?","?","?","?","R","M","R","T","?","E","M","E","M","R","BOSS"],"build_version":"2018-12-11","purchased_purges":1,"victory":false,"max_hp_per_floor":[75,75,75,75,75,75,75,75,85,85,85,85,85,85,85,85,85,85,85,85,85,85,85,85,85,85,85,85,85,85,85,85,85],"card_choices":[{"not_picked":["Warcry","Headbutt"],"picked":"Heavy Blade","floor":1.0},{"not_picked":["Heavy Blade","Rage"],"picked":"Fiend Fire","floor":4.0},{"not_picked":["Twin Strike","Warcry"],"picked":"Shockwave","floor":6.0},{"not_picked":["Body Slam","Shrug It Off"],"picked":"Immolate","floor":10.0},{"not_picked":["Clash","Dual Wield"],"picked":"Armaments","floor":11.0},{"not_picked":["Carnage","Fire Breathing"],"picked":"Warcry","floor":13.0},{"not_picked":["Dual Wield","Armaments","Thunderclap"],"picked":"SKIP","floor":14.0},{"not_picked":["Berserk","Fiend Fire"],"picked":"Exhume","floor":16.0},{"not_picked":["Clothesline","Reckless Charge"],"picked":"Havoc+1","floor":18.0},{"not_picked":["Pommel Strike","Searing Blow+1","Anger"],"picked":"SKIP","floor":24.0},{"not_picked":["Flame Barrier","Wild Strike"],"picked":"Spot Weakness","floor":27.0},{"not_picked":["Whirlwind","Demon Form"],"picked":"Corruption","floor":28.0},{"not_picked":["Havoc+1","Reckless Charge"],"picked":"Sword Boomerang","floor":29.0},{"not_picked":["Clash","Perfected Strike"],"picked":"Heavy Blade+1","floor":30.0},{"not_picked":["Thunderclap","Brutality"],"picked":"Headbutt","floor":31}],"player_experience":1010087,"relics_obtained":[{"floor":6.0,"key":"Bag of Marbles"},{"floor":9.0,"key":"Pear"},{"floor":10.0,"key":"Ancient Tea Set"},{"floor":20.0,"key":"Enchiridion"},{"floor":26.0,"key":"Potion Belt"},{"floor":28.0,"key":"Gambling Chip"},{"floor":30.0,"key":"Juzu Bracelet"}],"event_choices":[{"damage_healed":0.0,"max_hp_gain":0.0,"max_hp_loss":0.0,"gold_gain":0.0,"event_name":"Golden Idol","player_choice":"Take Damage","floor":2.0,"gold_loss":0.0,"damage_taken":26.0,"relics_obtained":["Golden Idol"]},{"damage_healed":0.0,"max_hp_gain":0.0,"max_hp_loss":0.0,"gold_gain":0.0,"event_name":"Scrap Ooze","player_choice":"Success","floor":3.0,"gold_loss":0.0,"damage_taken":5.0,"relics_obtained":["Bag of Preparation"]},{"damage_healed":0.0,"max_hp_gain":0.0,"max_hp_loss":0.0,"gold_gain":150.0,"event_name":"Liars Game","player_choice":"AGREE","floor":5.0,"gold_loss":0.0,"damage_taken":0.0,"cards_obtained":["Doubt"]},{"cards_removed":["Strike_R"],"damage_healed":0.0,"max_hp_gain":0.0,"max_hp_loss":0.0,"gold_gain":0.0,"event_name":"Beggar","player_choice":"Gave Gold","floor":19.0,"gold_loss":75.0,"damage_taken":0.0},{"damage_healed":0.0,"max_hp_gain":0.0,"max_hp_loss":0.0,"gold_gain":0.0,"event_name":"Cursed Tome","player_choice":"Obtained Book","floor":20.0,"gold_loss":0.0,"damage_taken":21.0},{"damage_healed":0.0,"max_hp_gain":0.0,"max_hp_loss":0.0,"gold_gain":0.0,"event_name":"Ghosts","player_choice":"Ignored","floor":21.0,"gold_loss":0.0,"damage_taken":0.0}],"is_beta":true,"boss_relics":[{"not_picked":["White Beast Statue","Orrery"],"picked":"Velvet Choker"}],"items_purged_floors":[8],"is_endless":false,"potions_floor_spawned":[10,11,13,16,24,28],"killed_by":"Collector","ascension_level":19}