{"gold_per_floor":[119,135,155,167,179,205,222,222,222,248,248,265,293,81,81,184,184,204,119,119,119,134,134,152,164,188,188,188],"floor_reached":28,"playtime":4983,"items_purged":["Strike_G"],"score":266,"play_id":"f7ecdeef-8439-4ef0-a2d9-04f95edc20f3","local_time":"20190925221858","is_ascension_mode":true,"campfire_choices":[{"data":"Neutralize","floor":8.0,"key":"SMITH"},{"data":"Skewer","floor":11,"key":"SMITH"},{"floor":15,"key":"REST"},{"data":"Storm of Steel","floor":23,"key":"SMITH"}],"neow_cost":"TEN_PERCENT_HP_LOSS","seed_source_timestamp":0,"circlet_count":0,"master_deck":["Strike_G+1","Strike_G+1","Strike_G+1","Strike_G+1","Defend_G+1","Defend_G+1","Defend_G+1","Defend_G+1","Defend_G+1","Survivor","Neutralize+1","Poisoned Stab","Masterful Stab","Poisoned Stab","Dagger Spray","Well Laid Plans","Skewer+1","Backflip","Flying Knee","Underhanded Strike","Tools of the Trade","Bouncing Flask","Storm of Steel+1","Well Laid Plans","Acrobatics","Terror","Well Laid Plans"],"special_seed":0,"relics":["Ring of the Serpent","StoneCalendar","Bag of Preparation","Art of War","Happy Flower","Dream Catcher","Molten Egg 2","Nilry\u0027s Codex","Anchor"],"potions_floor_usage":[16,18,25,28,28],"damage_taken":[{"damage":2.0,"enemies":"Small Slimes","floor":1.0,"turns":5.0},{"damage":0.0,"enemies":"2 Louse","floor":2.0,"turns":3.0},{"damage":0.0,"enemies":"Cultist","floor":3.0,"turns":4.0},{"damage":0.0,"enemies":"Blue Slaver","floor":4.0,"turns":4.0},{"damage":0.0,"enemies":"2 Fungi Beasts","floor":5.0,"turns":3.0},{"damage":14.0,"enemies":"Gremlin Nob","floor":6.0,"turns":4.0},{"damage":8.0,"enemies":"Exordium Wildlife","floor":7.0,"turns":4.0},{"damage":18,"enemies":"Lagavulin","floor":10,"turns":6},{"damage":6,"enemies":"Lots of Slimes","floor":12,"turns":4},{"damage":9,"enemies":"3 Sentries","floor":13,"turns":6},{"damage":15,"enemies":"Slime Boss","floor":16,"turns":8},{"damage":15,"enemies":"3 Byrds","floor":18,"turns":4},{"damage":0,"enemies":"Spheric Guardian","floor":22,"turns":3},{"damage":0,"enemies":"Snecko","floor":24,"turns":4},{"damage":7,"enemies":"Shelled Parasite and Fungi","floor":25,"turns":7},{"damage":27,"enemies":"Slavers","floor":28,"turns":4}],"seed_played":"-8925646124817411409","potions_obtained":[{"floor":3.0,"key":"LiquidBronze"},{"floor":4.0,"key":"PowerPotion"},{"floor":6.0,"key":"SteroidPotion"},{"floor":10,"key":"Weak Potion"},{"floor":18,"key":"GamblersBrew"},{"floor":24,"key":"PowerPotion"}],"is_trial":false,"path_per_floor":["M","M","M","M","M","E","M","R","T","E","R","M","E","$","R","B",null,"M","?","?","?","M","R","M","M","T","?","E"],"character_chosen":"THE_SILENT","items_purchased":["Tools of the Trade"],"campfire_rested":1,"item_purchase_floors":[14],"current_hp_per_floor":[61,61,61,61,61,47,39,39,39,21,21,15,6,6,24,9,63,48,48,32,32,32,32,32,25,25,25,0],"gold":188,"neow_bonus":"ONE_RARE_RELIC","is_prod":false,"is_daily":false,"chose_seed":false,"campfire_upgraded":3,"win_rate":0,"timestamp":1569460738,"path_taken":["M","M","M","M","M","E","M","R","T","E","R","M","E","$","R","BOSS","M","?","?","?","M","R","M","M","T","?","E"],"build_version":"2019-07-17","purchased_purges":1,"victory":false,"max_hp_per_floor":[63,63,63,63,63,63,63,63,63,63,63,63,63,63,63,63,63,63,63,63,63,63,63,63,63,63,63,63],"card_choices":[{"not_picked":["Prepared","Choke","Caltrops"],"picked":"SKIP","floor":1.0},{"not_picked":["Underhanded Strike","Deadly Poison"],"picked":"Poisoned Stab","floor":2.0},{"not_picked":["Deadly Poison","Underhanded Strike"],"picked":"Masterful Stab","floor":3.0},{"not_picked":["Finisher","Outmaneuver"],"picked":"Poisoned Stab","floor":4.0},{"not_picked":["Skewer","Calculated Gamble"],"picked":"Dagger Spray","floor":5.0},{"not_picked":["Deflect","Acrobatics"],"picked":"Well Laid Plans","floor":6.0},{"not_picked":["Blur","Acrobatics"],"picked":"Skewer","floor":7.0},{"not_picked":["Blur","Predator"],"picked":"Backflip","floor":10},{"not_picked":["Infinite Blades","Deflect"],"picked":"Flying Knee","floor":12},{"not_picked":["Heel Hook","Calculated Gamble"],"picked":"Underhanded Strike","floor":13},{"not_picked":["Choke","Slice"],"picked":"Bouncing Flask","floor":15},{"not_picked":["Night Terror","Malaise"],"picked":"Storm of Steel","floor":16},{"not_picked":["Skewer","Acrobatics","Sucker Punch"],"picked":"SKIP","floor":18},{"not_picked":["Blur","Reflex"],"picked":"Well Laid Plans","floor":22},{"not_picked":["Deadly Poison","Noxious Fumes"],"picked":"Acrobatics","floor":24},{"not_picked":["Dodge and Roll","Quick Slash+1"],"picked":"Terror","floor":25}],"player_experience":103428,"relics_obtained":[{"floor":6.0,"key":"Bag of Preparation"},{"floor":9.0,"key":"Art of War"},{"floor":10,"key":"Happy Flower"},{"floor":13,"key":"Dream Catcher"},{"floor":20,"key":"Nilry\u0027s Codex"},{"floor":26,"key":"Anchor"}],"event_choices":[{"damage_healed":0,"gold_gain":0,"player_choice":"Obtained Relic","damage_taken":0,"relics_obtained":["Molten Egg 2"],"max_hp_gain":0,"max_hp_loss":0,"event_name":"Addict","floor":19,"gold_loss":85},{"damage_healed":0,"gold_gain":0,"player_choice":"Obtained Book","damage_taken":16,"max_hp_gain":0,"max_hp_loss":0,"event_name":"Cursed Tome","floor":20,"gold_loss":0},{"damage_healed":0,"gold_gain":0,"player_choice":"Simplicity","damage_taken":0,"max_hp_gain":0,"max_hp_loss":0,"event_name":"Back to Basics","floor":21,"gold_loss":0,"cards_upgraded":["Strike_G","Strike_G","Strike_G","Strike_G","Defend_G","Defend_G","Defend_G","Defend_G","Defend_G"]},{"damage_healed":0,"gold_gain":0,"player_choice":"Copied","damage_taken":0,"max_hp_gain":0,"max_hp_loss":0,"event_name":"Duplicator","floor":27,"gold_loss":0,"cards_obtained":["Well Laid Plans"]}],"is_beta":false,"boss_relics":[{"not_picked":["Velvet Choker","Ectoplasm"],"picked":"Ring of the Serpent"}],"items_purged_floors":[14],"is_endless":false,"potions_floor_spawned":[3,4,6,10,18,24],"killed_by":"Slavers","ascension_level":2}