{"gold_per_floor":[116,116,66,78,95,95,126,126,126,159,159,188,198,163,163,163],"floor_reached":16,"playtime":586,"items_purged":[],"score":236,"play_id":"8e40a9e9-db7a-40b7-a107-d80ac4d09376","local_time":"20190404195545","is_ascension_mode":true,"campfire_choices":[{"data":"Neutralize","floor":6,"key":"SMITH"},{"data":"Poisoned Stab","floor":8,"key":"SMITH"},{"data":"Noxious Fumes","floor":11,"key":"SMITH"},{"floor":15,"key":"REST"}],"neow_cost":"NONE","seed_source_timestamp":37451537177448,"circlet_count":0,"master_deck":["AscendersBane","Defend_G","Defend_G","Defend_G","Defend_G","Defend_G","Strike_G","Strike_G","Strike_G","Strike_G","Strike_G","Survivor","Neutralize+1","Flying Knee","Poisoned Stab+1","Dagger Throw","Poisoned Stab","Cloak And Dagger","Noxious Fumes+1","Catalyst","Backflip"],"relics":["Ring of the Snake","Ancient Tea Set","Darkstone Periapt","Regal Pillow","Oddly Smooth Stone","Art of War"],"potions_floor_usage":[7,10,16,16],"damage_taken":[{"damage":0,"enemies":"Small Slimes","floor":1,"turns":6},{"damage":0,"enemies":"Cultist","floor":4,"turns":3},{"damage":0,"enemies":"2 Louse","floor":5,"turns":2},{"damage":19,"enemies":"Lagavulin","floor":7,"turns":7},{"damage":20,"enemies":"3 Sentries","floor":10,"turns":9},{"damage":22,"enemies":"Lagavulin","floor":12,"turns":7},{"damage":0,"enemies":"Large Slime","floor":13,"turns":6},{"damage":68,"enemies":"Slime Boss","floor":16,"turns":8}],"seed_played":"3757341290409560462","potions_obtained":[{"floor":2,"key":"Regen Potion"},{"floor":2,"key":"Fire Potion"},{"floor":10,"key":"Explosive Potion"},{"floor":13,"key":"GamblersBrew"}],"is_trial":false,"path_per_floor":["M","?","$","M","M","R","E","R","T","E","R","E","M","?","R","B"],"character_chosen":"THE_SILENT","items_purchased":["Poisoned Stab"],"campfire_rested":1,"item_purchase_floors":[3],"current_hp_per_floor":[59,59,59,59,59,59,40,40,40,35,35,13,13,29,63,0],"gold":163,"neow_bonus":"RANDOM_COMMON_RELIC","is_prod":false,"is_daily":false,"chose_seed":false,"campfire_upgraded":3,"win_rate":0,"timestamp":1554400545,"path_taken":["M","?","$","?","M","R","E","R","T","E","R","E","M","?","R","BOSS"],"build_version":"2019-01-23","purchased_purges":0,"victory":false,"max_hp_per_floor":[66,66,66,66,66,66,66,66,66,66,66,66,66,66,66,66],"card_choices":[{"not_picked":["Bane","Accuracy"],"picked":"Flying Knee","floor":1},{"not_picked":["Reflex","Outmaneuver"],"picked":"Dagger Throw","floor":4},{"not_picked":["Infinite Blades","Sucker Punch"],"picked":"Poisoned Stab","floor":5},{"not_picked":["Expertise","Endless Agony"],"picked":"Cloak And Dagger","floor":7},{"not_picked":["Quick Slash","Catalyst"],"picked":"Noxious Fumes","floor":10},{"not_picked":["Tactician","Dodge and Roll"],"picked":"Catalyst","floor":12},{"not_picked":["Deflect","Underhanded Strike"],"picked":"Backflip","floor":13}],"player_experience":1549258,"relics_obtained":[{"floor":7,"key":"Darkstone Periapt"},{"floor":9,"key":"Regal Pillow"},{"floor":10,"key":"Oddly Smooth Stone"},{"floor":12,"key":"Art of War"}],"event_choices":[{"damage_healed":0,"gold_gain":0,"player_choice":"Got Potions","damage_taken":0,"max_hp_gain":0,"max_hp_loss":0,"event_name":"Lab","floor":2,"gold_loss":0},{"damage_healed":16,"gold_gain":0,"player_choice":"Healed","damage_taken":0,"max_hp_gain":0,"max_hp_loss":0,"event_name":"The Cleric","floor":14,"gold_loss":35}],"is_beta":false,"boss_relics":[],"items_purged_floors":[],"is_endless":false,"potions_floor_spawned":[4,5,10,13],"killed_by":"Slime Boss","ascension_level":20}