{"gold_per_floor":[110,23,23,298,316,316,341,341,341,376,388,405,37,64,64,137,137,156,156,185,185,185,185,218,218,218,218,236,136,150,179,179,251,251,264,264],"floor_reached":36,"playtime":1625,"items_purged":["Regret","Bite"],"score":937,"play_id":"2b8dbd2e-cfdb-4310-a6f2-040fb3f67788","local_time":"20190808000645","is_ascension_mode":true,"campfire_choices":[{"data":"Defragment","floor":6.0,"key":"SMITH"},{"data":"Ball Lightning","floor":8.0,"key":"SMITH"},{"floor":15.0,"key":"REST"},{"data":"Apotheosis","floor":23.0,"key":"SMITH"},{"data":"Ghostly","floor":25.0,"key":"SMITH"},{"data":"Defragment","floor":27.0,"key":"SMITH"},{"data":"Defragment","floor":32.0,"key":"SMITH"}],"neow_cost":"NONE","seed_source_timestamp":0,"circlet_count":0,"master_deck":["AscendersBane","Defend_B","Defend_B","Defend_B","Defend_B","Zap+1","Dualcast","Ball Lightning+1","Defragment+1","Rebound","Cold Snap","Rainbow","Coolheaded","Apotheosis+1","Static Discharge","Cold Snap","Core Surge","Capacitor","Bite","Bite","Bite","Bite","Chill","Ghostly+1","Ghostly","Ghostly","Defragment+1","Fission","Turbo","Defragment+1","Creative AI","Coolheaded+1"],"special_seed":0,"relics":["Cracked Core","Gambling Chip","Sundial","Happy Flower","Odd Mushroom","Runic Pyramid","Red Mask","Blue Candle","Molten Egg 2","Orichalcum","Philosopher\u0027s Stone"],"potions_floor_usage":[],"damage_taken":[{"damage":1.0,"enemies":"Cultist","floor":1.0,"turns":3.0},{"damage":8.0,"enemies":"Small Slimes","floor":5.0,"turns":3.0},{"damage":27.0,"enemies":"3 Sentries","floor":7.0,"turns":6.0},{"damage":18.0,"enemies":"Gremlin Nob","floor":10.0,"turns":4.0},{"damage":2.0,"enemies":"Jaw Worm","floor":11.0,"turns":3.0},{"damage":3.0,"enemies":"3 Louse","floor":12.0,"turns":2.0},{"damage":6.0,"enemies":"The Mushroom Lair","floor":14.0,"turns":3.0},{"damage":9.0,"enemies":"The Guardian","floor":16.0,"turns":9.0},{"damage":0.0,"enemies":"Chosen","floor":18.0,"turns":5.0},{"damage":36.0,"enemies":"Masked Bandits","floor":20.0,"turns":5.0},{"damage":15.0,"enemies":"Gremlin Leader","floor":24.0,"turns":9.0},{"damage":17.0,"enemies":"2 Thieves","floor":28.0,"turns":5.0},{"damage":0.0,"enemies":"Chosen and Byrds","floor":30.0,"turns":6.0},{"damage":10.0,"enemies":"Slavers","floor":31.0,"turns":5.0},{"damage":0.0,"enemies":"Automaton","floor":33.0,"turns":11.0},{"damage":10.0,"enemies":"3 Shapes","floor":35.0,"turns":8.0},{"damage":44,"enemies":"2 Orb Walkers","floor":36,"turns":3}],"seed_played":"-4697437748293693084","potions_obtained":[{"floor":1.0,"key":"Block Potion"},{"floor":12.0,"key":"Poison Potion"},{"floor":14.0,"key":"FocusPotion"},{"floor":16.0,"key":"SkillPotion"},{"floor":28.0,"key":"Swift Potion"},{"floor":33.0,"key":"EssenceOfSteel"}],"is_trial":false,"path_per_floor":["M","$","?","?","M","R","E","R","T","E","M","M","$","?","R","B",null,"M","?","?","?","?","R","E","R","T","R","M","$","M","E","R","B",null,"M","?"],"character_chosen":"DEFECT","items_purchased":["Defragment","Apotheosis","Static Discharge"],"campfire_rested":1,"item_purchase_floors":[2,13,13],"current_hp_per_floor":[63,63,68,68,60,60,33,33,33,15,13,10,10,4,26,17,61,61,53,35,26,26,26,26,26,26,26,14,14,26,26,26,26,26,25,0],"gold":264,"neow_bonus":"UPGRADE_CARD","is_prod":false,"is_daily":false,"chose_seed":false,"campfire_upgraded":6,"win_rate":0,"timestamp":1565215605,"path_taken":["M","$","?","?","M","R","E","R","T","E","?","M","$","?","R","BOSS","M","?","?","?","?","R","E","R","T","R","?","$","M","E","R","BOSS","M","?"],"build_version":"2019-07-17","purchased_purges":2,"victory":false,"max_hp_per_floor":[71,71,76,76,76,76,76,76,76,76,76,76,76,76,76,76,76,76,53,53,26,26,26,26,26,26,26,26,26,26,26,26,26,26,26,26],"card_choices":[{"not_picked":["Double Energy","Sweeping Beam"],"picked":"Ball Lightning","floor":1.0},{"not_picked":["Consume","Turbo"],"picked":"Rebound","floor":5.0},{"not_picked":["Redo","Conserve Battery"],"picked":"Cold Snap","floor":7.0},{"not_picked":["Redo","Scrape"],"picked":"Rainbow","floor":10.0},{"not_picked":["Go for the Eyes","Stack","Tempest"],"picked":"SKIP","floor":11.0},{"not_picked":["Turbo","Cold Snap"],"picked":"Coolheaded","floor":12.0},{"not_picked":["Streamline","Go for the Eyes"],"picked":"Cold Snap","floor":14.0},{"not_picked":["All For One","Reboot"],"picked":"Core Surge","floor":16.0},{"not_picked":["Static Discharge+1","Compile Driver"],"picked":"Capacitor","floor":18.0},{"not_picked":["Steam","Compile Driver"],"picked":"Chill","floor":20.0},{"not_picked":["Steam","Cold Snap"],"picked":"Fission","floor":24.0},{"not_picked":["BootSequence","Stack"],"picked":"Turbo","floor":28.0},{"not_picked":["Hello World","Steam","Barrage+1"],"picked":"SKIP","floor":30.0},{"not_picked":["Chill","Cold Snap+1"],"picked":"Defragment","floor":31.0},{"not_picked":["Seek","Reboot"],"picked":"Creative AI","floor":33.0},{"not_picked":["Sweeping Beam+1","Sunder+1"],"picked":"Coolheaded+1","floor":35.0}],"player_experience":1891557,"relics_obtained":[{"floor":7.0,"key":"Gambling Chip"},{"floor":9.0,"key":"Sundial"},{"floor":10.0,"key":"Happy Flower"},{"floor":14.0,"key":"Odd Mushroom"},{"floor":20.0,"key":"Red Mask"},{"floor":24.0,"key":"Blue Candle"},{"floor":26.0,"key":"Molten Egg 2"},{"floor":31.0,"key":"Orichalcum"}],"event_choices":[{"damage_healed":0.0,"max_hp_gain":5.0,"max_hp_loss":0.0,"gold_gain":0.0,"event_name":"Big Fish","player_choice":"Donut","floor":3.0,"gold_loss":0.0,"damage_taken":0.0},{"damage_healed":0.0,"max_hp_gain":0.0,"max_hp_loss":0.0,"gold_gain":275.0,"event_name":"Golden Shrine","player_choice":"Desecrate","floor":4.0,"gold_loss":0.0,"damage_taken":0.0,"cards_obtained":["Regret"]},{"damage_healed":0.0,"max_hp_gain":0.0,"max_hp_loss":0.0,"gold_gain":0.0,"event_name":"Mushrooms","player_choice":"Fought Mushrooms","floor":14.0,"gold_loss":0.0,"damage_taken":0.0},{"damage_healed":0.0,"max_hp_gain":0.0,"max_hp_loss":23.0,"gold_gain":0.0,"event_name":"Vampires","player_choice":"Became a vampire","floor":19.0,"gold_loss":0.0,"damage_taken":0.0,"cards_obtained":["Bite","Bite","Bite","Bite","Bite"]},{"damage_healed":0.0,"max_hp_gain":0.0,"max_hp_loss":0.0,"gold_gain":0.0,"event_name":"Masked Bandits","player_choice":"Fought Bandits","floor":20.0,"gold_loss":0.0,"damage_taken":0.0},{"damage_healed":0.0,"max_hp_gain":0.0,"max_hp_loss":27.0,"gold_gain":0.0,"event_name":"Ghosts","player_choice":"Became a Ghost","floor":21.0,"gold_loss":0.0,"damage_taken":0.0,"cards_obtained":["Ghostly","Ghostly","Ghostly"]},{"damage_healed":0.0,"max_hp_gain":0.0,"max_hp_loss":0.0,"gold_gain":0.0,"event_name":"The Library","player_choice":"Read","floor":22.0,"gold_loss":0.0,"damage_taken":0.0,"cards_obtained":["Defragment"]},{"damage_healed":0,"gold_gain":0,"player_choice":"Fight","damage_taken":0,"max_hp_gain":0,"max_hp_loss":0,"event_name":"Mysterious Sphere","floor":36,"gold_loss":0}],"is_beta":false,"boss_relics":[{"not_picked":["Lizard Tail","Inserter"],"picked":"Runic Pyramid"},{"not_picked":["FrozenCore","Snecko Eye"],"picked":"Philosopher\u0027s Stone"}],"items_purged_floors":[13,29],"is_endless":false,"potions_floor_spawned":[1,12,14,16,28,30,33],"killed_by":"2 Orb Walkers","ascension_level":20}