{"gold_per_floor":[137,175,175,212,229,229,262,307,334,334,378,378,378,419,419,572,572,609,647,672],"floor_reached":20,"playtime":2137,"items_purged":[],"score":312,"play_id":"26519ab5-a5e1-467f-be6f-70c2de21bac4","local_time":"20181018095842","is_ascension_mode":true,"campfire_choices":[{"data":"HandOfGreed","floor":6,"key":"SMITH"},{"data":"Armaments","floor":10,"key":"SMITH"},{"data":"True Grit","floor":13,"key":"SMITH"},{"data":"Bash","floor":15,"key":"SMITH"}],"neow_cost":"PERCENT_DAMAGE","seed_source_timestamp":3143313969712,"circlet_count":0,"master_deck":["Strike_R","Strike_R","Strike_R","Strike_R","Strike_R","Defend_R","Defend_R","Defend_R","Defend_R","Bash+1","AscendersBane","HandOfGreed+1","Jack Of All Trades+1","Iron Wave","Battle Trance","Armaments+1","Shrug It Off","True Grit+1","Shrug It Off","Shrug It Off","Demon Form","Rage","Sever Soul"],"relics":["Burning Blood","Pen Nib","Centennial Puzzle","Bag of Marbles","Eternal Feather"],"potions_floor_usage":[7,16,16],"damage_taken":[{"damage":0,"enemies":"Cultist","floor":1,"turns":2},{"damage":5,"enemies":"Small Slimes","floor":2,"turns":4},{"damage":4,"enemies":"2 Louse","floor":4,"turns":2},{"damage":6,"enemies":"2 Fungi Beasts","floor":5,"turns":3},{"damage":16,"enemies":"Gremlin Nob","floor":7,"turns":4},{"damage":1,"enemies":"Red Slaver","floor":8,"turns":4},{"damage":9,"enemies":"Exordium Thugs","floor":11,"turns":4},{"damage":0,"enemies":"3 Louse","floor":14,"turns":4},{"damage":28,"enemies":"Slime Boss","floor":16,"turns":12},{"damage":35,"enemies":"Spheric Guardian","floor":18,"turns":6},{"damage":23,"enemies":"Shell Parasite","floor":19,"turns":16},{"damage":18,"enemies":"3 Cultists","floor":20,"turns":5}],"seed_played":"-239422166040091546","potions_obtained":[{"floor":2,"key":"FearPotion"},{"floor":5,"key":"Dexterity Potion"},{"floor":11,"key":"Weak Potion"},{"floor":14,"key":"Strength Potion"}],"is_trial":false,"path_per_floor":["M","M","?","M","M","R","E","M","T","R","M","?","R","M","R","B",null,"M","M"],"character_chosen":"IRONCLAD","items_purchased":[],"campfire_rested":0,"item_purchase_floors":[],"current_hp_per_floor":[56,57,52,54,54,54,44,49,49,49,46,46,46,52,52,30,64,35,18,0],"gold":672,"neow_bonus":"RANDOM_COLORLESS_2","is_prod":false,"is_daily":false,"chose_seed":false,"campfire_upgraded":4,"win_rate":0,"timestamp":1539849522,"path_taken":["M","M","?","M","M","R","E","M","T","R","M","?","R","M","R","BOSS","M","M","M"],"build_version":"2018-10-17v3","purchased_purges":0,"victory":false,"max_hp_per_floor":[75,75,75,75,75,75,75,75,75,75,75,75,75,75,75,75,75,75,75,75],"card_choices":[{"not_picked":["True Grit","Reckless Charge"],"picked":"Iron Wave","floor":1},{"not_picked":["Dropkick","Armaments"],"picked":"Battle Trance","floor":2},{"not_picked":["Warcry","Shrug It Off"],"picked":"Armaments","floor":4},{"not_picked":["Dual Wield","Power Through"],"picked":"Shrug It Off","floor":5},{"not_picked":["Infernal Blade","Twin Strike"],"picked":"True Grit","floor":7},{"not_picked":["Sever Soul","Body Slam","Berserk"],"picked":"SKIP","floor":8},{"not_picked":["Entrench","Body Slam"],"picked":"Shrug It Off","floor":11},{"not_picked":["Armaments","Hemokinesis"],"picked":"Shrug It Off","floor":14},{"not_picked":["Exhume","Brutality"],"picked":"Demon Form","floor":16},{"not_picked":["Blood for Blood","Sever Soul"],"picked":"Rage","floor":18},{"not_picked":["True Grit","Disarm+1"],"picked":"Sever Soul","floor":19}],"player_experience":648678,"relics_obtained":[{"floor":7,"key":"Centennial Puzzle"},{"floor":9,"key":"Bag of Marbles"}],"event_choices":[{"damage_healed":0,"gold_gain":0,"player_choice":"Success","damage_taken":5,"relics_obtained":["Pen Nib"],"max_hp_gain":0,"max_hp_loss":0,"event_name":"Scrap Ooze","floor":3,"gold_loss":0},{"damage_healed":0,"gold_gain":0,"player_choice":"Forge","damage_taken":0,"max_hp_gain":0,"max_hp_loss":0,"event_name":"Accursed Blacksmith","floor":12,"gold_loss":0,"cards_upgraded":["Jack Of All Trades"]}],"is_beta":true,"boss_relics":[{"not_picked":["Runic Pyramid","White Beast Statue"],"picked":"Eternal Feather"}],"items_purged_floors":[],"is_endless":false,"potions_floor_spawned":[2,5,11,14],"killed_by":"3 Cultists","ascension_level":15}