{"gold_per_floor":[119,119,139,162,6,6,49,49,49,87,87,101,101,137,137,235,298,282,7,21,21,37,37,0,0],"floor_reached":25,"playtime":814,"items_purged":["Strike_B","Strike_B"],"score":438,"play_id":"ea0aee88-effe-4a35-8489-fd6dc1fd104c","local_time":"20190403173348","is_ascension_mode":true,"campfire_choices":[{"data":"Zap","floor":6,"key":"SMITH"},{"data":"Coolheaded","floor":11,"key":"SMITH"},{"data":"FTL","floor":13,"key":"SMITH"},{"data":"Coolheaded","floor":15,"key":"SMITH"},{"floor":23,"key":"REST"}],"neow_cost":"NONE","seed_source_timestamp":27750516733024,"circlet_count":0,"master_deck":["AscendersBane","Strike_B","Strike_B+1","Defend_B+1","Defend_B","Defend_B","Defend_B","Zap+1","Dualcast","Coolheaded","Melter","Cold Snap","Conserve Battery","Ball Lightning+1","Coolheaded+1","FTL+1","Steam","Coolheaded+1","Rainbow","Hologram","Echo Form"],"special_seed":0,"relics":["Cracked Core","Golden Idol","Ornamental Fan","Boot","Unceasing Top","Whetstone","Tiny House"],"potions_floor_usage":[10,10,16,25,25],"damage_taken":[{"damage":9.0,"enemies":"Cultist","floor":1.0,"turns":4.0},{"damage":0,"enemies":"2 Louse","floor":3,"turns":1},{"damage":0,"enemies":"Jaw Worm","floor":4,"turns":4},{"damage":7,"enemies":"Lagavulin","floor":7,"turns":6},{"damage":3,"enemies":"Gremlin Nob","floor":10,"turns":3},{"damage":0,"enemies":"Looter","floor":12,"turns":4},{"damage":2,"enemies":"3 Sentries","floor":14,"turns":8},{"damage":39,"enemies":"Hexaghost","floor":16,"turns":10},{"damage":10,"enemies":"2 Thieves","floor":18,"turns":4},{"damage":0,"enemies":"Spheric Guardian","floor":20,"turns":3},{"damage":32,"enemies":"3 Cultists","floor":22,"turns":7},{"damage":45,"enemies":"Gremlin Leader","floor":25,"turns":7}],"seed_played":"3324106247573087802","potions_obtained":[{"floor":4,"key":"EssenceOfSteel"},{"floor":8,"key":"Explosive Potion"},{"floor":10,"key":"Poison Potion"},{"floor":12,"key":"Strength Potion"},{"floor":17,"key":"Explosive Potion"}],"is_trial":false,"path_per_floor":["M","?","M","M","$","R","E","?","T","E","R","M","R","E","R","B",null,"M","$","M","$","M","R","?","E"],"character_chosen":"DEFECT","items_purchased":["Ball Lightning","AttackPotion","Echo Form"],"campfire_rested":1,"item_purchase_floors":[5,5,19],"current_hp_per_floor":[55,55,55,55,55,55,48,48,48,45,45,45,45,43,43,4,54,44,44,44,44,12,32,32,0],"gold":0,"neow_bonus":"THREE_CARDS","is_prod":false,"is_daily":false,"chose_seed":false,"campfire_upgraded":4,"win_rate":0,"timestamp":1554305628,"path_taken":["M","?","M","M","$","R","E","?","T","E","R","M","R","E","R","BOSS","M","$","M","?","M","R","?","E"],"build_version":"2019-01-23","purchased_purges":2,"victory":false,"max_hp_per_floor":[71,64,64,64,64,64,64,64,64,64,64,64,64,64,64,64,69,69,69,69,69,69,69,69,69],"card_choices":[{"not_picked":["Blizzard","Chaos"],"picked":"Coolheaded","floor":0.0},{"not_picked":["Go for the Eyes","Hologram"],"picked":"Melter","floor":1.0},{"not_picked":["Turbo","Rebound"],"picked":"Cold Snap","floor":3},{"not_picked":["Cold Snap","Streamline"],"picked":"Conserve Battery","floor":4},{"not_picked":["Hologram","Multi-Cast"],"picked":"Coolheaded","floor":7},{"not_picked":["Barrage","Leap"],"picked":"FTL","floor":10},{"not_picked":["Tempest","Aggregate"],"picked":"Steam","floor":12},{"not_picked":["Go for the Eyes","Fusion"],"picked":"Coolheaded","floor":14},{"not_picked":["Meteor Strike","Amplify"],"picked":"Rainbow","floor":16},{"not_picked":["Go for the Eyes","Barrage"],"picked":"Hologram","floor":17},{"not_picked":["Barrage","Rebound","Go for the Eyes"],"picked":"SKIP","floor":18},{"not_picked":["Steam","Coolheaded","Barrage+1"],"picked":"SKIP","floor":20},{"not_picked":["Go for the Eyes","Turbo","Beam Cell"],"picked":"SKIP","floor":22}],"player_experience":1534472,"relics_obtained":[{"floor":7,"key":"Ornamental Fan"},{"floor":9,"key":"Boot"},{"floor":10,"key":"Unceasing Top"},{"floor":14,"key":"Whetstone"}],"event_choices":[{"damage_healed":0.0,"max_hp_gain":0.0,"max_hp_loss":7.0,"gold_gain":0.0,"event_name":"Golden Idol","player_choice":"Lose Max HP","floor":2.0,"gold_loss":0.0,"damage_taken":0.0,"relics_obtained":["Golden Idol"]},{"damage_healed":0,"gold_gain":0,"player_choice":"Got Potions","damage_taken":0,"max_hp_gain":0,"max_hp_loss":0,"event_name":"Lab","floor":8,"gold_loss":0},{"damage_healed":0,"gold_gain":0,"player_choice":"Paid Fearfully","damage_taken":0,"max_hp_gain":0,"max_hp_loss":0,"event_name":"Masked Bandits","floor":24,"gold_loss":37}],"is_beta":false,"boss_relics":[{"not_picked":["Lizard Tail","Snecko Eye"],"picked":"Tiny House"}],"items_purged_floors":[5,19],"is_endless":false,"potions_floor_spawned":[4,10,12],"killed_by":"Gremlin Leader","ascension_level":20}