{"gold_per_floor":[112,112,112,33,56,56,72,115,170,170,127,142,180,203,203,299,299,313,333,333,344,269,269,269],"floor_reached":24,"playtime":1257,"items_purged":["Strike_G"],"score":412,"play_id":"a9871157-aaa3-4f03-81d7-77f490166b9f","local_time":"20190130192829","is_ascension_mode":true,"campfire_choices":[{"data":"Crippling Poison","floor":6,"key":"SMITH"},{"floor":10,"key":"REST"},{"floor":15,"key":"REST"},{"data":"After Image","floor":23,"key":"SMITH"}],"neow_cost":"NONE","seed_source_timestamp":32802137423314,"circlet_count":0,"master_deck":["AscendersBane","Defend_G","Defend_G","Defend_G+1","Defend_G+1","Defend_G","Strike_G","Strike_G","Strike_G","Strike_G","Survivor","Neutralize","Terror","Infinite Blades","Crippling Poison+1","Backflip","Dodge and Roll","After Image+1","Acrobatics","Crippling Poison","A Thousand Cuts","Skewer+1","Concentrate","Adrenaline"],"relics":["Ring of the Snake","NeowsBlessing","Bloody Idol","Pen Nib","Boot","Gambling Chip","hubris:RunicObelisk"],"potions_floor_usage":[8,18,21],"damage_taken":[{"damage":0,"enemies":"Jaw Worm","floor":1,"turns":1},{"damage":0,"enemies":"2 Louse","floor":5,"turns":1},{"damage":0,"enemies":"Small Slimes","floor":7,"turns":1},{"damage":30,"enemies":"Gremlin Nob","floor":8,"turns":5},{"damage":0,"enemies":"2 Fungi Beasts","floor":12,"turns":3},{"damage":23,"enemies":"3 Sentries","floor":13,"turns":11},{"damage":2,"enemies":"3 Louse","floor":14,"turns":2},{"damage":15,"enemies":"The Guardian","floor":16,"turns":17},{"damage":0,"enemies":"3 Byrds","floor":18,"turns":3},{"damage":10,"enemies":"Chosen","floor":19,"turns":5},{"damage":3,"enemies":"Centurion and Healer","floor":21,"turns":6},{"damage":39,"enemies":"Book of Stabbing","floor":24,"turns":5}],"seed_played":"729831482752315031","potions_obtained":[{"floor":1,"key":"GhostInAJar"},{"floor":8,"key":"Energy Potion"},{"floor":14,"key":"Explosive Potion"}],"is_trial":false,"path_per_floor":["M","?","?","$","M","R","M","E","T","R","?","M","E","M","R","B",null,"M","M","?","M","$","R","E"],"character_chosen":"THE_SILENT","items_purchased":["Infinite Blades"],"campfire_rested":2,"item_purchase_floors":[4],"current_hp_per_floor":[59,39,39,39,39,39,39,9,9,27,27,27,4,2,20,5,46,46,36,36,38,38,38,0],"gold":269,"neow_bonus":"THREE_ENEMY_KILL","is_prod":false,"is_daily":false,"chose_seed":false,"campfire_upgraded":2,"win_rate":0,"timestamp":1548872909,"path_taken":["M","?","?","?","?","R","M","E","T","R","?","M","E","M","R","BOSS","M","M","?","M","$","R","E"],"build_version":"2019-01-23","purchased_purges":1,"victory":false,"max_hp_per_floor":[66,66,60,60,60,60,60,60,60,60,60,60,60,60,60,60,60,60,60,60,60,60,60,60],"card_choices":[{"not_picked":["hubris:Sniper","Slice"],"picked":"Terror","floor":1},{"not_picked":["Quick Slash","PiercingWail"],"picked":"Crippling Poison","floor":5},{"not_picked":["Blade Dance","Sucker Punch"],"picked":"Backflip","floor":7},{"not_picked":["Prepared","Setup"],"picked":"Dodge and Roll","floor":8},{"not_picked":["Acrobatics","Crippling Poison"],"picked":"After Image","floor":12},{"not_picked":["Dagger Spray","Outmaneuver"],"picked":"Acrobatics","floor":13},{"not_picked":["Acrobatics","Predator"],"picked":"Crippling Poison","floor":14},{"not_picked":["Adrenaline","Envenom"],"picked":"A Thousand Cuts","floor":16},{"not_picked":["Dagger Spray","Prepared"],"picked":"Skewer+1","floor":18},{"not_picked":["Reflex","Dagger Throw"],"picked":"Concentrate","floor":19},{"not_picked":["Poisoned Stab","Deadly Poison"],"picked":"Adrenaline","floor":21}],"player_experience":1184721,"relics_obtained":[{"floor":8,"key":"Pen Nib"},{"floor":9,"key":"Boot"},{"floor":13,"key":"Gambling Chip"}],"event_choices":[{"damage_healed":0,"gold_gain":0,"player_choice":"Entered Light","damage_taken":20,"max_hp_gain":0,"max_hp_loss":0,"event_name":"Shining Light","floor":2,"gold_loss":0,"cards_upgraded":["Defend_G","Defend_G"]},{"damage_healed":0,"gold_gain":0,"player_choice":"Lose Max HP","damage_taken":0,"relics_obtained":["Golden Idol"],"max_hp_gain":0,"max_hp_loss":6,"event_name":"Golden Idol","floor":3,"gold_loss":0},{"damage_healed":0,"gold_gain":0,"player_choice":"Left Gold","damage_taken":0,"max_hp_gain":0,"max_hp_loss":0,"event_name":"World of Goop","floor":11,"gold_loss":43},{"damage_healed":0,"gold_gain":0,"player_choice":"Gave Idol","damage_taken":0,"relics_obtained":["Bloody Idol"],"max_hp_gain":0,"max_hp_loss":0,"event_name":"Forgotten Altar","floor":20,"relics_lost":["Golden Idol"],"gold_loss":0}],"is_beta":false,"boss_relics":[{"not_picked":["White Beast Statue","hubris:Stopwatch"],"picked":"hubris:RunicObelisk"}],"items_purged_floors":[22],"is_endless":false,"potions_floor_spawned":[1,8,14],"killed_by":"Book of Stabbing","ascension_level":20}