{"gold_per_floor":[110,130,130,130,46,46,46,46,46,80,100,100,443,463,463,556,556,581,181,202,216,231,272,292,328,328,39,59,59,59,109,109,198,198,214,9,1008,1026,1051,1051,1384,1384,1408,1408,977,977,977,1005,1005,1005],"floor_reached":50,"playtime":1895,"items_purged":["Strike_G","Strike_G","Normality"],"score":1157,"play_id":"3d557cf5-71f7-43ce-90df-27373254603a","local_time":"20190917175837","is_ascension_mode":true,"campfire_choices":[{"data":"Deadly Poison","floor":6,"key":"SMITH"},{"data":"Unload","floor":8,"key":"SMITH"},{"floor":12,"key":"REST"},{"data":"Corpse Explosion","floor":15,"key":"SMITH"},{"data":"Wraith Form v2","floor":29,"key":"SMITH"},{"data":"Ghostly","floor":32,"key":"SMITH"},{"floor":40,"key":"DIG"},{"floor":42,"key":"DIG"},{"floor":46,"key":"DIG"},{"floor":49,"key":"RECALL"}],"neow_cost":"TEN_PERCENT_HP_LOSS","seed_source_timestamp":25871578524640,"circlet_count":0,"master_deck":["AscendersBane","Strike_G","Strike_G","Defend_G","Defend_G","Defend_G","Defend_G","Defend_G","Survivor","Neutralize","Bandage Up","Dramatic Entrance","Deadly Poison+1","Deadly Poison+1","Backflip","Flying Knee","Unload+1","Corpse Explosion+1","Dagger Spray","Wraith Form v2+1","Backstab+1","Noxious Fumes","Well Laid Plans","Footwork","Predator","Blur","Noxious Fumes","Caltrops","Ghostly+1","Ghostly","Ghostly","After Image","Footwork","Leg Sweep","Normality","Noxious Fumes","Crippling Poison","Acrobatics+1","Acrobatics+1"],"relics":["Ring of the Snake","Lizard Tail","Question Card","Old Coin","Velvet Choker","FossilizedHelix","Oddly Smooth Stone","Mummified Hand","Shovel","Membership Card","PreservedInsect","SacredBark","HornCleat","Paper Crane","Art of War","ClockworkSouvenir","Toxic Egg 2","Dream Catcher","Akabeko","Pantograph","MealTicket"],"potions_floor_usage":[16,25,39,50,50],"damage_taken":[{"damage":18,"enemies":"Jaw Worm","floor":1,"turns":9},{"damage":4,"enemies":"Small Slimes","floor":2,"turns":4},{"damage":33,"enemies":"Gremlin Nob","floor":10,"turns":4},{"damage":0,"enemies":"Cultist","floor":11,"turns":3},{"damage":17,"enemies":"Lagavulin","floor":13,"turns":5},{"damage":0,"enemies":"Red Slaver","floor":14,"turns":3},{"damage":16,"enemies":"The Guardian","floor":16,"turns":10},{"damage":25,"enemies":"Shell Parasite","floor":18,"turns":6},{"damage":0,"enemies":"3 Byrds","floor":20,"turns":2},{"damage":2,"enemies":"Shelled Parasite and Fungi","floor":21,"turns":4},{"damage":0,"enemies":"3 Cultists","floor":22,"turns":2},{"damage":17,"enemies":"Slavers","floor":23,"turns":3},{"damage":8,"enemies":"Snake Plant","floor":24,"turns":5},{"damage":9,"enemies":"Book of Stabbing","floor":25,"turns":7},{"damage":1,"enemies":"Snecko","floor":28,"turns":4},{"damage":13,"enemies":"Automaton","floor":33,"turns":11},{"damage":15,"enemies":"3 Darklings","floor":35,"turns":4},{"damage":0,"enemies":"Orb Walker","floor":38,"turns":6},{"damage":2,"enemies":"Spire Growth","floor":39,"turns":8},{"damage":0,"enemies":"Nemesis","floor":48,"turns":7},{"damage":55,"enemies":"Donu and Deca","floor":50,"turns":8}],"seed_played":"2028926126690448294","potions_obtained":[{"floor":1,"key":"Dexterity Potion"},{"floor":10,"key":"SkillPotion"},{"floor":18,"key":"Explosive Potion"},{"floor":25,"key":"SteroidPotion"},{"floor":28,"key":"Dexterity Potion"},{"floor":38,"key":"PowerPotion"}],"is_trial":false,"path_per_floor":["M","M","?","?","$","R","?","R","T","E","M","R","E","M","R","B",null,"M","$","M","M","M","E","M","E","T","$","M","R","?","?","R","B",null,"M","$","?","M","M","R","?","R","T","?","$","R","T","E","R","B"],"character_chosen":"THE_SILENT","items_purchased":["Backflip","Flying Knee","FossilizedHelix","Membership Card","PreservedInsect","Noxious Fumes","HornCleat","Leg Sweep","ClockworkSouvenir","Toxic Egg 2","Dream Catcher","PowerPotion","AttackPotion","Acrobatics+1"],"campfire_rested":1,"item_purchase_floors":[5,5,19,27,27,27,36,36,45,45,45,45,45,45],"current_hp_per_floor":[42,42,42,42,42,42,42,42,42,13,17,33,20,24,24,12,44,23,23,27,29,29,16,12,7,7,7,10,10,10,10,10,1,21,10,10,10,10,12,12,12,12,12,12,12,12,12,16,16,0],"gold":1005,"neow_bonus":"RANDOM_COLORLESS_2","is_prod":false,"is_daily":false,"chose_seed":false,"campfire_upgraded":5,"win_rate":0,"timestamp":1568735917,"path_taken":["M","M","?","?","$","R","?","R","T","E","M","R","E","M","R","BOSS","M","$","M","?","M","E","M","E","T","?","?","R","?","?","R","BOSS","M","$","?","M","M","R","?","R","T","?","$","R","?","E","R","BOSS"],"build_version":"2019-09-16v2","purchased_purges":3,"victory":false,"max_hp_per_floor":[60,60,54,54,54,54,54,54,54,54,54,54,54,54,54,54,54,54,54,54,54,54,54,54,54,54,54,54,54,27,27,27,27,27,27,27,27,27,27,27,27,27,27,27,27,27,27,27,27,27],"card_choices":[{"not_picked":["Backflip","PiercingWail"],"picked":"Deadly Poison","floor":1},{"not_picked":["Flying Knee","Finisher"],"picked":"Deadly Poison","floor":2},{"not_picked":["Slice","Underhanded Strike"],"picked":"Corpse Explosion","floor":10},{"not_picked":["Dagger Throw","Deflect","Sucker Punch","Dodge and Roll"],"picked":"SKIP","floor":11},{"not_picked":["All Out Attack","Sucker Punch","Choke","Finisher"],"picked":"SKIP","floor":13},{"not_picked":["Distraction","Terror","Slice"],"picked":"Dagger Spray","floor":14},{"not_picked":["Malaise","Storm of Steel","Corpse Explosion"],"picked":"Wraith Form v2","floor":16},{"not_picked":["Finisher","Slice","Quick Slash","Deflect"],"picked":"SKIP","floor":18},{"not_picked":["Tactician","Slice+1","Dash"],"picked":"Backstab+1","floor":20},{"not_picked":["Backflip","Distraction","Sucker Punch"],"picked":"Noxious Fumes","floor":21},{"not_picked":["Poisoned Stab","Blur","Bane"],"picked":"Well Laid Plans","floor":22},{"not_picked":["Expertise","All Out Attack","Accuracy"],"picked":"Footwork","floor":23},{"not_picked":["Deflect","Tools of the Trade","Quick Slash"],"picked":"Predator","floor":24},{"not_picked":["Terror","Endless Agony","Blade Dance"],"picked":"Blur","floor":25},{"not_picked":["Skewer","Poisoned Stab","Outmaneuver"],"picked":"Caltrops","floor":28},{"not_picked":["Malaise","Venomology","Tools of the Trade"],"picked":"After Image","floor":33},{"not_picked":["Distraction","Dagger Spray+1","Flying Knee+1"],"picked":"Footwork","floor":35},{"not_picked":["Prepared","Endless Agony","Slice"],"picked":"Noxious Fumes","floor":38},{"not_picked":["Outmaneuver","Underhanded Strike","Cloak And Dagger"],"picked":"Crippling Poison","floor":39},{"not_picked":["Dagger Throw","Dodge and Roll+1","Escape Plan+1"],"picked":"Acrobatics+1","floor":48}],"player_experience":2065931,"relics_obtained":[{"floor":9,"key":"Lizard Tail"},{"floor":10,"key":"Question Card"},{"floor":13,"key":"Old Coin"},{"floor":23,"key":"Oddly Smooth Stone"},{"floor":25,"key":"Mummified Hand"},{"floor":26,"key":"Shovel"},{"floor":40,"key":"Paper Crane"},{"floor":42,"key":"Art of War"},{"floor":46,"key":"Akabeko"},{"floor":47,"key":"Pantograph"},{"floor":48,"key":"MealTicket"}],"event_choices":[{"damage_healed":0,"gold_gain":0,"player_choice":"Lose Max HP","damage_taken":0,"relics_obtained":["Golden Idol"],"max_hp_gain":0,"max_hp_loss":6,"event_name":"Golden Idol","floor":3,"gold_loss":0},{"damage_healed":0,"gold_gain":0,"player_choice":"Grow","damage_taken":0,"max_hp_gain":0,"max_hp_loss":0,"event_name":"Living Wall","floor":4,"gold_loss":0,"cards_upgraded":["Deadly Poison"]},{"damage_healed":0,"gold_gain":0,"cards_transformed":["Strike_G"],"player_choice":"Transformed","damage_taken":0,"max_hp_gain":0,"max_hp_loss":0,"event_name":"Transmorgrifier","floor":7,"gold_loss":0,"cards_obtained":["Unload"]},{"damage_healed":0,"gold_gain":0,"player_choice":"Became a Ghost","damage_taken":0,"max_hp_gain":0,"max_hp_loss":27,"event_name":"Ghosts","floor":30,"gold_loss":0,"cards_obtained":["Ghostly","Ghostly","Ghostly"]},{"damage_healed":0,"gold_gain":50,"player_choice":"Stole From Cult","damage_taken":0,"max_hp_gain":0,"max_hp_loss":0,"event_name":"Nest","floor":31,"gold_loss":0},{"damage_healed":0,"gold_gain":999,"player_choice":"Gold","damage_taken":0,"max_hp_gain":0,"max_hp_loss":0,"event_name":"MindBloom","floor":37,"gold_loss":0,"cards_obtained":["Normality","Normality"]},{"damage_healed":0,"gold_gain":333,"player_choice":"Gave Idol","damage_taken":0,"max_hp_gain":0,"max_hp_loss":0,"event_name":"The Moai Head","floor":41,"relics_lost":["Golden Idol"],"gold_loss":0},{"damage_healed":0,"gold_gain":0,"player_choice":"Memory 1","damage_taken":0,"max_hp_gain":0,"max_hp_loss":0,"event_name":"SensoryStone","floor":44,"gold_loss":0}],"is_beta":true,"boss_relics":[{"not_picked":["Cursed Key","Philosopher\u0027s Stone"],"picked":"Velvet Choker"},{"not_picked":["Tiny House","Coffee Dripper"],"picked":"SacredBark"}],"items_purged_floors":[19,36,45],"is_endless":false,"potions_floor_spawned":[1,10,11,18,23,25,28,38],"killed_by":"Donu and Deca","ascension_level":20}