{"gold_per_floor":[117,117,117,129,149,149,179,179,229,229,49,61,94,108,108,185,185,203,203,214,224,224],"floor_reached":22,"playtime":964,"items_purged":["Decay"],"score":392,"play_id":"f2dee8a5-76e6-4c54-85f1-67b03a195354","local_time":"20181215155147","is_ascension_mode":true,"campfire_choices":[{"data":"Noxious Fumes","floor":6,"key":"SMITH"},{"data":"After Image","floor":8,"key":"SMITH"},{"data":"Venomology","floor":10,"key":"SMITH"},{"data":"Deadly Poison","floor":15,"key":"SMITH"}],"neow_cost":"NONE","seed_source_timestamp":22676010439947,"circlet_count":0,"master_deck":["AscendersBane","Defend_G","Defend_G","Defend_G","Defend_G","Strike_G","Strike_G+1","Strike_G","Survivor","Neutralize+1","Escape Plan","After Image+1","Escape Plan","Noxious Fumes+1","Venomology+1","Backflip","Deadly Poison+1","Backflip","A Thousand Cuts","After Image+1","Blade Dance+1"],"relics":["Cursed Key","Art of War","Oddly Smooth Stone","Blood Vial","Empty Cage"],"potions_floor_usage":[13,13,13,14,16,18,20,20,21,22],"damage_taken":[{"damage":0,"enemies":"Cultist","floor":1,"turns":4},{"damage":0,"enemies":"Small Slimes","floor":4,"turns":5},{"damage":2,"enemies":"Jaw Worm","floor":5,"turns":7},{"damage":10,"enemies":"3 Sentries","floor":7,"turns":7},{"damage":0,"enemies":"Exordium Thugs","floor":12,"turns":5},{"damage":8,"enemies":"Lagavulin","floor":13,"turns":5},{"damage":0,"enemies":"Looter","floor":14,"turns":3},{"damage":4,"enemies":"Hexaghost","floor":16,"turns":10},{"damage":11,"enemies":"Shell Parasite","floor":18,"turns":5},{"damage":23,"enemies":"Chosen","floor":20,"turns":7},{"damage":0,"enemies":"Sentry and Sphere","floor":21,"turns":7},{"damage":43,"enemies":"Cultist and Chosen","floor":22,"turns":5}],"seed_played":"8120260039111355532","potions_obtained":[{"floor":1,"key":"Ancient Potion"},{"floor":12,"key":"SkillPotion"}],"is_trial":false,"path_per_floor":["M","?","?","M","M","R","E","R","T","R","$","M","E","M","R","B",null,"M","?","M","M","M"],"character_chosen":"THE_SILENT","items_purchased":["Backflip","Poison Potion"],"campfire_rested":0,"item_purchase_floors":[11,11],"current_hp_per_floor":[59,39,39,39,37,37,27,27,27,27,27,27,19,21,21,19,54,59,59,38,40,0],"gold":224,"neow_bonus":"BOSS_RELIC","is_prod":false,"is_daily":false,"chose_seed":false,"campfire_upgraded":4,"win_rate":0,"timestamp":1544885507,"path_taken":["M","?","?","M","?","R","E","R","T","R","$","M","E","M","R","BOSS","M","?","M","M","M"],"build_version":"2018-12-13","purchased_purges":1,"victory":false,"max_hp_per_floor":[66,66,66,66,66,66,66,66,66,66,66,66,66,66,66,66,66,66,66,66,66,66],"card_choices":[{"not_picked":["Deflect","Slice"],"picked":"Escape Plan","floor":1},{"not_picked":["Setup","Sucker Punch"],"picked":"Escape Plan","floor":4},{"not_picked":["Bane","Expertise"],"picked":"Noxious Fumes","floor":5},{"not_picked":["Dagger Throw","Poisoned Stab"],"picked":"Venomology","floor":7},{"not_picked":["Quick Slash","Bane"],"picked":"Deadly Poison","floor":12},{"not_picked":["Dagger Throw","Flying Knee"],"picked":"Backflip","floor":13},{"not_picked":["Outmaneuver","Reflex","Quick Slash"],"picked":"SKIP","floor":14},{"not_picked":["Phantasmal Killer","Unload"],"picked":"A Thousand Cuts","floor":16},{"not_picked":["Deflect","Flying Knee","Bane"],"picked":"SKIP","floor":18},{"not_picked":["Deflect","Calculated Gamble","Accuracy"],"picked":"SKIP","floor":20},{"not_picked":["PiercingWail","Deflect"],"picked":"Blade Dance+1","floor":21}],"player_experience":1025047,"relics_obtained":[{"floor":7,"key":"Art of War"},{"floor":9,"key":"Oddly Smooth Stone"},{"floor":13,"key":"Blood Vial"}],"event_choices":[{"damage_healed":0,"gold_gain":0,"player_choice":"Entered Light","damage_taken":20,"max_hp_gain":0,"max_hp_loss":0,"event_name":"Shining Light","floor":2,"gold_loss":0,"cards_upgraded":["Neutralize","Strike_G"]},{"damage_healed":0,"gold_gain":0,"cards_transformed":["Strike_G"],"player_choice":"Transformed","damage_taken":0,"max_hp_gain":0,"max_hp_loss":0,"event_name":"Transmorgrifier","floor":3,"gold_loss":0,"cards_obtained":["After Image"]},{"damage_healed":0,"gold_gain":0,"player_choice":"Copied","damage_taken":0,"max_hp_gain":0,"max_hp_loss":0,"event_name":"Duplicator","floor":19,"gold_loss":0,"cards_obtained":["After Image"]}],"is_beta":true,"boss_relics":[{"not_picked":["Sozu","Busted Crown"],"picked":"Empty Cage"}],"items_purged_floors":[11],"is_endless":false,"potions_floor_spawned":[1,12,13,14,18],"killed_by":"Cultist and Chosen","ascension_level":20}