{"gold_per_floor":[115,134,284,284,5,31,44,44,44,44,44,60,20,51,51,125,125,143,154,204,204,17,17,49,59,105,105,136,136,149,149,149,149],"floor_reached":33,"playtime":1263,"items_purged":["Doubt","Setup+1"],"score":632,"play_id":"6f64ca8d-9297-4ab6-9918-84a7bf4d125e","local_time":"20190604105025","is_ascension_mode":true,"campfire_choices":[{"data":"Neutralize","floor":8.0,"key":"SMITH"},{"data":"Noxious Fumes","floor":10.0,"key":"SMITH"},{"data":"Predator","floor":15.0,"key":"SMITH"},{"floor":23.0,"key":"REST"},{"floor":27.0,"key":"REST"},{"floor":29,"key":"REST"},{"floor":32,"key":"REST"}],"neow_cost":"NONE","seed_source_timestamp":0,"circlet_count":0,"master_deck":["AscendersBane","Defend_G","Defend_G","Defend_G","Defend_G","Defend_G","Strike_G","Strike_G","Survivor","Neutralize+1","Blur","Noxious Fumes+1","Deadly Poison","Noxious Fumes","Cloak And Dagger","Adrenaline","Backflip","Blur","Backstab","Predator+1","Die Die Die","Tactician+1","Grand Finale+1","Escape Plan","Crippling Poison+1","Footwork","Noxious Fumes+1","Footwork"],"special_seed":0,"relics":["Ring of the Snake","NeowsBlessing","Tough Bandages","Orichalcum","Dodecahedron","Astrolabe","Omamori","Bag of Marbles","Juzu Bracelet"],"potions_floor_usage":[28,33],"damage_taken":[{"damage":0.0,"enemies":"Cultist","floor":1.0,"turns":1.0},{"damage":0.0,"enemies":"Jaw Worm","floor":2.0,"turns":1.0},{"damage":0.0,"enemies":"3 Sentries","floor":6.0,"turns":1.0},{"damage":3.0,"enemies":"Small Slimes","floor":7.0,"turns":5.0},{"damage":0.0,"enemies":"2 Fungi Beasts","floor":12.0,"turns":4.0},{"damage":5.0,"enemies":"Lagavulin","floor":14.0,"turns":8.0},{"damage":3.0,"enemies":"Slime Boss","floor":16.0,"turns":9.0},{"damage":25.0,"enemies":"2 Thieves","floor":18.0,"turns":5.0},{"damage":12.0,"enemies":"Shell Parasite","floor":19.0,"turns":6.0},{"damage":18.0,"enemies":"Gremlin Leader","floor":24.0,"turns":7.0},{"damage":6.0,"enemies":"Snecko","floor":25.0,"turns":4.0},{"damage":17,"enemies":"Slavers","floor":28,"turns":7},{"damage":17,"enemies":"Centurion and Healer","floor":30,"turns":7},{"damage":48,"enemies":"Collector","floor":33,"turns":5}],"seed_played":"-1503586024006396769","potions_obtained":[{"floor":1.0,"key":"Swift Potion"},{"floor":6.0,"key":"Explosive Potion"},{"floor":14.0,"key":"AttackPotion"},{"floor":18.0,"key":"Energy Potion"},{"floor":28,"key":"Strength Potion"}],"is_trial":false,"path_per_floor":["M","M","?","?","$","E","M","R","T","R","$","M","$","E","R","B",null,"M","M","?","?","$","R","E","M","T","R","E","R","M","?","R","B"],"character_chosen":"THE_SILENT","items_purchased":["Deadly Poison","Noxious Fumes","Cloak And Dagger","AttackPotion","Backstab","Footwork"],"campfire_rested":4,"item_purchase_floors":[5,5,5,5,13,22],"current_hp_per_floor":[59,59,59,48,48,48,45,45,45,45,45,45,45,40,40,37,59,34,22,22,4,4,25,7,1,1,22,5,26,9,23,44,0],"gold":149,"neow_bonus":"THREE_ENEMY_KILL","is_prod":false,"is_daily":false,"chose_seed":false,"campfire_upgraded":3,"win_rate":0,"timestamp":1559638225,"path_taken":["M","?","?","?","$","E","M","R","T","R","?","M","$","E","R","BOSS","M","M","?","?","$","R","E","M","T","R","E","R","M","?","R","BOSS"],"build_version":"2019-01-23","purchased_purges":2,"victory":false,"max_hp_per_floor":[66,66,66,66,66,66,66,66,66,66,66,66,66,66,66,66,66,66,66,66,71,71,71,71,71,71,71,71,71,71,71,71,71],"card_choices":[{"not_picked":["Prepared","Outmaneuver"],"picked":"Blur","floor":1.0},{"not_picked":["Bane","Terror"],"picked":"Noxious Fumes","floor":2.0},{"not_picked":["Reflex","PiercingWail"],"picked":"Adrenaline","floor":6.0},{"not_picked":["Flying Knee","Quick Slash"],"picked":"Backflip","floor":7.0},{"not_picked":["Slice","Deflect"],"picked":"Blur","floor":12.0},{"not_picked":["Phantasmal Killer","Acrobatics"],"picked":"Predator","floor":14.0},{"not_picked":["Doppelganger","Phantasmal Killer"],"picked":"Die Die Die","floor":16.0},{"not_picked":["All Out Attack","Riddle With Holes"],"picked":"Escape Plan","floor":18.0},{"not_picked":["Dash+1","Well Laid Plans"],"picked":"Crippling Poison+1","floor":19.0},{"not_picked":["Caltrops","Crippling Poison"],"picked":"Noxious Fumes+1","floor":24.0},{"not_picked":["Dagger Spray","Blade Dance"],"picked":"Footwork","floor":25.0},{"not_picked":["All Out Attack","Envenom","Sucker Punch"],"picked":"SKIP","floor":28},{"not_picked":["Blade Dance+1","Masterful Stab","Quick Slash"],"picked":"SKIP","floor":30}],"player_experience":1715509,"relics_obtained":[{"floor":6.0,"key":"Orichalcum"},{"floor":14.0,"key":"Dodecahedron"},{"floor":24.0,"key":"Omamori"},{"floor":26.0,"key":"Bag of Marbles"},{"floor":28,"key":"Juzu Bracelet"}],"event_choices":[{"damage_healed":0.0,"max_hp_gain":0.0,"max_hp_loss":0.0,"gold_gain":150.0,"event_name":"Liars Game","player_choice":"AGREE","floor":3.0,"gold_loss":0.0,"damage_taken":0.0,"cards_obtained":["Doubt"]},{"damage_healed":0.0,"max_hp_gain":0.0,"max_hp_loss":0.0,"gold_gain":0.0,"event_name":"Scrap Ooze","player_choice":"Success","floor":4.0,"gold_loss":0.0,"damage_taken":11.0,"relics_obtained":["Tough Bandages"]},{"damage_healed":0.0,"max_hp_gain":0.0,"max_hp_loss":0.0,"gold_gain":50.0,"event_name":"Nest","player_choice":"Stole From Cult","floor":20.0,"gold_loss":0.0,"damage_taken":0.0},{"damage_healed":0.0,"max_hp_gain":5.0,"max_hp_loss":0.0,"gold_gain":0.0,"event_name":"Forgotten Altar","player_choice":"Shed Blood","floor":21.0,"gold_loss":0.0,"damage_taken":23.0},{"damage_healed":14,"gold_gain":0,"player_choice":"Heal","damage_taken":0,"max_hp_gain":0,"max_hp_loss":0,"event_name":"The Library","floor":31,"gold_loss":0}],"is_beta":false,"boss_relics":[{"not_picked":["Calling Bell","Ring of the Serpent"],"picked":"Astrolabe"}],"items_purged_floors":[5,22],"is_endless":false,"potions_floor_spawned":[1,6,14,18,28,30],"killed_by":"Collector","ascension_level":20}