{"gold_per_floor":[118,118,43,56,75,410,29,29,29,62,76,76,92,123,123,123],"floor_reached":16,"playtime":577,"items_purged":[],"score":240,"play_id":"da0bf225-174e-40b2-a5c7-eb4c1ba8a362","local_time":"20190815201436","is_ascension_mode":true,"campfire_choices":[{"floor":8.0,"key":"REST"},{"data":"Deadly Poison","floor":12.0,"key":"SMITH"},{"data":"Backflip","floor":15,"key":"SMITH"}],"neow_cost":"NONE","seed_source_timestamp":41485057131799,"circlet_count":0,"master_deck":["AscendersBane","Strike_G","Strike_G","Strike_G","Strike_G","Defend_G","Defend_G","Defend_G","Defend_G","Defend_G","Survivor","Neutralize+1","Backflip","Deadly Poison+1","Dagger Throw","Leg Sweep","Sucker Punch+1","Infinite Blades","Slice+1","PiercingWail","Dash+1","Backflip+1"],"special_seed":0,"relics":["Ring of the Snake","Golden Idol","Old Coin","Molten Egg 2","Incense Burner","Happy Flower","Bottled Lightning"],"potions_floor_usage":[14,16],"damage_taken":[{"damage":1.0,"enemies":"2 Louse","floor":1.0,"turns":4.0},{"damage":0.0,"enemies":"Jaw Worm","floor":4.0,"turns":6.0},{"damage":0.0,"enemies":"Cultist","floor":5.0,"turns":4.0},{"damage":43.0,"enemies":"Gremlin Nob","floor":6.0,"turns":5.0},{"damage":10.0,"enemies":"Lagavulin","floor":10.0,"turns":8.0},{"damage":0.0,"enemies":"2 Fungi Beasts","floor":11.0,"turns":4.0},{"damage":0.0,"enemies":"Looter","floor":13.0,"turns":3.0},{"damage":3,"enemies":"Gremlin Nob","floor":14,"turns":3},{"damage":27,"enemies":"Slime Boss","floor":16,"turns":10}],"seed_played":"2810893784563682892","potions_obtained":[{"floor":4.0,"key":"SpeedPotion"},{"floor":11.0,"key":"Strength Potion"},{"floor":13.0,"key":"AttackPotion"}],"is_trial":false,"path_per_floor":["M","?","?","M","M","E","$","R","T","E","M","R","M","E","R","B"],"character_chosen":"THE_SILENT","items_purchased":["Molten Egg 2","Sucker Punch+1","Infinite Blades"],"campfire_rested":1,"item_purchase_floors":[7,7,7],"current_hp_per_floor":[58,58,58,58,58,15,15,33,33,23,23,23,23,20,20,0],"gold":123,"neow_bonus":"UPGRADE_CARD","is_prod":false,"is_daily":false,"chose_seed":false,"campfire_upgraded":2,"win_rate":0,"timestamp":1565892876,"path_taken":["M","?","?","M","?","E","$","R","T","E","M","R","M","E","R","BOSS"],"build_version":"2019-07-17","purchased_purges":0,"victory":false,"max_hp_per_floor":[66,60,60,60,60,60,60,60,60,60,60,60,60,60,60,60],"card_choices":[{"not_picked":["Tactician","Blade Dance"],"picked":"Backflip","floor":1.0},{"not_picked":["Bane","Dagger Spray"],"picked":"Deadly Poison","floor":4.0},{"not_picked":["Quick Slash","Terror"],"picked":"Dagger Throw","floor":5.0},{"not_picked":["Blade Dance","Masterful Stab"],"picked":"Leg Sweep","floor":6.0},{"not_picked":["Outmaneuver","Tools of the Trade"],"picked":"Slice+1","floor":10.0},{"not_picked":["Infinite Blades","Cloak And Dagger"],"picked":"PiercingWail","floor":11.0},{"not_picked":["Cloak And Dagger","Accuracy"],"picked":"Dash+1","floor":13.0},{"not_picked":["PiercingWail","Dagger Throw+1"],"picked":"Backflip","floor":14}],"player_experience":1920873,"relics_obtained":[{"floor":6.0,"key":"Old Coin"},{"floor":9.0,"key":"Incense Burner"},{"floor":10.0,"key":"Happy Flower"},{"floor":14,"key":"Bottled Lightning"}],"event_choices":[{"damage_healed":0.0,"max_hp_gain":0.0,"max_hp_loss":6.0,"gold_gain":0.0,"event_name":"Golden Idol","player_choice":"Lose Max HP","floor":2.0,"gold_loss":0.0,"damage_taken":0.0,"relics_obtained":["Golden Idol"]},{"cards_removed":["Strike_G"],"damage_healed":0.0,"max_hp_gain":0.0,"max_hp_loss":0.0,"gold_gain":0.0,"event_name":"The Cleric","player_choice":"Card Removal","floor":3.0,"gold_loss":75.0,"damage_taken":0.0}],"is_beta":false,"boss_relics":[],"items_purged_floors":[],"is_endless":false,"potions_floor_spawned":[4,11,13],"killed_by":"Slime Boss","ascension_level":20}