{"gold_per_floor":[19,94,114,114,133,160,160,191,215,215],"floor_reached":10,"playtime":609,"items_purged":[],"score":152,"play_id":"e3fe6050-bf88-4ad2-89ea-b275d1ea514f","local_time":"20190430132811","is_ascension_mode":true,"campfire_choices":[{"floor":7,"key":"REST"}],"neow_cost":"NO_GOLD","seed_source_timestamp":9161206400171,"circlet_count":0,"master_deck":["AscendersBane","Defend_G","Defend_G","Defend_G","Defend_G","Defend_G","Strike_G","Strike_G","Strike_G","Strike_G","Strike_G","Survivor","Neutralize","Adrenaline","Bouncing Flask","Backflip","Masterful Stab","Dagger Throw","Backflip"],"relics":["Ring of the Snake","Bag of Marbles","Pen Nib","Omamori","Bronze Scales"],"potions_floor_usage":[6,8],"damage_taken":[{"damage":0,"enemies":"Cultist","floor":1,"turns":4},{"damage":1,"enemies":"2 Louse","floor":3,"turns":3},{"damage":2,"enemies":"Jaw Worm","floor":5,"turns":4},{"damage":14,"enemies":"Lagavulin","floor":6,"turns":6},{"damage":8,"enemies":"Gremlin Nob","floor":8,"turns":3},{"damage":28,"enemies":"Lagavulin","floor":10,"turns":8}],"seed_played":"2851999831359345389","potions_obtained":[{"floor":3,"key":"Dexterity Potion"},{"floor":6,"key":"SkillPotion"}],"is_trial":false,"path_per_floor":["M","?","M","?","M","E","R","E","T","E"],"character_chosen":"THE_SILENT","items_purchased":[],"campfire_rested":1,"item_purchase_floors":[],"current_hp_per_floor":[59,48,47,21,19,5,24,16,16,0],"gold":215,"neow_bonus":"THREE_RARE_CARDS","is_prod":false,"is_daily":false,"chose_seed":false,"campfire_upgraded":0,"win_rate":0,"timestamp":1556623691,"path_taken":["M","?","M","?","M","E","R","E","T","E"],"build_version":"2019-01-23","purchased_purges":0,"victory":false,"max_hp_per_floor":[66,66,66,66,66,66,66,66,66,66],"card_choices":[{"not_picked":["Night Terror","Envenom"],"picked":"Adrenaline","floor":0},{"not_picked":["Dodge and Roll","Catalyst"],"picked":"Bouncing Flask","floor":1},{"not_picked":["Tactician","Concentrate"],"picked":"Backflip","floor":3},{"not_picked":["Distraction","Infinite Blades"],"picked":"Masterful Stab","floor":5},{"not_picked":["Concentrate","Dodge and Roll"],"picked":"Dagger Throw","floor":6},{"not_picked":["Eviscerate","Distraction"],"picked":"Backflip","floor":8}],"player_experience":1643711,"relics_obtained":[{"floor":6,"key":"Pen Nib"},{"floor":8,"key":"Omamori"},{"floor":9,"key":"Bronze Scales"}],"event_choices":[{"damage_healed":0,"gold_gain":75,"player_choice":"Gather Gold","damage_taken":11,"max_hp_gain":0,"max_hp_loss":0,"event_name":"World of Goop","floor":2,"gold_loss":0},{"damage_healed":0,"gold_gain":0,"player_choice":"Success","damage_taken":26,"relics_obtained":["Bag of Marbles"],"max_hp_gain":0,"max_hp_loss":0,"event_name":"Scrap Ooze","floor":4,"gold_loss":0}],"is_beta":false,"boss_relics":[],"items_purged_floors":[],"is_endless":false,"potions_floor_spawned":[3,6],"killed_by":"Lagavulin","ascension_level":20}