{"gold_per_floor":[110,110,110,131,56,56,96,121,198,217,255,312,325,346,346,441,441,416,416],"floor_reached":19,"playtime":1894,"items_purged":["Strike_R"],"score":358,"play_id":"dfdb0c4e-0ac3-4520-9290-879d9dd05252","local_time":"20190403190723","is_ascension_mode":true,"campfire_choices":[{"data":"Rage","floor":6.0,"key":"SMITH"},{"data":"Anger","floor":15,"key":"SMITH"}],"neow_cost":"PERCENT_DAMAGE","seed_source_timestamp":32204108688162,"circlet_count":0,"master_deck":["AscendersBane","Strike_R","Strike_R","Strike_R","Strike_R","Defend_R","Defend_R","Defend_R","Defend_R","Bash+1","Rampage","Rage+1","Sword Boomerang","Cleave","Anger+1","Double Tap","True Grit"],"special_seed":0,"relics":["Burning Blood","StoneCalendar","Golden Idol","Lantern","Meat on the Bone","Pen Nib","Tiny Chest","Runic Pyramid"],"potions_floor_usage":[11,16,19],"damage_taken":[{"damage":10.0,"enemies":"Small Slimes","floor":1.0,"turns":4.0},{"damage":7.0,"enemies":"Cultist","floor":4.0,"turns":4.0},{"damage":8.0,"enemies":"Gremlin Nob","floor":7.0,"turns":3.0},{"damage":2.0,"enemies":"Jaw Worm","floor":8.0,"turns":3.0},{"damage":1,"enemies":"Large Slime","floor":10,"turns":5},{"damage":20,"enemies":"3 Sentries","floor":11,"turns":7},{"damage":0,"enemies":"Looter","floor":13,"turns":2},{"damage":7,"enemies":"Exordium Thugs","floor":14,"turns":5},{"damage":50,"enemies":"Slime Boss","floor":16,"turns":7},{"damage":9,"enemies":"2 Thieves","floor":18,"turns":4},{"damage":33,"enemies":"Colosseum Slavers","floor":19,"turns":4},{"damage":55,"enemies":"Colosseum Nobs","floor":19,"turns":3}],"seed_played":"7087955283437621126","potions_obtained":[{"floor":1.0,"key":"Swift Potion"},{"floor":4.0,"key":"SteroidPotion"},{"floor":10,"key":"Explosive Potion"},{"floor":14,"key":"Energy Potion"},{"floor":16,"key":"Energy Potion"}],"is_trial":false,"path_per_floor":["M","?","?","M","$","R","E","M","T","M","E","T","M","M","R","B",null,"M","?"],"character_chosen":"IRONCLAD","items_purchased":[],"campfire_rested":0,"item_purchase_floors":[],"current_hp_per_floor":[46,46,46,45,45,45,43,47,47,52,50,50,56,55,55,23,57,54,0],"gold":416,"neow_bonus":"ONE_RARE_RELIC","is_prod":false,"is_daily":false,"chose_seed":false,"campfire_upgraded":2,"win_rate":0,"timestamp":1554311243,"path_taken":["M","?","?","M","$","R","E","?","T","M","E","?","M","M","R","BOSS","M","?"],"build_version":"2019-01-23","purchased_purges":1,"victory":false,"max_hp_per_floor":[75,68,68,68,68,68,68,68,68,68,68,68,68,68,68,68,68,68,68],"card_choices":[{"not_picked":["Clash","Warcry"],"picked":"Rampage","floor":1.0},{"not_picked":["Entrench","Havoc"],"picked":"Rage","floor":4.0},{"not_picked":["Sentinel","Reckless Charge","Burning Pact"],"picked":"SKIP","floor":7.0},{"not_picked":["Power Through","Heavy Blade"],"picked":"Sword Boomerang","floor":8.0},{"not_picked":["Combust","Feel No Pain"],"picked":"Cleave","floor":10},{"not_picked":["Barricade","Flame Barrier"],"picked":"Anger","floor":11},{"not_picked":["True Grit","Havoc","Twin Strike"],"picked":"SKIP","floor":13},{"not_picked":["Seeing Red","Rampage","Sever Soul"],"picked":"SKIP","floor":14},{"not_picked":["Berserk","Dark Embrace"],"picked":"Double Tap","floor":16},{"not_picked":["Twin Strike+1","Iron Wave"],"picked":"True Grit","floor":18}],"player_experience":1535864,"relics_obtained":[{"floor":7.0,"key":"Lantern"},{"floor":9.0,"key":"Meat on the Bone"},{"floor":11,"key":"Pen Nib"},{"floor":12,"key":"Tiny Chest"}],"event_choices":[{"damage_healed":0.0,"max_hp_gain":0.0,"max_hp_loss":7.0,"gold_gain":0.0,"event_name":"Golden Idol","player_choice":"Lose Max HP","floor":2.0,"gold_loss":0.0,"damage_taken":0.0,"relics_obtained":["Golden Idol"]},{"damage_healed":0.0,"max_hp_gain":0.0,"max_hp_loss":0.0,"gold_gain":0.0,"event_name":"Upgrade Shrine","player_choice":"Upgraded","floor":3.0,"gold_loss":0.0,"damage_taken":0.0,"cards_upgraded":["Bash"]},{"damage_healed":0,"gold_gain":0,"player_choice":"Fight","damage_taken":0,"max_hp_gain":0,"max_hp_loss":0,"event_name":"Colosseum","floor":19,"gold_loss":0},{"damage_healed":0,"gold_gain":0,"player_choice":"Fought Nobs","damage_taken":0,"max_hp_gain":0,"max_hp_loss":0,"event_name":"Colosseum","floor":19,"gold_loss":0}],"is_beta":false,"boss_relics":[{"not_picked":["Velvet Choker","Lizard Tail"],"picked":"Runic Pyramid"}],"items_purged_floors":[5],"is_endless":false,"potions_floor_spawned":[1,4,10,14,16,18],"killed_by":"Colosseum Nobs","ascension_level":20}