{"gold_per_floor":[109,121,121,121,146,146,187,187,187,200,224,264,264,284,284,405,405,428,441,441,351,367,367,402,402],"floor_reached":25,"playtime":1162,"items_purged":[],"score":373,"play_id":"ad47b22b-e27f-495f-896f-1abc4f4e8470","local_time":"20180910220343","is_ascension_mode":true,"campfire_choices":[{"data":"Loop","floor":6,"key":"SMITH"},{"floor":8,"key":"REST"},{"data":"Zap","floor":13,"key":"SMITH"},{"floor":15,"key":"REST"},{"floor":23,"key":"REST"}],"neow_cost":"PERCENT_DAMAGE","seed_source_timestamp":44864059161632,"circlet_count":0,"master_deck":["Strike_B","Strike_B","Strike_B","Defend_B","Defend_B","Defend_B","Defend_B","Zap+1","Dualcast","AscendersBane","Loop+1","BootSequence","Stack","Tempest","Streamline","Leap","Turbo+1","Chill","Electrodynamics","Conserve Battery","Defragment","Beam Cell","All For One"],"relics":["Cracked Core","Golden Idol","Pocketwatch","Oddly Smooth Stone","Nunchaku","Juzu Bracelet","Fusion Hammer","DataDisk"],"potions_floor_usage":[12,16,24,25],"damage_taken":[{"damage":0,"enemies":"2 Louse","floor":1,"turns":2},{"damage":2,"enemies":"Jaw Worm","floor":2,"turns":3},{"damage":1,"enemies":"Cultist","floor":5,"turns":4},{"damage":15,"enemies":"Lagavulin","floor":7,"turns":7},{"damage":7,"enemies":"3 Louse","floor":10,"turns":4},{"damage":11,"enemies":"Large Slime","floor":11,"turns":5},{"damage":8,"enemies":"Gremlin Nob","floor":12,"turns":3},{"damage":7,"enemies":"Exordium Wildlife","floor":14,"turns":4},{"damage":11,"enemies":"The Guardian","floor":16,"turns":10},{"damage":21,"enemies":"Shell Parasite","floor":18,"turns":4},{"damage":15,"enemies":"3 Byrds","floor":19,"turns":4},{"damage":16,"enemies":"Colosseum Slavers","floor":20,"turns":3},{"damage":6,"enemies":"Centurion and Healer","floor":22,"turns":7},{"damage":32,"enemies":"Slavers","floor":24,"turns":4},{"damage":4,"enemies":"Snake Plant","floor":25,"turns":2}],"seed_played":"4425954526078458439","potions_obtained":[{"floor":1,"key":"Fire Potion"},{"floor":10,"key":"SpeedPotion"},{"floor":12,"key":"Weak Potion"},{"floor":14,"key":"PowerPotion"},{"floor":22,"key":"FearPotion"},{"floor":24,"key":"Poison Potion"}],"is_trial":false,"path_per_floor":["M","M","?","?","M","R","E","R","T","M","M","E","R","M","R","B",null,"M","M","?","?","M","R","E"],"character_chosen":"DEFECT","items_purchased":[],"campfire_rested":3,"item_purchase_floors":[],"current_hp_per_floor":[58,56,56,38,37,37,22,46,46,39,28,20,20,13,37,26,68,47,32,16,16,10,34,2,0],"gold":402,"neow_bonus":"TWENTY_PERCENT_HP_BONUS","is_prod":false,"is_daily":false,"chose_seed":false,"campfire_upgraded":2,"win_rate":0,"timestamp":1536609823,"path_taken":["M","M","?","?","M","R","E","R","T","M","?","E","R","M","R","BOSS","M","M","?","?","M","R","E","M"],"build_version":"2018-09-06","purchased_purges":0,"victory":false,"max_hp_per_floor":[89,89,82,82,82,82,82,82,82,82,82,82,82,82,82,82,82,82,82,82,82,82,82,82,82],"card_choices":[{"not_picked":["Sweeping Beam","Turbo"],"picked":"Loop","floor":1},{"not_picked":["Gash","Hologram"],"picked":"BootSequence","floor":2},{"not_picked":["Steam","Barrage"],"picked":"Stack","floor":5},{"not_picked":["Fission","Hologram"],"picked":"Tempest","floor":7},{"not_picked":["Rebound","Skim"],"picked":"Streamline","floor":10},{"not_picked":["Defragment","Ball Lightning"],"picked":"Leap","floor":11},{"not_picked":["Steam Power","Coolheaded"],"picked":"Turbo","floor":12},{"not_picked":["Barrage","Consume"],"picked":"Chill","floor":14},{"not_picked":["Rainbow","Biased Cognition"],"picked":"Electrodynamics","floor":16},{"not_picked":["Coolheaded","Rebound"],"picked":"Conserve Battery","floor":18},{"not_picked":["Streamline","Go for the Eyes"],"picked":"Defragment","floor":19},{"not_picked":["Streamline","Cold Snap"],"picked":"Beam Cell","floor":22},{"not_picked":["Steam","Streamline+1"],"picked":"All For One","floor":24}],"player_experience":413855,"relics_obtained":[{"floor":7,"key":"Oddly Smooth Stone"},{"floor":9,"key":"Nunchaku"},{"floor":12,"key":"Juzu Bracelet"},{"floor":24,"key":"DataDisk"}],"event_choices":[{"event_name":"Golden Idol","player_choice":"Lose Max HP","floor":3,"damage_taken":0},{"event_name":"Scrap Ooze","player_choice":"success","floor":4,"damage_taken":18},{"event_name":"Colosseum","player_choice":"Fight","floor":20,"damage_taken":0},{"event_name":"Colosseum","player_choice":"Fled From Nobs","floor":20,"damage_taken":0},{"event_name":"Designer","player_choice":"Full Service","floor":21,"damage_taken":0}],"is_beta":true,"boss_relics":[{"not_picked":["FrozenCore","Snecko Eye"],"picked":"Fusion Hammer"}],"items_purged_floors":[],"is_endless":false,"potions_floor_spawned":[1,10,11,12,14,22,24],"killed_by":"Snake Plant","ascension_level":12}