{"gold_per_floor":[116,116,130,130,143,143,47,66,89,107,69,69,69,107,107,230,230,248,248,273,287,56,56,100,100,148,182,182,203,203,223,223,346,346,370,385,385,510,510,554,554,554],"floor_reached":42,"playtime":4149,"items_purged":["Strike_G"],"score":580,"play_id":"7a08a33d-75f5-487b-bd31-22cb446ab216","local_time":"20190604111649","is_ascension_mode":true,"campfire_choices":[{"floor":6,"key":"REST"},{"floor":12,"key":"REST"},{"data":"Footwork","floor":15,"key":"SMITH"},{"data":"Noxious Fumes","floor":23,"key":"SMITH"},{"floor":25,"key":"REST"},{"data":"Footwork","floor":28,"key":"SMITH"},{"floor":32,"key":"REST"},{"floor":41,"key":"REST"}],"neow_cost":"PERCENT_DAMAGE","seed_source_timestamp":1147731156659572,"circlet_count":0,"master_deck":["Defend_G","Defend_G","Defend_G","Defend_G","Defend_G","Survivor","Neutralize","Leg Sweep","Caltrops","Dagger Throw","Acrobatics","Noxious Fumes+1","Footwork+1","Well Laid Plans","Caltrops","Envenom","Heel Hook","Riddle With Holes","Noxious Fumes+1","Escape Plan","Blur","Footwork+1","Blur","Backflip","Corpse Explosion","Escape Plan+1","Madness","Backflip+1","Caltrops+1"],"relics":["Ring of the Snake","Golden Idol","Bag of Marbles","Regal Pillow","Centennial Puzzle","Velvet Choker","Du-Vu Doll","Oddly Smooth Stone","Omamori","Empty Cage","Turnip","Lantern"],"potions_floor_usage":[16,27,42,42],"damage_taken":[{"damage":16,"enemies":"Jaw Worm","floor":1,"turns":9},{"damage":0,"enemies":"Small Slimes","floor":3,"turns":7},{"damage":0,"enemies":"Cultist","floor":5,"turns":5},{"damage":4,"enemies":"Exordium Thugs","floor":8,"turns":6},{"damage":3,"enemies":"Blue Slaver","floor":10,"turns":5},{"damage":13,"enemies":"3 Sentries","floor":14,"turns":9},{"damage":2,"enemies":"The Guardian","floor":16,"turns":12},{"damage":3,"enemies":"Spheric Guardian","floor":18,"turns":7},{"damage":4,"enemies":"Shell Parasite","floor":20,"turns":6},{"damage":6,"enemies":"Shelled Parasite and Fungi","floor":21,"turns":6},{"damage":30,"enemies":"Book of Stabbing","floor":24,"turns":6},{"damage":19,"enemies":"Slavers","floor":27,"turns":6},{"damage":0,"enemies":"Cultist and Chosen","floor":29,"turns":7},{"damage":6,"enemies":"Chosen and Byrds","floor":31,"turns":7},{"damage":12,"enemies":"Collector","floor":33,"turns":9},{"damage":0,"enemies":"Orb Walker","floor":35,"turns":7},{"damage":25,"enemies":"3 Darklings","floor":36,"turns":5},{"damage":0,"enemies":"Mind Bloom Boss Battle","floor":38,"turns":8},{"damage":2,"enemies":"Nemesis","floor":40,"turns":11},{"damage":74,"enemies":"Reptomancer","floor":42,"turns":3}],"seed_played":"1382689333307065740","potions_obtained":[{"floor":1,"key":"Energy Potion"},{"floor":3,"key":"Energy Potion"},{"floor":5,"key":"GhostInAJar"},{"floor":14,"key":"Weak Potion"},{"floor":20,"key":"Explosive Potion"},{"floor":27,"key":"Ancient Potion"}],"is_trial":false,"path_per_floor":["M","?","M","?","M","R","$","M","T","M","$","R","?","E","R","B",null,"M","?","M","M","$","R","E","R","T","E","R","M","?","M","R","B",null,"M","M","?","?","?","E","R","E"],"character_chosen":"THE_SILENT","items_purchased":["Acrobatics","Noxious Fumes","Well Laid Plans","Noxious Fumes","Escape Plan","Deadly Poison"],"campfire_rested":5,"item_purchase_floors":[7,7,11,22,22,22],"current_hp_per_floor":[33,16,16,16,16,37,37,33,33,30,30,66,66,53,53,51,65,62,62,58,52,52,52,22,58,58,39,39,39,39,33,69,57,67,67,42,33,33,33,31,67,0],"gold":554,"neow_bonus":"REMOVE_TWO","is_prod":false,"is_daily":false,"chose_seed":false,"campfire_upgraded":3,"win_rate":0,"timestamp":1559672209,"path_taken":["M","?","M","?","M","R","$","?","T","M","?","R","?","E","R","BOSS","M","?","M","M","$","R","E","R","T","E","R","?","?","M","R","BOSS","M","M","?","?","?","E","R","E"],"build_version":"2019-01-23","purchased_purges":1,"victory":false,"max_hp_per_floor":[70,70,70,70,70,70,70,70,70,70,70,70,70,70,70,70,70,70,70,70,70,70,70,70,70,70,70,70,70,70,70,70,70,70,70,70,70,70,70,70,70,70],"card_choices":[{"not_picked":["Prepared","Bane"],"picked":"Leg Sweep","floor":1},{"not_picked":["Riddle With Holes","Leg Sweep"],"picked":"Caltrops","floor":3},{"not_picked":["PiercingWail","Setup"],"picked":"Dagger Throw","floor":5},{"not_picked":["Crippling Poison","Expertise"],"picked":"Footwork","floor":8},{"not_picked":["Acrobatics","Leg Sweep","Dagger Throw"],"picked":"SKIP","floor":10},{"not_picked":["Underhanded Strike","Backflip"],"picked":"Caltrops","floor":14},{"not_picked":["Wraith Form v2","Burst"],"picked":"Envenom","floor":16},{"not_picked":["Choke","Distraction+1"],"picked":"Heel Hook","floor":18},{"not_picked":["PiercingWail","Acrobatics"],"picked":"Riddle With Holes","floor":20},{"not_picked":["Outmaneuver","PiercingWail+1","Accuracy"],"picked":"SKIP","floor":21},{"not_picked":["Prepared","Dagger Spray"],"picked":"Blur","floor":24},{"not_picked":["Deflect","Underhanded Strike"],"picked":"Footwork","floor":27},{"not_picked":["Dagger Throw","Terror"],"picked":"Skewer","floor":29},{"not_picked":["Poisoned Stab","Expertise"],"picked":"Backflip","floor":31},{"not_picked":["Bullet Time","Wraith Form v2"],"picked":"Corpse Explosion","floor":33},{"not_picked":["Dodge and Roll","Dagger Spray+1","Terror+1"],"picked":"SKIP","floor":35},{"not_picked":["Quick Slash+1","Poisoned Stab"],"picked":"Escape Plan+1","floor":36},{"not_picked":["Underhanded Strike+1","Masterful Stab+1"],"picked":"Backflip+1","floor":38},{"not_picked":["Cloak And Dagger+1","Backflip"],"picked":"Caltrops+1","floor":40}],"player_experience":626059,"relics_obtained":[{"floor":9,"key":"Regal Pillow"},{"floor":14,"key":"Centennial Puzzle"},{"floor":24,"key":"Du-Vu Doll"},{"floor":26,"key":"Oddly Smooth Stone"},{"floor":27,"key":"Omamori"},{"floor":38,"key":"Turnip"},{"floor":40,"key":"Lantern"}],"event_choices":[{"damage_healed":0,"gold_gain":0,"player_choice":"Take Damage","damage_taken":17,"relics_obtained":["Golden Idol"],"max_hp_gain":0,"max_hp_loss":0,"event_name":"Golden Idol","floor":2,"gold_loss":0},{"damage_healed":0,"gold_gain":0,"player_choice":"Gave Potion","damage_taken":0,"relics_obtained":["Bag of Marbles"],"max_hp_gain":0,"max_hp_loss":0,"event_name":"WeMeetAgain","floor":4,"gold_loss":0},{"cards_removed":["Strike_G"],"damage_healed":0,"gold_gain":0,"player_choice":"Forget","damage_taken":0,"max_hp_gain":0,"max_hp_loss":0,"event_name":"Living Wall","floor":13,"gold_loss":0},{"damage_healed":0,"gold_gain":0,"player_choice":"Upgraded","damage_taken":0,"max_hp_gain":0,"max_hp_loss":0,"event_name":"Upgrade Shrine","floor":19,"gold_loss":0,"cards_upgraded":["Noxious Fumes"]},{"damage_healed":0,"gold_gain":0,"cards_transformed":["Strike_G"],"player_choice":"Transformed","damage_taken":0,"max_hp_gain":0,"max_hp_loss":0,"event_name":"Transmorgrifier","floor":30,"gold_loss":0,"cards_obtained":["Blur"]},{"damage_healed":0,"gold_gain":0,"player_choice":"Embrace Madness","damage_taken":9,"max_hp_gain":0,"max_hp_loss":0,"event_name":"Winding Halls","floor":37,"gold_loss":0,"cards_obtained":["Madness","Madness"]},{"damage_healed":0,"gold_gain":0,"player_choice":"Fight","damage_taken":0,"max_hp_gain":0,"max_hp_loss":0,"event_name":"MindBloom","floor":38,"gold_loss":0},{"cards_removed":["Madness"],"damage_healed":0,"gold_gain":0,"player_choice":"Removed Skill","damage_taken":0,"max_hp_gain":0,"max_hp_loss":0,"event_name":"Falling","floor":39,"gold_loss":0}],"is_beta":false,"boss_relics":[{"not_picked":["Cursed Key","Astrolabe"],"picked":"Velvet Choker"},{"not_picked":["WristBlade","Tiny House"],"picked":"Empty Cage"}],"items_purged_floors":[22],"is_endless":false,"potions_floor_spawned":[1,3,5,14,20,27,29,36],"killed_by":"Reptomancer","ascension_level":5}