{"gold_per_floor":[109,129,148,158,108,136,136,156,156,182,196,196,1,12,12,110,110,123,141,32,32,32,32,50,69,94,106,31,50,50,63,63,158,158,168,185,185,201,49,49,49,123,147,147,8,26,26,26],"floor_reached":48,"playtime":1852,"items_purged":["Coolheaded","Cold Snap"],"score":446,"play_id":"2eac3739-b770-499d-9225-4076acbca567","local_time":"20190925185322","is_ascension_mode":false,"campfire_choices":[{"data":"Cold Snap","floor":7.0,"key":"SMITH"},{"floor":12.0,"key":"REST"},{"floor":15.0,"key":"REST"},{"data":"Zap","floor":23.0,"key":"SMITH"},{"floor":30.0,"key":"REST"},{"floor":32.0,"key":"REST"},{"floor":40.0,"key":"REST"},{"floor":47,"key":"REST"}],"neow_cost":"NONE","seed_source_timestamp":308413900037600,"circlet_count":0,"master_deck":["Zap+1","Dualcast","Cold Snap+1","Beam Cell","Consume","Static Discharge","Chill","Chaos","Biased Cognition+1","Go for the Eyes","Storm+1","Rainbow","Creative AI+1","Scrape","Compile Driver","Loop+1","Heatsinks+1","Static Discharge+1","Lockon","Seek","Reprogram","Go for the Eyes","White Noise","Go for the Eyes","Creative AI+1","Darkness+1","Redo+1","Steam+1","Storm+1","Static Discharge+1","Parasite","Conserve Battery+1"],"special_seed":0,"relics":["Cracked Core","NeowsBlessing","Shovel","Letter Opener","Frozen Egg 2","Membership Card","Pandora\u0027s Box","MutagenicStrength","Bronze Scales","Nuclear Battery","Sundial","DollysMirror","Toxic Egg 2","Pantograph"],"potions_floor_usage":[],"damage_taken":[{"damage":0.0,"enemies":"Cultist","floor":1.0,"turns":1.0},{"damage":0.0,"enemies":"2 Louse","floor":2.0,"turns":1.0},{"damage":0.0,"enemies":"Jaw Worm","floor":3.0,"turns":1.0},{"damage":3.0,"enemies":"2 Fungi Beasts","floor":4.0,"turns":4.0},{"damage":12.0,"enemies":"Lagavulin","floor":6.0,"turns":7.0},{"damage":4.0,"enemies":"Exordium Wildlife","floor":8.0,"turns":3.0},{"damage":21.0,"enemies":"Gremlin Nob","floor":10.0,"turns":4.0},{"damage":9.0,"enemies":"Lots of Slimes","floor":11.0,"turns":2.0},{"damage":12.0,"enemies":"Red Slaver","floor":14.0,"turns":3.0},{"damage":44.0,"enemies":"Hexaghost","floor":16.0,"turns":13.0},{"damage":11.0,"enemies":"Chosen","floor":18.0,"turns":4.0},{"damage":17.0,"enemies":"3 Byrds","floor":19.0,"turns":3.0},{"damage":10.0,"enemies":"Cultist and Chosen","floor":24.0,"turns":3.0},{"damage":25.0,"enemies":"Shelled Parasite and Fungi","floor":25.0,"turns":3.0},{"damage":11.0,"enemies":"3 Cultists","floor":27.0,"turns":4.0},{"damage":10.0,"enemies":"Sentry and Sphere","floor":29.0,"turns":3.0},{"damage":21.0,"enemies":"Snake Plant","floor":31.0,"turns":3.0},{"damage":23.0,"enemies":"Champ","floor":33.0,"turns":7.0},{"damage":35.0,"enemies":"3 Darklings","floor":35.0,"turns":3.0},{"damage":8.0,"enemies":"3 Shapes","floor":36.0,"turns":3.0},{"damage":10.0,"enemies":"Jaw Worm Horde","floor":38.0,"turns":2.0},{"damage":15,"enemies":"Writhing Mass","floor":46,"turns":3},{"damage":62,"enemies":"Giant Head","floor":48,"turns":6}],"seed_played":"-3187053393025135651","potions_obtained":[{"floor":2.0,"key":"Explosive Potion"},{"floor":6.0,"key":"FairyPotion"},{"floor":8.0,"key":"SteroidPotion"},{"floor":18.0,"key":"Energy Potion"},{"floor":27.0,"key":"Dexterity Potion"},{"floor":29.0,"key":"Ancient Potion"},{"floor":38.0,"key":"SteroidPotion"},{"floor":46,"key":"Fire Potion"}],"is_trial":false,"path_per_floor":["M","M","M","M","?","E","R","M","T","E","M","R","$","M","R","B",null,"M","M","$","?","?","R","M","M","T","M","?","M","R","M","R","B",null,"M","M","?","M","$","R","$","T","T","?","$","M","R","E"],"character_chosen":"DEFECT","items_purchased":["Membership Card","Static Discharge+1","Lockon","DollysMirror","Pantograph","Static Discharge+1"],"campfire_rested":6,"item_purchase_floors":[13,20,20,39,45,45],"current_hp_per_floor":[75,75,75,72,72,60,60,56,56,35,26,48,48,36,58,14,75,64,47,47,47,47,47,37,12,12,1,1,7,29,8,30,7,75,40,32,32,22,22,44,44,44,44,44,44,29,51,0],"gold":26,"neow_bonus":"THREE_ENEMY_KILL","is_prod":false,"is_daily":false,"chose_seed":false,"campfire_upgraded":2,"win_rate":0,"timestamp":1569408802,"path_taken":["M","M","?","M","?","E","R","M","T","E","M","R","$","M","R","BOSS","M","M","$","?","?","R","M","M","T","M","?","M","R","M","R","BOSS","M","M","?","?","$","R","?","?","T","?","$","M","R","E"],"build_version":"2019-07-17","purchased_purges":2,"victory":false,"max_hp_per_floor":[75,75,75,75,75,75,75,75,75,75,75,75,75,75,75,75,75,75,75,75,75,75,75,75,75,75,75,75,75,75,75,75,75,75,75,75,75,75,75,75,75,75,75,75,75,75,75,75],"card_choices":[{"not_picked":["Coolheaded","Lockon"],"picked":"Cold Snap","floor":1.0},{"not_picked":["Streamline","Redo"],"picked":"Coolheaded","floor":2.0},{"not_picked":["Coolheaded","Melter"],"picked":"Cold Snap","floor":3.0},{"not_picked":["Scrape","Lockon"],"picked":"Beam Cell","floor":4.0},{"not_picked":["Rebound","Force Field"],"picked":"Consume","floor":6.0},{"not_picked":["Melter","Barrage"],"picked":"Static Discharge","floor":8.0},{"not_picked":["Turbo","Fission"],"picked":"Chill","floor":10.0},{"not_picked":["Skim","Tempest"],"picked":"Chaos","floor":11.0},{"not_picked":["Steam","Redo"],"picked":"Conserve Battery","floor":14.0},{"not_picked":["All For One","Fission"],"picked":"Biased Cognition+1","floor":16.0},{"not_picked":["Auto Shields","Hologram"],"picked":"Loop+1","floor":18.0},{"not_picked":["Fusion","Glacier+1"],"picked":"Heatsinks+1","floor":19.0},{"not_picked":["Rebound","Go for the Eyes"],"picked":"Seek","floor":24.0},{"not_picked":["Streamline","Aggregate"],"picked":"Reprogram","floor":25.0},{"not_picked":["Steam","Gash"],"picked":"Go for the Eyes","floor":27.0},{"not_picked":["Blizzard","Genetic Algorithm"],"picked":"White Noise","floor":29.0},{"not_picked":["Cold Snap","Rebound"],"picked":"Go for the Eyes","floor":31.0},{"not_picked":["Buffer+1","Echo Form+1"],"picked":"Creative AI+1","floor":33.0},{"not_picked":["Gash+1","Beam Cell"],"picked":"Darkness+1","floor":35.0},{"not_picked":["Ball Lightning+1","Gash"],"picked":"Redo+1","floor":36.0},{"not_picked":["Redo","Hologram"],"picked":"Steam+1","floor":38.0},{"not_picked":["Chill+1","Multi-Cast+1"],"picked":"Conserve Battery+1","floor":46}],"player_experience":224019,"relics_obtained":[{"floor":6.0,"key":"Shovel"},{"floor":9.0,"key":"Letter Opener"},{"floor":10.0,"key":"Frozen Egg 2"},{"floor":26.0,"key":"Bronze Scales"},{"floor":42.0,"key":"Toxic Egg 2"}],"event_choices":[{"cards_removed":["Strike_B"],"damage_healed":0.0,"max_hp_gain":0.0,"max_hp_loss":0.0,"gold_gain":0.0,"event_name":"The Cleric","player_choice":"Card Removal","floor":5.0,"gold_loss":50.0,"damage_taken":0.0},{"damage_healed":0.0,"max_hp_gain":0.0,"max_hp_loss":0.0,"gold_gain":0.0,"event_name":"Drug Dealer","player_choice":"Inject Mutagens","floor":21.0,"gold_loss":0.0,"damage_taken":0.0,"relics_obtained":["MutagenicStrength"]},{"damage_healed":0.0,"max_hp_gain":0.0,"max_hp_loss":0.0,"gold_gain":0.0,"event_name":"Cursed Tome","player_choice":"Ignored","floor":22.0,"gold_loss":0.0,"damage_taken":0.0},{"cards_removed":["Tempest"],"damage_healed":0.0,"max_hp_gain":0.0,"max_hp_loss":0.0,"gold_gain":0.0,"event_name":"Beggar","player_choice":"Gave Gold","floor":28.0,"gold_loss":75.0,"damage_taken":0.0},{"cards_removed":["Conserve Battery"],"damage_healed":0.0,"max_hp_gain":0.0,"max_hp_loss":0.0,"gold_gain":0.0,"event_name":"WeMeetAgain","player_choice":"Gave Card","floor":37.0,"gold_loss":0.0,"damage_taken":0.0,"relics_obtained":["Sundial"]},{"damage_healed":0,"gold_gain":0,"player_choice":"Ignored","damage_taken":0,"max_hp_gain":0,"max_hp_loss":0,"event_name":"Mysterious Sphere","floor":44,"gold_loss":0}],"is_beta":false,"boss_relics":[{"not_picked":["Cursed Key","Astrolabe"],"picked":"Pandora\u0027s Box"},{"not_picked":["Runic Dome","FrozenCore"],"picked":"Nuclear Battery"}],"items_purged_floors":[20,39],"is_endless":false,"potions_floor_spawned":[2,6,8,18,27,29,38,46],"killed_by":"Giant Head","ascension_level":0}