{"gold_per_floor":[113,128,147,162,162,194,194,229,329,82,82],"floor_reached":11,"playtime":578,"items_purged":["Strike_R"],"score":162,"play_id":"6c99bbe4-dd0d-4553-b2f6-ac8bf929a96f","local_time":"20190313222004","is_ascension_mode":true,"campfire_choices":[],"neow_cost":"NONE","seed_source_timestamp":45808289622604,"circlet_count":0,"master_deck":["AscendersBane","Strike_R","Strike_R","Strike_R","Strike_R","Defend_R","Defend_R","Defend_R","Defend_R","Bash","Clothesline","Shockwave","infinitespire:Execution","Uppercut","hubris:StunningStrike","Headbutt"],"special_seed":0,"relics":["Burning Blood","hubris:CrystalStatue","hubris:ChampionShield","hubris:BottledRain","Mummified Hand","Oddly Smooth Stone","infinitespire:BottledMercury","Bag of Marbles","Vajra"],"potions_floor_usage":[8,8,8],"damage_taken":[{"damage":2.0,"enemies":"Cultist","floor":1.0,"turns":4.0},{"damage":10.0,"enemies":"Small Slimes","floor":3.0,"turns":4.0},{"damage":0.0,"enemies":"Jaw Worm","floor":4.0,"turns":3.0},{"damage":29.0,"enemies":"Gremlin Nob","floor":6.0,"turns":4.0},{"damage":48,"enemies":"3 Sentries","floor":8,"turns":13},{"damage":18,"enemies":"Lagavulin","floor":11,"turns":6}],"seed_played":"1089631809341319446","potions_obtained":[{"floor":0.0,"key":"EntropicBrew"},{"floor":0.0,"key":"Dexterity Potion"}],"is_trial":false,"path_per_floor":["M","$","M","M","?","E","?","E","T","$","E"],"character_chosen":"IRONCLAD","items_purchased":["Shockwave","Vajra"],"campfire_rested":0,"item_purchase_floors":[2,10],"current_hp_per_floor":[72,72,68,74,74,51,51,9,9,9,0],"gold":82,"neow_bonus":"THREE_SMALL_POTIONS","is_prod":false,"is_daily":false,"chose_seed":false,"campfire_upgraded":0,"win_rate":0,"timestamp":1552512004,"path_taken":["M","$","M","M","?","E","?","E","T","?","E"],"build_version":"2019-01-23","purchased_purges":1,"victory":false,"max_hp_per_floor":[75,75,75,75,75,75,75,75,75,75,75],"card_choices":[{"not_picked":["Iron Wave","Sword Boomerang"],"picked":"Clothesline","floor":1.0},{"not_picked":["infinitespire:Menacing","infinitespire:NeuralNetwork"],"picked":"infinitespire:Execution","floor":2.0},{"not_picked":["Havoc","Second Wind","Clash"],"picked":"SKIP","floor":3.0},{"not_picked":["Whirlwind","Thunderclap"],"picked":"Uppercut","floor":4.0},{"not_picked":["Headbutt","Combust"],"picked":"hubris:StunningStrike","floor":6.0},{"not_picked":["Combust","Havoc"],"picked":"Headbutt","floor":8}],"player_experience":1410078,"relics_obtained":[{"floor":6.0,"key":"hubris:BottledRain"},{"floor":8,"key":"infinitespire:BottledMercury"},{"floor":9,"key":"Bag of Marbles"}],"event_choices":[{"damage_healed":0.0,"max_hp_gain":0.0,"max_hp_loss":0.0,"gold_gain":0.0,"event_name":"Liars Game","player_choice":"Ignored","floor":5.0,"gold_loss":0.0,"damage_taken":0.0},{"damage_healed":0,"gold_gain":0,"player_choice":"Searched \u00271\u0027 times","damage_taken":0,"relics_obtained":["Mummified Hand"],"max_hp_gain":0,"max_hp_loss":0,"event_name":"Dead Adventurer","floor":7,"gold_loss":0}],"is_beta":false,"boss_relics":[],"items_purged_floors":[10],"is_endless":true,"potions_floor_spawned":[4],"killed_by":"Lagavulin","ascension_level":20}