{"gold_per_floor":[414,156,331,347,347,347,380,380,406,406,417,435,228,239,239,344,344,359,132,57,57,74,74,106,106,159,159,171,198,215,229,229,229],"floor_reached":33,"playtime":1068,"items_purged":["Doubt"],"score":428,"play_id":"f5f17167-3325-46d8-a2fa-b62b1985fc24","local_time":"20180912102314","is_ascension_mode":true,"campfire_choices":[{"data":"Seeing Red","floor":6,"key":"SMITH"},{"floor":8,"key":"REST"},{"data":"Infernal Blade","floor":10,"key":"SMITH"},{"data":"Flex","floor":15,"key":"SMITH"},{"floor":23,"key":"REST"},{"data":"Reaper","floor":25,"key":"SMITH"},{"floor":27,"key":"REST"},{"floor":32,"key":"REST"}],"neow_cost":"TEN_PERCENT_HP_LOSS","seed_source_timestamp":6945657272918,"circlet_count":0,"master_deck":["Strike_R","Strike_R","Strike_R","Strike_R","Defend_R+1","Defend_R+1","Defend_R","Defend_R","Bash","AscendersBane","Rampage","Seeing Red+1","Infernal Blade+1","Flex+1","Demon Form+1","Reaper+1","Uppercut","Impervious","Shockwave+1","Pommel Strike+1","Twin Strike+1","Cleave","Clothesline+1","Flex","Dual Wield+1"],"relics":["Burning Blood","Old Coin","Frozen Egg 2","Vajra","Omamori","Runic Dome","PreservedInsect","War Paint","Ancient Tea Set","Blue Candle"],"potions_floor_usage":[16,18,33,33],"damage_taken":[{"damage":11,"enemies":"Cultist","floor":1,"turns":4},{"damage":14,"enemies":"2 Louse","floor":4,"turns":2},{"damage":62,"enemies":"Lagavulin","floor":7,"turns":9},{"damage":12,"enemies":"Small Slimes","floor":11,"turns":3},{"damage":1,"enemies":"2 Fungi Beasts","floor":12,"turns":2},{"damage":11,"enemies":"Looter","floor":14,"turns":2},{"damage":26,"enemies":"Hexaghost","floor":16,"turns":6},{"damage":42,"enemies":"3 Byrds","floor":18,"turns":8},{"damage":25,"enemies":"Spheric Guardian","floor":22,"turns":4},{"damage":37,"enemies":"Book of Stabbing","floor":24,"turns":4},{"damage":15,"enemies":"Centurion and Healer","floor":28,"turns":5},{"damage":31,"enemies":"Slavers","floor":29,"turns":4},{"damage":3,"enemies":"Cultist and Chosen","floor":30,"turns":4},{"damage":18,"enemies":"Snake Plant","floor":31,"turns":2},{"damage":83,"enemies":"Automaton","floor":33,"turns":6}],"seed_played":"7815584043725859864","potions_obtained":[{"floor":7,"key":"SpeedPotion"},{"floor":12,"key":"FearPotion"},{"floor":16,"key":"Ancient Potion"},{"floor":22,"key":"Weak Potion"},{"floor":24,"key":"Ancient Potion"},{"floor":30,"key":"Swift Potion"}],"is_trial":false,"path_per_floor":["M","$","?","M","?","R","E","R","T","R","M","M","$","M","R","B",null,"M","$","?","?","M","R","E","R","T","R","M","E","M","M","R"],"character_chosen":"IRONCLAD","items_purchased":["Frozen Egg 2","Demon Form+1","Reaper","PreservedInsect"],"campfire_rested":4,"item_purchase_floors":[2,13,13,19],"current_hp_per_floor":[67,67,67,59,64,64,8,31,31,31,28,33,33,28,28,8,60,28,28,28,28,12,35,20,20,20,43,43,27,36,24,47,0],"gold":229,"neow_bonus":"ONE_RARE_RELIC","is_prod":false,"is_daily":false,"chose_seed":false,"campfire_upgraded":4,"win_rate":0,"timestamp":1536740594,"path_taken":["M","?","?","M","?","R","E","R","T","R","M","M","$","M","R","BOSS","M","$","?","?","M","R","E","R","T","R","?","E","M","M","R","BOSS"],"build_version":"2018-09-10","purchased_purges":1,"victory":false,"max_hp_per_floor":[72,72,72,72,77,77,77,77,77,77,77,77,77,77,77,77,77,77,77,77,77,77,77,77,77,77,77,77,77,77,77,77,77],"card_choices":[{"not_picked":["Heavy Blade","Sword Boomerang"],"picked":"Rampage","floor":1},{"not_picked":["Thunderclap","Evolve+1"],"picked":"Seeing Red","floor":4},{"not_picked":["Wild Strike","Corruption+1"],"picked":"Infernal Blade","floor":7},{"not_picked":["Clothesline","Twin Strike"],"picked":"Flex","floor":11},{"not_picked":["Sever Soul","Pommel Strike"],"picked":"Perfected Strike","floor":12},{"not_picked":["Second Wind","Infernal Blade"],"picked":"Uppercut","floor":14},{"not_picked":["Reaper","Bludgeon"],"picked":"Impervious","floor":16},{"not_picked":["Whirlwind","Clash"],"picked":"Shockwave+1","floor":18},{"not_picked":["Cleave","True Grit"],"picked":"Pommel Strike+1","floor":22},{"not_picked":["Brutality+1","Iron Wave"],"picked":"Twin Strike+1","floor":24},{"not_picked":["Power Through+1","Sever Soul"],"picked":"Cleave","floor":28},{"not_picked":["Reckless Charge","Pommel Strike"],"picked":"Clothesline+1","floor":29},{"not_picked":["Warcry","Perfected Strike"],"picked":"Flex","floor":30},{"not_picked":["Metallicize+1","Body Slam"],"picked":"Dual Wield+1","floor":31}],"player_experience":421438,"relics_obtained":[{"floor":7,"key":"Vajra"},{"floor":9,"key":"Omamori"},{"floor":24,"key":"War Paint"},{"floor":26,"key":"Ancient Tea Set"},{"floor":29,"key":"Blue Candle"}],"event_choices":[{"event_name":"Liars Game","player_choice":"agreed","floor":3,"damage_taken":0},{"event_name":"Big Fish","player_choice":"Donut","floor":5,"damage_taken":0},{"event_name":"Beggar","player_choice":"Gave Gold","floor":20,"damage_taken":0},{"event_name":"Purifier","player_choice":"One Purge","floor":21,"damage_taken":0}],"is_beta":true,"boss_relics":[{"not_picked":["Black Star","White Beast Statue"],"picked":"Runic Dome"}],"items_purged_floors":[19],"is_endless":false,"potions_floor_spawned":[7,12,16,22,24,30],"killed_by":"Automaton","ascension_level":10}