{"gold_per_floor":[109,109,128,145,161,161,194,194,241,266,266,276,310,322,322,322],"floor_reached":16,"playtime":677,"items_purged":[],"score":244,"play_id":"8b9fea8b-350c-4f2e-a587-c68c935d0dfb","local_time":"20190705235139","is_ascension_mode":true,"campfire_choices":[{"data":"Armaments","floor":6,"key":"SMITH"},{"floor":8,"key":"REST"},{"floor":15,"key":"REST"}],"neow_cost":"NONE","seed_source_timestamp":49185845994159,"circlet_count":0,"master_deck":["AscendersBane","Strike_R","Strike_R","Strike_R","Strike_R","Strike_R","Defend_R","Defend_R","Defend_R","Defend_R","Bash+1","Feel No Pain","Clothesline","Twin Strike","Armaments+1","Havoc+1","Spot Weakness+1","Whirlwind","Flame Barrier+1","Sword Boomerang"],"relics":["Burning Blood","Toxic Egg 2","Oddly Smooth Stone","Bag of Preparation","WingedGreaves","Vajra"],"potions_floor_usage":[14,16],"damage_taken":[{"damage":18,"enemies":"Small Slimes","floor":1,"turns":5},{"damage":7,"enemies":"Cultist","floor":3,"turns":4},{"damage":9,"enemies":"2 Louse","floor":4,"turns":4},{"damage":9,"enemies":"Blue Slaver","floor":5,"turns":4},{"damage":36,"enemies":"Lagavulin","floor":7,"turns":7},{"damage":14,"enemies":"3 Sentries","floor":10,"turns":12},{"damage":1,"enemies":"3 Louse","floor":12,"turns":3},{"damage":20,"enemies":"Lagavulin","floor":13,"turns":8},{"damage":12,"enemies":"Exordium Thugs","floor":14,"turns":4},{"damage":56,"enemies":"Slime Boss","floor":16,"turns":9}],"seed_played":"7885093581229427513","potions_obtained":[{"floor":2,"key":"Fire Potion"},{"floor":2,"key":"Block Potion"}],"is_trial":false,"path_per_floor":["M","?","M","M","M","R","E","R","T","E","T","M","E","M","R","B"],"character_chosen":"IRONCLAD","items_purchased":[],"campfire_rested":2,"item_purchase_floors":[],"current_hp_per_floor":[56,56,55,52,49,49,19,41,41,33,33,38,24,18,40,0],"gold":322,"neow_bonus":"UPGRADE_CARD","is_prod":false,"is_daily":false,"chose_seed":false,"campfire_upgraded":1,"win_rate":0,"timestamp":1562363499,"path_taken":["M","?","M","?","M","R","E","R","T","E","?","M","E","M","R","BOSS"],"build_version":"2019-07-01","purchased_purges":0,"victory":false,"max_hp_per_floor":[75,75,75,75,75,75,75,75,75,75,75,75,75,75,75,75],"card_choices":[{"not_picked":["Headbutt","True Grit"],"picked":"Feel No Pain","floor":1},{"not_picked":["Whirlwind","Sever Soul"],"picked":"Clothesline","floor":3},{"not_picked":["Iron Wave","Armaments"],"picked":"Twin Strike","floor":4},{"not_picked":["Rage","Searing Blow"],"picked":"Armaments","floor":5},{"not_picked":["Dropkick","Thunderclap"],"picked":"Havoc","floor":7},{"not_picked":["Sentinel+1","Ghostly Armor+1"],"picked":"Spot Weakness+1","floor":10},{"not_picked":["Clash","Cleave"],"picked":"Whirlwind","floor":12},{"not_picked":["Fiend Fire","Infernal Blade+1"],"picked":"Flame Barrier+1","floor":13},{"not_picked":["Pommel Strike","Anger"],"picked":"Sword Boomerang","floor":14}],"player_experience":1775668,"relics_obtained":[{"floor":7,"key":"Toxic Egg 2"},{"floor":9,"key":"Oddly Smooth Stone"},{"floor":10,"key":"Bag of Preparation"},{"floor":11,"key":"WingedGreaves"},{"floor":13,"key":"Vajra"}],"event_choices":[{"damage_healed":0,"gold_gain":0,"player_choice":"Got Potions","damage_taken":0,"max_hp_gain":0,"max_hp_loss":0,"event_name":"Lab","floor":2,"gold_loss":0}],"is_beta":false,"boss_relics":[],"items_purged_floors":[],"is_endless":false,"potions_floor_spawned":[4,7,10],"killed_by":"Slime Boss","ascension_level":20}