{"gold_per_floor":[110,385,124,124,137,137,172,172,218,246,29,45,70,86,86,190,190,210,210,210,125,139,174,174,84,84,119,6,6,33,58,58,162,162,178,189,189,189,70,95,109,135,135,135,146,181,181,281,281,281,281,281,32,67,67],"floor_reached":55,"playtime":9261,"items_purged":["Regret","Parasite"],"score":991,"play_id":"46d30ae3-d75b-4e97-865f-1da934a8c03b","local_time":"20190217100204","is_ascension_mode":true,"campfire_choices":[{"data":"Go for the Eyes","floor":6,"key":"SMITH"},{"data":"Defragment","floor":15,"key":"SMITH"},{"data":"Zap","floor":24,"key":"SMITH"},{"data":"Loop","floor":29,"key":"SMITH"},{"data":"Coolheaded","floor":32,"key":"SMITH"},{"data":"Consume","floor":44,"key":"SMITH"},{"floor":47,"key":"RECALL"},{"data":"Beam Cell","floor":49,"key":"SMITH"},{"data":"Amplify","floor":52,"key":"SMITH"}],"neow_cost":"NONE","seed_source_timestamp":317895721048419,"circlet_count":0,"master_deck":["Strike_B","Strike_B+1","Strike_B+1","Strike_B+1","Defend_B","Defend_B","Defend_B","Zap+1","Dualcast","Coolheaded+1","Chill","Loop+1","Go for the Eyes+1","Turbo+1","Ball Lightning","Defragment+1","Rip and Tear+1","Self Repair","Beam Cell+1","Amplify+1","Fusion+1","Reinforced Body+1","Compile Driver","Capacitor+1","Sunder","Stack","FTL+1","Buffer+1","Steam Power+1","Impatience","Consume+1","Capacitor+1","Static Discharge+1","Doom and Gloom+1","Loop+1","Redo+1"],"relics":["Cracked Core","Bag of Preparation","Question Card","PreservedInsect","Juzu Bracelet","Bronze Scales","Orichalcum","Black Star","WarpedTongs","Anchor","Whetstone","Vajra","Cables","Dodecahedron","Meat on the Bone","Frozen Egg 2","Happy Flower","Red Mask","Inserter","Potion Belt","Sundial","Ornamental Fan","Molten Egg 2","Kunai","Shuriken","Turnip","Prayer Wheel","DataDisk","Pear","Mango"],"potions_floor_usage":[13,16,16,23,33,33,42,48,50,54],"damage_taken":[{"damage":0,"enemies":"Cultist","floor":1,"turns":3},{"damage":0,"enemies":"Jaw Worm","floor":5,"turns":3},{"damage":28,"enemies":"Gremlin Nob","floor":7,"turns":5},{"damage":7,"enemies":"Lagavulin","floor":10,"turns":5},{"damage":0,"enemies":"2 Louse","floor":12,"turns":1},{"damage":8,"enemies":"3 Sentries","floor":13,"turns":5},{"damage":0,"enemies":"Looter","floor":14,"turns":2},{"damage":6,"enemies":"Hexaghost","floor":16,"turns":7},{"damage":0,"enemies":"3 Byrds","floor":18,"turns":3},{"damage":4,"enemies":"Spheric Guardian","floor":22,"turns":3},{"damage":8,"enemies":"Gremlin Leader","floor":23,"turns":7},{"damage":7,"enemies":"Book of Stabbing","floor":27,"turns":3},{"damage":4,"enemies":"Gremlin Leader","floor":30,"turns":6},{"damage":4,"enemies":"Masked Bandits","floor":31,"turns":4},{"damage":9,"enemies":"Champ","floor":33,"turns":10},{"damage":6,"enemies":"3 Darklings","floor":35,"turns":7},{"damage":0,"enemies":"Orb Walker","floor":36,"turns":3},{"damage":0,"enemies":"Giant Head","floor":40,"turns":7},{"damage":0,"enemies":"Maw","floor":41,"turns":6},{"damage":12,"enemies":"Reptomancer","floor":42,"turns":6},{"damage":7,"enemies":"Writhing Mass","floor":45,"turns":6},{"damage":0,"enemies":"Giant Head","floor":46,"turns":7},{"damage":7,"enemies":"Mind Bloom Boss Battle","floor":48,"turns":6},{"damage":11,"enemies":"Time Eater","floor":50,"turns":11},{"damage":64,"enemies":"Shield and Spear","floor":54,"turns":6},{"damage":62,"enemies":"The Heart","floor":55,"turns":3}],"seed_played":"-5052743608611659934","potions_obtained":[{"floor":1,"key":"Energy Potion"},{"floor":10,"key":"Weak Potion"},{"floor":13,"key":"Strength Potion"},{"floor":16,"key":"Block Potion"},{"floor":18,"key":"Strength Potion"},{"floor":27,"key":"AttackPotion"},{"floor":30,"key":"Explosive Potion"},{"floor":35,"key":"Energy Potion"},{"floor":45,"key":"Explosive Potion"},{"floor":48,"key":"EssenceOfSteel"}],"is_trial":false,"path_per_floor":["M","?","$","T","M","R","E","?","T","E","$","M","E","M","R","B",null,"M","?","?","?","M","E","R","?","T","E","$","R","E","?","R","B",null,"M","M","?","?","$","E","M","E","T","R","M","E","R","?","R","B",null,"R","$","E","B"],"character_chosen":"DEFECT","items_purchased":["Loop","Bag of Preparation","Defragment","Bronze Scales","Recycle","Sunder","Consume","Capacitor+1","DataDisk"],"campfire_rested":0,"item_purchase_floors":[3,3,11,11,28,28,39,39,53],"current_hp_per_floor":[75,75,75,75,75,75,47,32,32,25,25,25,17,24,24,18,75,75,75,75,75,71,70,70,70,70,73,73,73,75,71,71,75,75,75,75,75,75,75,75,75,70,70,70,70,75,75,75,75,75,75,75,72,54,0],"gold":67,"neow_bonus":"TRANSFORM_CARD","is_prod":false,"is_daily":false,"chose_seed":false,"campfire_upgraded":8,"win_rate":0,"timestamp":1550426524,"path_taken":["M","?","$","?","M","R","E","?","T","E","$","M","E","M","R","BOSS","M","?","?","?","M","E","R","?","T","E","$","R","E","?","R","BOSS","M","M","?","?","?","E","M","E","T","R","M","E","R","?","R","BOSS","R","$","E","BOSS"],"build_version":"2019-01-23","purchased_purges":2,"victory":false,"max_hp_per_floor":[75,75,75,75,75,75,75,75,75,75,75,75,75,75,75,75,75,75,75,75,75,75,75,75,75,75,75,75,75,75,75,75,75,75,75,75,75,75,75,75,75,75,75,75,75,75,75,75,75,75,75,75,72,96,96],"card_choices":[{"not_picked":["Barrage","Steam"],"picked":"Chill","floor":1},{"not_picked":["Coolheaded","Beam Cell"],"picked":"Go for the Eyes","floor":5},{"not_picked":["FTL","Rebound"],"picked":"Turbo","floor":7},{"not_picked":["Darkness","Double Energy","Turbo"],"picked":"Ball Lightning","floor":10},{"not_picked":["Fusion","Gash","Steam Power"],"picked":"Rip and Tear","floor":12},{"not_picked":["Ball Lightning","BootSequence","Go for the Eyes"],"picked":"Self Repair","floor":13},{"not_picked":["Rebound","Sweeping Beam","Streamline"],"picked":"Beam Cell","floor":14},{"not_picked":["Thunder Strike","All For One","Buffer"],"picked":"Amplify","floor":16},{"not_picked":["Beam Cell","Compile Driver","Rip and Tear"],"picked":"Fusion+1","floor":18},{"not_picked":["Steam","Gash","Darkness"],"picked":"Reinforced Body+1","floor":22},{"not_picked":["Glacier","Reprogram","Self Repair"],"picked":"Compile Driver","floor":23},{"not_picked":["Ball Lightning+1","Sweeping Beam","Multi-Cast"],"picked":"Capacitor+1","floor":27},{"not_picked":["Undo+1","Streamline+1","Blizzard+1"],"picked":"Stack","floor":30},{"not_picked":["Melter","Conserve Battery+1","Turbo"],"picked":"FTL+1","floor":31},{"not_picked":["Biased Cognition+1","Reboot","Thunder Strike"],"picked":"Buffer+1","floor":33},{"not_picked":["Reinforced Body","Rebound","Turbo+1","Steam+1"],"picked":"SKIP","floor":35},{"not_picked":["Beam Cell+1","BootSequence","Melter"],"picked":"Steam Power+1","floor":36},{"not_picked":["Enlightenment","Flash of Steel","Forethought"],"picked":"Impatience","floor":38},{"not_picked":["Blizzard","Steam Power","Ball Lightning+1"],"picked":"Static Discharge+1","floor":40},{"not_picked":["Gash","Static Discharge+1","Undo+1"],"picked":"Doom and Gloom+1","floor":41},{"not_picked":["Ball Lightning+1","Sweeping Beam","Hello World+1"],"picked":"Loop+1","floor":42},{"not_picked":["Steam","White Noise","Leap"],"picked":"Redo+1","floor":45},{"not_picked":["Melter+1","FTL+1","Hologram","Rebound+1"],"picked":"SKIP","floor":46},{"not_picked":["Melter+1","FTL+1","Hologram","Rebound+1"],"picked":"SKIP","floor":46},{"not_picked":["Redo","Doom and Gloom+1","Turbo+1","Fusion+1"],"picked":"SKIP","floor":54}],"player_experience":185083,"relics_obtained":[{"floor":7,"key":"Question Card"},{"floor":9,"key":"PreservedInsect"},{"floor":10,"key":"Juzu Bracelet"},{"floor":13,"key":"Orichalcum"},{"floor":23,"key":"Whetstone"},{"floor":23,"key":"Vajra"},{"floor":26,"key":"Cables"},{"floor":27,"key":"Dodecahedron"},{"floor":27,"key":"Meat on the Bone"},{"floor":30,"key":"Frozen Egg 2"},{"floor":30,"key":"Happy Flower"},{"floor":31,"key":"Red Mask"},{"floor":40,"key":"Potion Belt"},{"floor":40,"key":"Sundial"},{"floor":42,"key":"Ornamental Fan"},{"floor":42,"key":"Molten Egg 2"},{"floor":43,"key":"Kunai"},{"floor":46,"key":"Shuriken"},{"floor":46,"key":"Turnip"},{"floor":48,"key":"Prayer Wheel"},{"floor":54,"key":"Pear"},{"floor":54,"key":"Mango"}],"event_choices":[{"damage_healed":0,"gold_gain":275,"player_choice":"Desecrate","damage_taken":0,"max_hp_gain":0,"max_hp_loss":0,"event_name":"Golden Shrine","floor":2,"gold_loss":0,"cards_obtained":["Regret"]},{"damage_healed":0,"gold_gain":0,"player_choice":"Entered Light","damage_taken":15,"max_hp_gain":0,"max_hp_loss":0,"event_name":"Shining Light","floor":8,"gold_loss":0,"cards_upgraded":["Strike_B","Turbo"]},{"damage_healed":0,"gold_gain":0,"player_choice":"Ignored","damage_taken":0,"max_hp_gain":0,"max_hp_loss":0,"event_name":"Ghosts","floor":19,"gold_loss":0},{"damage_healed":0,"gold_gain":0,"player_choice":"Rummage","damage_taken":0,"relics_obtained":["WarpedTongs"],"max_hp_gain":0,"max_hp_loss":0,"event_name":"Accursed Blacksmith","floor":20,"gold_loss":0,"cards_obtained":["Pain"]},{"damage_healed":0,"gold_gain":0,"player_choice":"Obtained Relic","damage_taken":0,"relics_obtained":["Anchor"],"max_hp_gain":0,"max_hp_loss":0,"event_name":"Addict","floor":21,"gold_loss":85},{"cards_removed":["Pain"],"damage_healed":0,"gold_gain":0,"player_choice":"Upgrade and Remove","damage_taken":0,"max_hp_gain":0,"max_hp_loss":0,"event_name":"Designer","floor":25,"gold_loss":90,"cards_upgraded":["Strike_B"]},{"damage_healed":0,"gold_gain":0,"player_choice":"Fought Bandits","damage_taken":0,"max_hp_gain":0,"max_hp_loss":0,"event_name":"Masked Bandits","floor":31,"gold_loss":0},{"cards_removed":["Recycle"],"damage_healed":0,"gold_gain":0,"player_choice":"Removed Skill","damage_taken":0,"max_hp_gain":0,"max_hp_loss":0,"event_name":"Falling","floor":37,"gold_loss":0},{"damage_healed":0,"gold_gain":0,"player_choice":"Memory 1","damage_taken":0,"max_hp_gain":0,"max_hp_loss":0,"event_name":"SensoryStone","floor":38,"gold_loss":0},{"damage_healed":0,"gold_gain":0,"player_choice":"Fight","damage_taken":0,"max_hp_gain":0,"max_hp_loss":0,"event_name":"MindBloom","floor":48,"gold_loss":0}],"is_beta":false,"boss_relics":[{"not_picked":["Astrolabe","Orrery"],"picked":"Black Star"},{"not_picked":["FrozenCore","Tiny House"],"picked":"Inserter"}],"items_purged_floors":[3,53],"is_endless":false,"potions_floor_spawned":[1,10,13,16,18,27,30,31,35,45,48],"killed_by":"The Heart","ascension_level":1}