{"gold_per_floor":[109,59,75,85,95,125,125,125,148,183,183,28,28,46,46,165,165,184,184,197,197,210,243,48,48,48,48,63,63,107,120,120,244,244,263,50,175,195,218,218],"floor_reached":40,"playtime":3895,"items_purged":["Strike_B"],"score":645,"play_id":"75c9da3a-4584-4e0c-837f-c9edbd937199","local_time":"20190412110628","is_ascension_mode":true,"campfire_choices":[{"data":"Zap","floor":7,"key":"SMITH"},{"floor":11,"key":"REST"},{"floor":15,"key":"REST"},{"floor":25,"key":"REST"},{"data":"Loop","floor":29,"key":"SMITH"},{"floor":32,"key":"REST"}],"neow_cost":"NONE","seed_source_timestamp":267489934047443,"circlet_count":0,"master_deck":["Defend_B","Defend_B","Defend_B","Zap+1","Rip and Tear","Tempest","Leap","Coolheaded","Chill","Seek","Sunder+1","Ball Lightning","Streamline","Seek","Beam Cell+1","Coolheaded","Cold Snap+1","Sweeping Beam+1","Loop+1","BootSequence","Go for the Eyes","Storm","Heatsinks","Storm","Amplify","Skim+1","Heatsinks","Stack","FTL+1"],"relics":["Cracked Core","PreservedInsect","Golden Idol","Bag of Marbles","Juzu Bracelet","Empty Cage","Whetstone","Turnip","Mummified Hand","White Beast Statue","Membership Card","Incense Burner"],"potions_floor_usage":[6,10,22,30,30,33,38,39,40],"damage_taken":[{"damage":5,"enemies":"Small Slimes","floor":1,"turns":4},{"damage":7,"enemies":"Jaw Worm","floor":3,"turns":3},{"damage":0,"enemies":"Cultist","floor":4,"turns":3},{"damage":5,"enemies":"Exordium Wildlife","floor":5,"turns":5},{"damage":7,"enemies":"3 Sentries","floor":6,"turns":4},{"damage":17,"enemies":"Lagavulin","floor":10,"turns":4},{"damage":0,"enemies":"Gremlin Gang","floor":14,"turns":3},{"damage":33,"enemies":"The Guardian","floor":16,"turns":13},{"damage":0,"enemies":"Spheric Guardian","floor":18,"turns":3},{"damage":14,"enemies":"Shell Parasite","floor":20,"turns":5},{"damage":22,"enemies":"Chosen and Byrds","floor":22,"turns":8},{"damage":19,"enemies":"Gremlin Leader","floor":23,"turns":6},{"damage":1,"enemies":"Snake Plant","floor":28,"turns":3},{"damage":0,"enemies":"Slavers","floor":30,"turns":3},{"damage":3,"enemies":"Snecko","floor":31,"turns":3},{"damage":47,"enemies":"Champ","floor":33,"turns":11},{"damage":15,"enemies":"3 Darklings","floor":35,"turns":5},{"damage":0,"enemies":"Mind Bloom Boss Battle","floor":37,"turns":4},{"damage":0,"enemies":"Orb Walker","floor":38,"turns":3},{"damage":20,"enemies":"Jaw Worm Horde","floor":39,"turns":6},{"damage":34,"enemies":"Reptomancer","floor":40,"turns":2}],"seed_played":"7792597783883520054","potions_obtained":[{"floor":4,"key":"PowerPotion"},{"floor":5,"key":"Energy Potion"},{"floor":10,"key":"SpeedPotion"},{"floor":16,"key":"Strength Potion"},{"floor":22,"key":"SpeedPotion"},{"floor":31,"key":"Strength Potion"},{"floor":33,"key":"SkillPotion"},{"floor":35,"key":"LiquidBronze"},{"floor":37,"key":"SkillPotion"},{"floor":38,"key":"Dexterity Potion"},{"floor":39,"key":"Fire Potion"}],"is_trial":false,"path_per_floor":["M","?","M","M","M","E","R","?","T","E","R","$","?","M","R","B",null,"M","?","M","?","M","E","$","R","T","?","M","R","E","M","R","B",null,"M","$","?","M","M","E"],"character_chosen":"DEFECT","items_purchased":["Sunder","Loop","BootSequence","Go for the Eyes","Membership Card","Heatsinks"],"campfire_rested":4,"item_purchase_floors":[12,24,24,24,36,36],"current_hp_per_floor":[70,70,63,63,58,51,51,31,31,14,38,38,38,38,62,29,69,69,82,68,68,46,27,27,51,51,43,42,42,42,39,63,16,66,51,51,51,51,31,0],"gold":218,"neow_bonus":"TEN_PERCENT_HP_BONUS","is_prod":false,"is_daily":false,"chose_seed":false,"campfire_upgraded":2,"win_rate":0,"timestamp":1555092388,"path_taken":["M","?","M","M","M","E","R","?","T","E","R","?","?","M","R","BOSS","M","?","M","?","M","E","$","R","T","?","M","R","E","M","R","BOSS","M","?","?","M","M","E"],"build_version":"2019-01-23","purchased_purges":1,"victory":false,"max_hp_per_floor":[82,82,82,82,82,82,82,82,82,82,82,82,82,82,82,82,82,82,82,82,82,82,82,82,82,82,82,82,82,82,82,82,82,82,82,82,82,82,82,82],"card_choices":[{"not_picked":["Turbo","Rebound"],"picked":"Rip and Tear","floor":1},{"not_picked":["Stack","Chaos"],"picked":"Tempest","floor":3},{"not_picked":["Hologram","Gash"],"picked":"Leap","floor":4},{"not_picked":["Darkness","Compile Driver"],"picked":"Coolheaded","floor":5},{"not_picked":["Blizzard","Rebound"],"picked":"Chill","floor":6},{"not_picked":["Loop","Static Discharge"],"picked":"Seek","floor":10},{"not_picked":["Doom and Gloom","Reprogram"],"picked":"Streamline","floor":14},{"not_picked":["Meteor Strike","Hyperbeam"],"picked":"Seek","floor":16},{"not_picked":["Lockon","Gash"],"picked":"Beam Cell","floor":18},{"not_picked":["Barrage","Aggregate+1"],"picked":"Coolheaded","floor":20},{"not_picked":["Blizzard","Hologram"],"picked":"Cold Snap+1","floor":22},{"not_picked":["Gash","BootSequence"],"picked":"Sweeping Beam+1","floor":23},{"not_picked":["Consume","Gash+1"],"picked":"Storm","floor":28},{"not_picked":["Blizzard+1","Seek"],"picked":"Heatsinks","floor":30},{"not_picked":["Beam Cell","Conserve Battery"],"picked":"Storm","floor":31},{"not_picked":["Reboot","Seek"],"picked":"Amplify","floor":33},{"not_picked":["Rebound+1","Beam Cell"],"picked":"Skim+1","floor":35},{"not_picked":["Coolheaded+1","Rebound+1"],"picked":"Stack","floor":38},{"not_picked":["Gash","Hello World+1"],"picked":"FTL+1","floor":39}],"player_experience":563507,"relics_obtained":[{"floor":6,"key":"PreservedInsect"},{"floor":9,"key":"Bag of Marbles"},{"floor":10,"key":"Juzu Bracelet"},{"floor":23,"key":"Whetstone"},{"floor":26,"key":"Turnip"},{"floor":30,"key":"Mummified Hand"},{"floor":37,"key":"Incense Burner"}],"event_choices":[{"cards_removed":["Strike_B"],"damage_healed":0,"gold_gain":0,"player_choice":"Card Removal","damage_taken":0,"max_hp_gain":0,"max_hp_loss":0,"event_name":"The Cleric","floor":2,"gold_loss":50},{"damage_healed":0,"gold_gain":0,"player_choice":"Take Damage","damage_taken":20,"relics_obtained":["Golden Idol"],"max_hp_gain":0,"max_hp_loss":0,"event_name":"Golden Idol","floor":8,"gold_loss":0},{"damage_healed":0,"gold_gain":0,"cards_transformed":["Strike_B"],"player_choice":"Transformed","damage_taken":0,"max_hp_gain":0,"max_hp_loss":0,"event_name":"Transmorgrifier","floor":13,"gold_loss":0,"cards_obtained":["Ball Lightning"]},{"damage_healed":27,"gold_gain":0,"player_choice":"Heal","damage_taken":0,"max_hp_gain":0,"max_hp_loss":0,"event_name":"The Library","floor":19,"gold_loss":0},{"cards_removed":["Defend_B"],"damage_healed":0,"gold_gain":0,"player_choice":"Offered Basic","damage_taken":0,"max_hp_gain":0,"max_hp_loss":0,"event_name":"Bonfire Elementals","floor":21,"gold_loss":0},{"damage_healed":0,"gold_gain":0,"player_choice":"","damage_taken":8,"max_hp_gain":0,"max_hp_loss":0,"event_name":"Knowing Skull","floor":27,"potions_obtained":[],"gold_loss":0,"cards_obtained":[]},{"damage_healed":0,"gold_gain":0,"player_choice":"Fight","damage_taken":0,"max_hp_gain":0,"max_hp_loss":0,"event_name":"MindBloom","floor":37,"gold_loss":0}],"is_beta":false,"boss_relics":[{"not_picked":["Lizard Tail","Calling Bell"],"picked":"Empty Cage"},{"not_picked":["Orrery","Snecko Eye"],"picked":"White Beast Statue"}],"items_purged_floors":[12],"is_endless":false,"potions_floor_spawned":[4,5,10,16,22,31,33,35,37,38,39],"killed_by":"Reptomancer","ascension_level":8}