{"gold_per_floor":[112,88,104,104,104,104,142,160,160,160],"floor_reached":10,"playtime":743,"items_purged":[],"score":132,"play_id":"1d6e061a-1289-49c5-9326-37aad19c724c","local_time":"20190813232536","is_ascension_mode":true,"campfire_choices":[{"data":"Bash","floor":6,"key":"SMITH"}],"neow_cost":"PERCENT_DAMAGE","seed_source_timestamp":46706106626892,"circlet_count":0,"master_deck":["AscendersBane","Strike_R","Strike_R","Strike_R","Strike_R","Strike_R","Defend_R","Defend_R","Defend_R","Defend_R","Bash+1","Perfected Strike","Perfected Strike","Flame Barrier","Shrug It Off"],"relics":["Burning Blood","Ginger","Golden Idol","Letter Opener","Dream Catcher"],"potions_floor_usage":[10,10],"damage_taken":[{"damage":7,"enemies":"Cultist","floor":1,"turns":4},{"damage":1,"enemies":"2 Louse","floor":3,"turns":2},{"damage":45,"enemies":"3 Sentries","floor":7,"turns":9},{"damage":0,"enemies":"Jaw Worm","floor":8,"turns":3},{"damage":44,"enemies":"Lagavulin","floor":10,"turns":9}],"seed_played":"4483993539187574333","potions_obtained":[{"floor":1,"key":"Weak Potion"},{"floor":8,"key":"Dexterity Potion"}],"is_trial":false,"path_per_floor":["M","$","M","?","?","R","E","M","T","E"],"character_chosen":"IRONCLAD","items_purchased":["Perfected Strike"],"campfire_rested":0,"item_purchase_floors":[2],"current_hp_per_floor":[49,49,54,54,59,59,20,26,26,0],"gold":160,"neow_bonus":"ONE_RARE_RELIC","is_prod":false,"is_daily":false,"chose_seed":false,"campfire_upgraded":1,"win_rate":0,"timestamp":1565731536,"path_taken":["M","$","?","?","?","R","E","M","T","E"],"build_version":"2019-07-17","purchased_purges":0,"victory":false,"max_hp_per_floor":[75,75,75,68,68,68,68,68,68,68],"card_choices":[{"not_picked":["Searing Blow","Armaments"],"picked":"Heavy Blade","floor":1},{"not_picked":["Flex","Rupture"],"picked":"Perfected Strike","floor":3},{"not_picked":["Sword Boomerang","Intimidate"],"picked":"Flame Barrier","floor":7},{"not_picked":["Iron Wave","Havoc"],"picked":"Shrug It Off","floor":8}],"player_experience":1918203,"relics_obtained":[{"floor":7,"key":"Letter Opener"},{"floor":9,"key":"Dream Catcher"}],"event_choices":[{"damage_healed":0,"gold_gain":0,"player_choice":"Lose Max HP","damage_taken":0,"relics_obtained":["Golden Idol"],"max_hp_gain":0,"max_hp_loss":7,"event_name":"Golden Idol","floor":4,"gold_loss":0},{"cards_removed":["Heavy Blade"],"damage_healed":5,"gold_gain":0,"player_choice":"Offered Common","damage_taken":0,"max_hp_gain":0,"max_hp_loss":0,"event_name":"Bonfire Elementals","floor":5,"gold_loss":0},{"cards_removed":["Heavy Blade"],"damage_healed":5,"gold_gain":0,"player_choice":"Offered Special","damage_taken":0,"max_hp_gain":0,"max_hp_loss":0,"event_name":"Bonfire Elementals","floor":5,"gold_loss":0}],"is_beta":false,"boss_relics":[],"items_purged_floors":[],"is_endless":false,"potions_floor_spawned":[1,8],"killed_by":"Lagavulin","ascension_level":20}