{"gold_per_floor":[110,110,124,144,144,144,161,177,229,255,268,268],"floor_reached":12,"playtime":348,"items_purged":[],"score":82,"play_id":"31dc31ab-2ec1-435f-bb1b-4c4d3c5e55b7","local_time":"20190524233336","is_ascension_mode":false,"campfire_choices":[],"neow_cost":"NONE","seed_source_timestamp":627368015831181,"circlet_count":0,"master_deck":["Strike_B","Strike_B","Strike_B","Defend_B","Defend_B","Defend_B","Defend_B","Zap","Dualcast","Go for the Eyes","Beam Cell","Storm","Loop","Hologram","Reprogram","Echo Form"],"relics":["Cracked Core","NeowsBlessing","Symbiotic Virus","Bronze Scales","Smiling Mask"],"potions_floor_usage":[8,12],"damage_taken":[{"damage":0,"enemies":"Small Slimes","floor":1,"turns":1},{"damage":0,"enemies":"Cultist","floor":3,"turns":1},{"damage":0,"enemies":"2 Louse","floor":4,"turns":1},{"damage":23,"enemies":"Exordium Wildlife","floor":7,"turns":4},{"damage":13,"enemies":"Gremlin Gang","floor":8,"turns":5},{"damage":19,"enemies":"Gremlin Nob","floor":10,"turns":4},{"damage":8,"enemies":"Large Slime","floor":11,"turns":5},{"damage":18,"enemies":"3 Sentries","floor":12,"turns":2}],"seed_played":"-3421040822202501969","potions_obtained":[{"floor":4,"key":"SkillPotion"},{"floor":8,"key":"Explosive Potion"}],"is_trial":false,"path_per_floor":["M","?","M","M","?","?","M","M","T","E","M","E"],"character_chosen":"DEFECT","items_purchased":[],"campfire_rested":0,"item_purchase_floors":[],"current_hp_per_floor":[75,75,75,75,57,75,52,39,39,20,12,0],"gold":268,"neow_bonus":"THREE_ENEMY_KILL","is_prod":false,"is_daily":false,"chose_seed":false,"campfire_upgraded":0,"win_rate":0,"timestamp":1558712016,"path_taken":["M","?","?","M","?","?","M","M","T","E","M","E"],"build_version":"2019-01-23","purchased_purges":0,"victory":false,"max_hp_per_floor":[75,75,75,75,75,75,75,75,75,75,75,75],"card_choices":[{"not_picked":["Stack","Leap"],"picked":"Go for the Eyes","floor":1},{"not_picked":["Rainbow","Reinforced Body"],"picked":"Beam Cell","floor":3},{"not_picked":["Glacier","Cold Snap"],"picked":"Storm","floor":4},{"not_picked":["Melter","Consume"],"picked":"Loop","floor":7},{"not_picked":["Gash","Compile Driver"],"picked":"Hologram","floor":8},{"not_picked":["Stack","Steam"],"picked":"Reprogram","floor":10},{"not_picked":["Compile Driver","Lockon"],"picked":"Echo Form","floor":11}],"player_experience":194441,"relics_obtained":[{"floor":9,"key":"Bronze Scales"},{"floor":10,"key":"Smiling Mask"}],"event_choices":[{"cards_removed":["Strike_B"],"damage_healed":0,"gold_gain":0,"player_choice":"Purged","damage_taken":0,"max_hp_gain":0,"max_hp_loss":0,"event_name":"Purifier","floor":2,"gold_loss":0},{"damage_healed":0,"gold_gain":0,"player_choice":"Success","damage_taken":18,"relics_obtained":["Symbiotic Virus"],"max_hp_gain":0,"max_hp_loss":0,"event_name":"Scrap Ooze","floor":5,"gold_loss":0},{"damage_healed":25,"gold_gain":0,"player_choice":"Banana","damage_taken":0,"max_hp_gain":0,"max_hp_loss":0,"event_name":"Big Fish","floor":6,"gold_loss":0}],"is_beta":false,"boss_relics":[],"items_purged_floors":[],"is_endless":false,"potions_floor_spawned":[4,8],"killed_by":"3 Sentries","ascension_level":0}