{"gold_per_floor":[113,188,188,15,15,15,45,58,58,208,233,251,23,50,50,122,122,142,67,167,186,86,86],"floor_reached":23,"playtime":802,"items_purged":["Doubt","Strike_G"],"score":460,"play_id":"e59ca390-3a35-4ba4-b167-5e3de5c6b44c","local_time":"20190410222834","is_ascension_mode":true,"campfire_choices":[{"data":"Neutralize","floor":6,"key":"SMITH"},{"floor":15,"key":"REST"}],"neow_cost":"NONE","seed_source_timestamp":43805923378739,"circlet_count":0,"master_deck":["AscendersBane","Defend_G","Defend_G","Defend_G","Defend_G+1","Defend_G","Strike_G","Strike_G","Strike_G","Survivor+1","Neutralize+1","Backflip","Backflip","Riddle With Holes","Dash","Dagger Throw","Corpse Explosion","Cloak And Dagger","Wraith Form v2","Prepared","Backflip+1","Noxious Fumes"],"relics":["Ring of the Snake","NeowsBlessing","War Paint","Vajra","Bottled Lightning","Ninja Scroll","Juzu Bracelet","Bronze Scales","Letter Opener","Sozu","WingedGreaves","Toxic Egg 2"],"potions_floor_usage":[20,20],"damage_taken":[{"damage":0,"enemies":"Cultist","floor":1,"turns":1},{"damage":0,"enemies":"Gremlin Nob","floor":7,"turns":1},{"damage":0,"enemies":"Small Slimes","floor":8,"turns":1},{"damage":5,"enemies":"3 Sentries","floor":11,"turns":9},{"damage":0,"enemies":"Jaw Worm","floor":12,"turns":2},{"damage":18,"enemies":"Lagavulin","floor":14,"turns":6},{"damage":21,"enemies":"Hexaghost","floor":16,"turns":12},{"damage":1,"enemies":"2 Thieves","floor":18,"turns":3},{"damage":8,"enemies":"Colosseum Slavers","floor":20,"turns":4},{"damage":13,"enemies":"Colosseum Nobs","floor":20,"turns":3},{"damage":2,"enemies":"Shell Parasite","floor":21,"turns":4},{"damage":27,"enemies":"Gremlin Leader","floor":23,"turns":4}],"seed_played":"9222959241724011328","potions_obtained":[{"floor":12,"key":"Swift Potion"},{"floor":14,"key":"Energy Potion"}],"is_trial":false,"path_per_floor":["M","?","?","$","T","R","E","M","T","?","E","M","$","E","R","B",null,"M","?","?","M","$","E"],"character_chosen":"THE_SILENT","items_purchased":["Vajra","Corpse Explosion"],"campfire_rested":1,"item_purchase_floors":[4,13],"current_hp_per_floor":[59,48,30,30,30,30,30,30,30,30,25,25,25,7,26,5,51,50,50,29,27,27,0],"gold":86,"neow_bonus":"THREE_ENEMY_KILL","is_prod":false,"is_daily":false,"chose_seed":false,"campfire_upgraded":1,"win_rate":0,"timestamp":1554928114,"path_taken":["M","?","?","$","?","R","E","?","T","?","E","M","$","E","R","BOSS","M","?","?","M","$","E"],"build_version":"2019-01-23","purchased_purges":2,"victory":false,"max_hp_per_floor":[66,66,66,66,66,66,66,66,66,66,66,66,66,66,66,66,66,66,66,66,66,66,66],"card_choices":[{"not_picked":["Dodge and Roll","Outmaneuver"],"picked":"Backflip","floor":1},{"not_picked":["Eviscerate","Catalyst"],"picked":"Backflip","floor":7},{"not_picked":["Outmaneuver","Tactician"],"picked":"Riddle With Holes","floor":8},{"not_picked":["Acrobatics","Deflect"],"picked":"Dash","floor":11},{"not_picked":["Deflect","Prepared"],"picked":"Dagger Throw","floor":12},{"not_picked":["Outmaneuver","Choke"],"picked":"Cloak And Dagger","floor":14},{"not_picked":["Adrenaline","Glass Knife"],"picked":"Wraith Form v2","floor":16},{"not_picked":["Dagger Spray","Flechettes"],"picked":"Prepared","floor":18},{"not_picked":["Finisher","Sucker Punch"],"picked":"Backflip","floor":20},{"not_picked":["Dagger Throw","Dagger Spray"],"picked":"Noxious Fumes","floor":21}],"player_experience":1579202,"relics_obtained":[{"floor":5,"key":"Bottled Lightning"},{"floor":7,"key":"Ninja Scroll"},{"floor":9,"key":"Juzu Bracelet"},{"floor":11,"key":"Bronze Scales"},{"floor":14,"key":"Letter Opener"},{"floor":20,"key":"WingedGreaves"},{"floor":20,"key":"Toxic Egg 2"}],"event_choices":[{"damage_healed":0,"gold_gain":75,"player_choice":"Gather Gold","damage_taken":11,"max_hp_gain":0,"max_hp_loss":0,"event_name":"World of Goop","floor":2,"gold_loss":0},{"damage_healed":0,"gold_gain":0,"player_choice":"Success","damage_taken":18,"relics_obtained":["War Paint"],"max_hp_gain":0,"max_hp_loss":0,"event_name":"Scrap Ooze","floor":3,"gold_loss":0},{"damage_healed":0,"gold_gain":150,"player_choice":"AGREE","damage_taken":0,"max_hp_gain":0,"max_hp_loss":0,"event_name":"Liars Game","floor":10,"gold_loss":0,"cards_obtained":["Doubt"]},{"cards_removed":["Strike_G"],"damage_healed":0,"gold_gain":0,"player_choice":"Gave Gold","damage_taken":0,"max_hp_gain":0,"max_hp_loss":0,"event_name":"Beggar","floor":19,"gold_loss":75},{"damage_healed":0,"gold_gain":0,"player_choice":"Fight","damage_taken":0,"max_hp_gain":0,"max_hp_loss":0,"event_name":"Colosseum","floor":20,"gold_loss":0},{"damage_healed":0,"gold_gain":0,"player_choice":"Fought Nobs","damage_taken":0,"max_hp_gain":0,"max_hp_loss":0,"event_name":"Colosseum","floor":20,"gold_loss":0}],"is_beta":false,"boss_relics":[{"not_picked":["Philosopher\u0027s Stone","Cursed Key"],"picked":"Sozu"}],"items_purged_floors":[13,22],"is_endless":false,"potions_floor_spawned":[12,14,20,21],"killed_by":"Gremlin Leader","ascension_level":20}