{"gold_per_floor":[117,128,203,9,9,9,34,58,81,81,122,235,27,112,112,190,190,206,262,152,197,242,242,292,292,292,350,350,393,318,345,345,421,421,460,682,46,83,123,178,178,231,257,257,315,332,358,373,373,373,423,423,423,42,75,75],"floor_reached":57,"playtime":3390,"items_purged":["Strike_G"],"score":3118,"play_id":"052614b2-0cbf-4c48-ac70-0d6794fd2d8f","local_time":"20190913105032","is_ascension_mode":true,"campfire_choices":[{"data":"HandOfGreed","floor":6,"key":"SMITH"},{"data":"Neutralize","floor":10,"key":"SMITH"},{"data":"Apotheosis","floor":15,"key":"SMITH"},{"data":"Wraith Form v2","floor":23,"key":"SMITH"},{"data":"Well Laid Plans","floor":25,"key":"SMITH"},{"floor":28,"key":"RECALL"},{"data":"Burst","floor":32,"key":"SMITH"},{"data":"Crippling Poison","floor":41,"key":"SMITH"},{"data":"Acrobatics","floor":44,"key":"SMITH"},{"data":"Secret Technique","floor":49,"key":"SMITH"},{"data":"PiercingWail","floor":53,"key":"SMITH"}],"neow_cost":"NONE","seed_source_timestamp":3378024562703,"circlet_count":0,"master_deck":["AscendersBane","Strike_G","Strike_G","Defend_G+1","Defend_G","Defend_G","Defend_G","Defend_G","Survivor","Neutralize+1","Predator","Quick Slash+1","HandOfGreed+1","Deadly Poison","PiercingWail+1","Apotheosis+1","Deadly Poison+1","Wraith Form v2+1","Acrobatics+1","Dagger Spray","Well Laid Plans+1","Poisoned Stab","Burst+1","Caltrops+1","Glass Knife","Crippling Poison+1","Noxious Fumes+1","Secret Technique+1","PiercingWail+1","Dodge and Roll","Deflect+1","Backflip","Backflip+1"],"relics":["Ring of the Snake","Ninja Scroll","Dream Catcher","Bag of Marbles","Blood Vial","Happy Flower","Coffee Dripper","Red Mask","Thread and Needle","Frozen Egg 2","Bottled Tornado","War Paint","Philosopher\u0027s Stone","Letter Opener","Dead Branch","Bronze Scales","Unceasing Top","HornCleat","TwistedFunnel","Snake Skull","Mummified Hand"],"potions_floor_usage":[12,50,56],"damage_taken":[{"damage":0,"enemies":"2 Louse","floor":1,"turns":3},{"damage":1,"enemies":"Jaw Worm","floor":2,"turns":4},{"damage":26,"enemies":"Gremlin Nob","floor":7,"turns":4},{"damage":0,"enemies":"Cultist","floor":11,"turns":2},{"damage":10,"enemies":"3 Sentries","floor":12,"turns":7},{"damage":14,"enemies":"3 Sentries","floor":14,"turns":10},{"damage":19,"enemies":"Hexaghost","floor":16,"turns":9},{"damage":9,"enemies":"Shell Parasite","floor":18,"turns":4},{"damage":8,"enemies":"Masked Bandits","floor":19,"turns":3},{"damage":10,"enemies":"Spheric Guardian","floor":21,"turns":4},{"damage":0,"enemies":"Snecko","floor":22,"turns":6},{"damage":2,"enemies":"Book of Stabbing","floor":24,"turns":6},{"damage":20,"enemies":"Slavers","floor":27,"turns":8},{"damage":6,"enemies":"Snake Plant","floor":29,"turns":3},{"damage":0,"enemies":"Book of Stabbing","floor":31,"turns":5},{"damage":6,"enemies":"Automaton","floor":33,"turns":10},{"damage":0,"enemies":"Orb Walker","floor":35,"turns":4},{"damage":6,"enemies":"3 Darklings","floor":38,"turns":4},{"damage":1,"enemies":"4 Shapes","floor":39,"turns":5},{"damage":0,"enemies":"Nemesis","floor":40,"turns":7},{"damage":0,"enemies":"Reptomancer","floor":42,"turns":5},{"damage":7,"enemies":"Nemesis","floor":45,"turns":7},{"damage":0,"enemies":"Transient","floor":46,"turns":6},{"damage":0,"enemies":"Giant Head","floor":47,"turns":7},{"damage":0,"enemies":"3 Darklings","floor":48,"turns":2},{"damage":38,"enemies":"Time Eater","floor":50,"turns":12},{"damage":3,"enemies":"Awakened One","floor":51,"turns":15},{"damage":0,"enemies":"Shield and Spear","floor":55,"turns":5},{"damage":5,"enemies":"The Heart","floor":56,"turns":9}],"seed_played":"5768006124126304351","potions_obtained":[{"floor":1,"key":"PowerPotion"},{"floor":7,"key":"Regen Potion"},{"floor":14,"key":"Fire Potion"},{"floor":16,"key":"SkillPotion"},{"floor":18,"key":"GhostInAJar"},{"floor":39,"key":"GhostInAJar"}],"is_trial":false,"path_per_floor":["M","M","?","$","?","R","E","T","T","R","M","?","$","E","R","B",null,"M","?","?","M","M","R","E","R","T","E","R","M","?","E","R","B",null,"M","?","$","M","M","E","R","E","T","R","E","M","E","M","R","B","B",null,"R","$","E","B",null],"character_chosen":"THE_SILENT","items_purchased":["HandOfGreed","Apotheosis","Noxious Fumes+1","Letter Opener","Secret Technique","TwistedFunnel","Snake Skull","Block Potion"],"campfire_rested":0,"item_purchase_floors":[4,13,37,37,37,54,54,54],"current_hp_per_floor":[65,64,53,53,53,53,27,27,27,27,27,32,32,20,20,3,55,48,42,42,34,36,36,36,36,36,18,18,14,14,16,16,12,57,59,59,59,55,56,58,58,60,60,60,55,57,59,61,61,25,24,60,60,60,62,59],"gold":75,"neow_bonus":"TEN_PERCENT_HP_BONUS","is_prod":false,"is_daily":false,"chose_seed":false,"campfire_upgraded":10,"win_rate":0,"timestamp":1568364632,"path_taken":["M","M","?","$","?","R","E","?","T","R","?","?","?","E","R","BOSS","M","?","?","M","?","R","E","R","T","E","R","M","?","E","R","BOSS","M","?","$","M","M","E","R","E","T","R","E","M","E","M","R","BOSS","BOSS","R","$","E","BOSS"],"build_version":"2019-09-12","purchased_purges":1,"victory":true,"max_hp_per_floor":[72,72,72,72,72,72,72,72,72,72,72,72,72,72,72,72,72,72,72,72,72,72,72,72,72,72,72,72,72,72,72,72,72,72,72,72,72,72,72,72,72,72,72,72,72,72,72,72,72,72,72,72,72,72,72,72],"card_choices":[{"not_picked":["Slice","Sucker Punch"],"picked":"Predator","floor":1},{"not_picked":["Outmaneuver","Bane"],"picked":"Quick Slash","floor":2},{"not_picked":["Underhanded Strike","Tactician","Prepared"],"picked":"SKIP","floor":7},{"not_picked":["Distraction","Sucker Punch"],"picked":"Deadly Poison","floor":11},{"not_picked":["Endless Agony","Calculated Gamble"],"picked":"PiercingWail","floor":12},{"not_picked":["Skewer","Backflip"],"picked":"Deadly Poison","floor":14},{"not_picked":["Malaise","Envenom"],"picked":"Wraith Form v2","floor":16},{"not_picked":["Setup+1","Expertise"],"picked":"Acrobatics","floor":18},{"not_picked":["Heel Hook","Underhanded Strike"],"picked":"Dagger Spray","floor":19},{"not_picked":["Leg Sweep","Blade Dance"],"picked":"Well Laid Plans","floor":21},{"not_picked":["Blade Dance+1","Expertise","Dagger Throw"],"picked":"SKIP","floor":22},{"not_picked":["Unload","Underhanded Strike"],"picked":"Poisoned Stab","floor":24},{"not_picked":["Reflex","Dodge and Roll"],"picked":"Burst","floor":27},{"not_picked":["Underhanded Strike","Skewer"],"picked":"Caltrops+1","floor":29},{"not_picked":["Poisoned Stab","Choke","Tactician+1"],"picked":"SKIP","floor":31},{"not_picked":["Burst","Envenom+1"],"picked":"Glass Knife","floor":33},{"not_picked":["Outmaneuver","Dagger Spray"],"picked":"Crippling Poison","floor":35},{"not_picked":["Noxious Fumes+1","Endless Agony+1"],"picked":"PiercingWail+1","floor":38},{"not_picked":["Finisher","Slice+1","Cloak And Dagger"],"picked":"SKIP","floor":39},{"not_picked":["Masterful Stab","Cloak And Dagger"],"picked":"Dodge and Roll","floor":40},{"not_picked":["Poisoned Stab","Storm of Steel","Tactician"],"picked":"SKIP","floor":42},{"not_picked":["Blade Dance+1","Masterful Stab"],"picked":"Deflect+1","floor":45},{"not_picked":["Poisoned Stab","Choke"],"picked":"Backflip","floor":46},{"not_picked":["Slice","Dodge and Roll"],"picked":"Backflip+1","floor":47},{"not_picked":["Terror","Blade Dance+1","Setup"],"picked":"SKIP","floor":48},{"not_picked":["Cloak And Dagger","Dagger Throw","Predator"],"picked":"SKIP","floor":55}],"player_experience":2032505,"relics_obtained":[{"floor":7,"key":"Ninja Scroll"},{"floor":8,"key":"Dream Catcher"},{"floor":9,"key":"Bag of Marbles"},{"floor":12,"key":"Blood Vial"},{"floor":14,"key":"Happy Flower"},{"floor":19,"key":"Red Mask"},{"floor":24,"key":"Thread and Needle"},{"floor":26,"key":"Frozen Egg 2"},{"floor":27,"key":"Bottled Tornado"},{"floor":31,"key":"War Paint"},{"floor":40,"key":"Dead Branch"},{"floor":42,"key":"Bronze Scales"},{"floor":45,"key":"Unceasing Top"},{"floor":47,"key":"HornCleat"},{"floor":55,"key":"Mummified Hand"}],"event_choices":[{"damage_healed":0,"gold_gain":75,"player_choice":"Gather Gold","damage_taken":11,"max_hp_gain":0,"max_hp_loss":0,"event_name":"World of Goop","floor":3,"gold_loss":0},{"damage_healed":0,"gold_gain":0,"player_choice":"Ignored","damage_taken":0,"max_hp_gain":0,"max_hp_loss":0,"event_name":"Liars Game","floor":5,"gold_loss":0},{"damage_healed":0,"gold_gain":30,"player_choice":"Searched \u00272\u0027 times","damage_taken":0,"max_hp_gain":0,"max_hp_loss":0,"event_name":"Dead Adventurer","floor":12,"gold_loss":0},{"damage_healed":0,"gold_gain":0,"player_choice":"Fought Bandits","damage_taken":0,"max_hp_gain":0,"max_hp_loss":0,"event_name":"Masked Bandits","floor":19,"gold_loss":0},{"cards_removed":["Strike_G"],"damage_healed":0,"gold_gain":0,"player_choice":"Upgrade and Remove","damage_taken":0,"max_hp_gain":0,"max_hp_loss":0,"event_name":"Designer","floor":20,"gold_loss":110,"cards_upgraded":["Quick Slash"]},{"cards_removed":["Strike_G"],"damage_healed":0,"gold_gain":0,"player_choice":"Gave Gold","damage_taken":0,"max_hp_gain":0,"max_hp_loss":0,"event_name":"Beggar","floor":30,"gold_loss":75},{"damage_healed":0,"gold_gain":222,"player_choice":"Wore Mask","damage_taken":0,"max_hp_gain":0,"max_hp_loss":0,"event_name":"Tomb of Lord Red Mask","floor":36,"gold_loss":0}],"is_beta":true,"boss_relics":[{"not_picked":["Velvet Choker","SlaversCollar"],"picked":"Coffee Dripper"},{"not_picked":["HoveringKite","Cursed Key"],"picked":"Philosopher\u0027s Stone"}],"items_purged_floors":[37],"is_endless":false,"potions_floor_spawned":[1,7,14,16,18,21,22,24,31,39,40,48],"ascension_level":20}