{"gold_per_floor":[117,117,117,192,20,20,53,65,65,95,109,109,109,109,109,209,209,224,238],"floor_reached":19,"playtime":829,"items_purged":["Strike_P"],"score":210,"play_id":"aed3e1ae-db4a-4425-9e75-736b9e6e02c4","local_time":"20190912140736","is_ascension_mode":true,"campfire_choices":[{"data":"Eruption","floor":6.0,"key":"SMITH"},{"data":"DeceiveReality","floor":13.0,"key":"SMITH"},{"data":"CrushJoints","floor":15.0,"key":"SMITH"}],"neow_cost":"NONE","seed_source_timestamp":0,"circlet_count":0,"master_deck":["Strike_P+1","Strike_P","Strike_P","Defend_P","Defend_P+1","Defend_P","Defend_P","Eruption+1","Vigilance","CrushJoints+1","FearNoEvil","FollowUp","Unraveling","DeceiveReality+1","Protect","Prostrate","Vault","BowlingBash"],"special_seed":0,"relics":["PureWater","NeowsBlessing","Meat on the Bone","Pantograph","Ornamental Fan","Shuriken","Pen Nib","Mummified Hand","Coffee Dripper"],"potions_floor_usage":[],"damage_taken":[{"damage":0.0,"enemies":"Jaw Worm","floor":1.0,"turns":1.0},{"damage":0.0,"enemies":"Gremlin Nob","floor":7.0,"turns":1.0},{"damage":0.0,"enemies":"2 Louse","floor":8.0,"turns":2.0},{"damage":4.0,"enemies":"3 Sentries","floor":10.0,"turns":6.0},{"damage":0.0,"enemies":"Small Slimes","floor":11.0,"turns":1.0},{"damage":31.0,"enemies":"The Guardian","floor":16.0,"turns":16.0},{"damage":5.0,"enemies":"3 Byrds","floor":18.0,"turns":7.0},{"damage":0.0,"enemies":"Chosen","floor":19.0,"turns":4.0}],"seed_played":"5716565238444389412","potions_obtained":[{"floor":7.0,"key":"GamblersBrew"},{"floor":8.0,"key":"PowerPotion"},{"floor":10.0,"key":"FairyPotion"},{"floor":11.0,"key":"Swift Potion"}],"is_trial":false,"path_per_floor":["M","?","?","T","$","R","E","M","T","E","M","$","R","T","R","B",null,"M","M"],"character_chosen":"WATCHER","items_purchased":["FearNoEvil","FollowUp"],"campfire_rested":0,"item_purchase_floors":[5,5],"current_hp_per_floor":[65,52,45,45,45,45,45,45,45,41,41,41,41,41,41,34,65,60,60],"gold":238,"neow_bonus":"THREE_ENEMY_KILL","is_prod":false,"is_daily":false,"chose_seed":false,"campfire_upgraded":3,"win_rate":0,"timestamp":1568290056,"path_taken":["M","?","?","?","?","R","E","M","T","E","M","$","R","?","R","BOSS","M","M"],"build_version":"2019-09-11v2","purchased_purges":1,"victory":false,"max_hp_per_floor":[65,65,65,65,65,65,65,65,65,65,65,65,65,65,65,65,65,65,65],"card_choices":[{"not_picked":["Prostrate","InnerPeace"],"picked":"CrushJoints","floor":1.0},{"not_picked":["WreathOfFlame","CrushJoints"],"picked":"Unraveling","floor":7.0},{"not_picked":["CrushJoints","InnerPeace"],"picked":"DeceiveReality","floor":8.0},{"not_picked":["Devotion","Metaphysics"],"picked":"Protect","floor":10.0},{"not_picked":["EmptyMind","CarveReality"],"picked":"Prostrate","floor":11.0},{"not_picked":["BattleHymn","ReachHeaven"],"picked":"Vault","floor":16.0},{"not_picked":["WreathOfFlame","Tantrum"],"picked":"BowlingBash","floor":18.0}],"player_experience":2028624,"relics_obtained":[{"floor":4.0,"key":"Pantograph"},{"floor":7.0,"key":"Ornamental Fan"},{"floor":9.0,"key":"Shuriken"},{"floor":10.0,"key":"Pen Nib"},{"floor":14.0,"key":"Mummified Hand"}],"event_choices":[{"damage_healed":0.0,"max_hp_gain":0.0,"max_hp_loss":0.0,"gold_gain":0.0,"event_name":"Shining Light","player_choice":"Entered Light","floor":2.0,"gold_loss":0.0,"damage_taken":13.0,"cards_upgraded":["Defend_P","Strike_P"]},{"damage_healed":0.0,"max_hp_gain":0.0,"max_hp_loss":0.0,"gold_gain":0.0,"event_name":"Scrap Ooze","player_choice":"Success","floor":3.0,"gold_loss":0.0,"damage_taken":7.0,"relics_obtained":["Meat on the Bone"]}],"is_beta":true,"boss_relics":[{"not_picked":["Black Star","SlaversCollar"],"picked":"Coffee Dripper"}],"items_purged_floors":[5],"is_endless":false,"potions_floor_spawned":[7,8,10,11,16],"killed_by":"Chosen","ascension_level":1}