{"gold_per_floor":[13,13,23,43,62,62,78,78,78,92,92,104,134,134,134,134],"floor_reached":16,"playtime":883,"items_purged":[],"score":187,"play_id":"d0b5d970-3a17-4703-bbad-2cb21900411c","local_time":"20181030232440","is_ascension_mode":true,"campfire_choices":[{"data":"Whirlwind","floor":6,"key":"SMITH"},{"data":"Seeing Red","floor":8,"key":"SMITH"},{"data":"Rampage","floor":15,"key":"SMITH"}],"neow_cost":"NO_GOLD","seed_source_timestamp":58337155246038,"circlet_count":0,"master_deck":["Strike_R","Strike_R","Strike_R","Strike_R","Strike_R+1","Defend_R","Defend_R","Defend_R","Defend_R","Bash","AscendersBane","Warcry","Whirlwind+1","Uppercut","Iron Wave+1","Seeing Red+1","Thunderclap","Clothesline","Rampage+1"],"relics":["Burning Blood","Bottled Lightning","Ornamental Fan"],"potions_floor_usage":[16,16],"damage_taken":[{"damage":6,"enemies":"2 Louse","floor":1,"turns":3},{"damage":9,"enemies":"Jaw Worm","floor":3,"turns":4},{"damage":5,"enemies":"Cultist","floor":4,"turns":4},{"damage":13,"enemies":"Red Slaver","floor":5,"turns":4},{"damage":7,"enemies":"2 Fungi Beasts","floor":7,"turns":4},{"damage":0,"enemies":"Exordium Wildlife","floor":10,"turns":3},{"damage":10,"enemies":"3 Louse","floor":12,"turns":2},{"damage":23,"enemies":"Lagavulin","floor":13,"turns":6},{"damage":33,"enemies":"The Guardian","floor":16,"turns":8}],"seed_played":"35539262354354426","potions_obtained":[{"floor":3,"key":"Swift Potion"},{"floor":7,"key":"Swift Potion"},{"floor":12,"key":"Strength Potion"}],"is_trial":false,"path_per_floor":["M","?","M","M","M","R","M","R","T","M","?","M","E","$","R"],"character_chosen":"IRONCLAD","items_purchased":[],"campfire_rested":0,"item_purchase_floors":[],"current_hp_per_floor":[82,82,79,80,73,73,72,72,72,78,51,47,30,30,30,0],"gold":134,"neow_bonus":"TWENTY_PERCENT_HP_BONUS","is_prod":false,"is_daily":false,"chose_seed":false,"campfire_upgraded":3,"win_rate":0,"timestamp":1540938280,"path_taken":["M","?","M","M","?","R","M","R","T","M","?","?","E","$","R","BOSS"],"build_version":"2018-10-29v2","purchased_purges":0,"victory":false,"max_hp_per_floor":[89,89,89,89,89,89,89,89,89,89,89,89,89,89,89,89],"card_choices":[{"not_picked":["Anger","Bloodletting"],"picked":"Warcry","floor":1},{"not_picked":["Perfected Strike","Body Slam"],"picked":"Whirlwind","floor":3},{"not_picked":["Body Slam","Armaments"],"picked":"Uppercut","floor":4},{"not_picked":["Armaments","Thunderclap"],"picked":"Iron Wave","floor":5},{"not_picked":["Twin Strike","Perfected Strike"],"picked":"Seeing Red","floor":7},{"not_picked":["Body Slam","Searing Blow"],"picked":"Thunderclap","floor":10},{"not_picked":["Body Slam","Iron Wave"],"picked":"Clothesline","floor":12},{"not_picked":["Evolve","Iron Wave"],"picked":"Rampage","floor":13}],"player_experience":721669,"relics_obtained":[{"floor":9,"key":"Bottled Lightning"},{"floor":13,"key":"Ornamental Fan"}],"event_choices":[{"damage_healed":0,"gold_gain":0,"player_choice":"Leave","damage_taken":0,"max_hp_gain":0,"max_hp_loss":0,"event_name":"The Cleric","floor":2,"gold_loss":0},{"damage_healed":0,"gold_gain":0,"player_choice":"Entered Light","damage_taken":27,"max_hp_gain":0,"max_hp_loss":0,"event_name":"Shining Light","floor":11,"gold_loss":0,"cards_upgraded":["Strike_R","Iron Wave"]}],"is_beta":true,"boss_relics":[],"items_purged_floors":[],"is_endless":false,"potions_floor_spawned":[3,7,12],"killed_by":"The Guardian","ascension_level":16}