{"gold_per_floor":[110,110,125,37,112,137,137,137,137,137,61,88,104,29,29,108,108,123,134,9,9,9,41,41,41],"floor_reached":25,"playtime":730,"items_purged":["Perfected Strike"],"score":450,"play_id":"17acf00b-51b7-46fa-990f-186a25b0626d","local_time":"20190823143220","is_ascension_mode":true,"campfire_choices":[{"data":"Inflame","floor":10,"key":"SMITH"},{"data":"Shockwave","floor":15,"key":"SMITH"},{"floor":24,"key":"DIG"}],"neow_cost":"NONE","seed_source_timestamp":0,"circlet_count":0,"master_deck":["AscendersBane","Bash","Inflame+1","Shockwave+1","Spot Weakness","Sword Boomerang","Battle Trance","Flame Barrier","Immolate","Reckless Charge","Impervious","Limit Break","Thunderclap","Metallicize","Clash","Entrench","Spot Weakness","Heavy Blade","Ghostly","Ghostly","Ghostly","RitualDagger","Metallicize"],"special_seed":0,"relics":["Burning Blood","Ancient Tea Set","StoneCalendar","Shovel","Letter Opener","Pandora\u0027s Box","Oddly Smooth Stone","Juzu Bracelet"],"potions_floor_usage":[12,16,25,25],"damage_taken":[{"damage":1.0,"enemies":"2 Louse","floor":1.0,"turns":4.0},{"damage":10.0,"enemies":"Small Slimes","floor":3.0,"turns":5.0},{"damage":17.0,"enemies":"Lagavulin","floor":6.0,"turns":5.0},{"damage":19,"enemies":"3 Sentries","floor":12,"turns":6},{"damage":0,"enemies":"Jaw Worm","floor":13,"turns":3},{"damage":4,"enemies":"Hexaghost","floor":16,"turns":7},{"damage":24,"enemies":"Chosen","floor":18,"turns":4},{"damage":0,"enemies":"Spheric Guardian","floor":19,"turns":4},{"damage":33,"enemies":"Book of Stabbing","floor":23,"turns":7},{"damage":16,"enemies":"Gremlin Leader","floor":25,"turns":2}],"seed_played":"6350939040731435470","potions_obtained":[{"floor":1.0,"key":"Strength Potion"},{"floor":3.0,"key":"Swift Potion"},{"floor":12,"key":"Fire Potion"},{"floor":13,"key":"SkillPotion"},{"floor":23,"key":"EssenceOfSteel"}],"is_trial":false,"path_per_floor":["M","?","M","$","?","E","?","?","T","R","$","E","M","?","R","B",null,"M","M","$","?","?","E","R","E"],"character_chosen":"IRONCLAD","items_purchased":["Spot Weakness","Battle Trance","Heavy Blade"],"campfire_rested":0,"item_purchase_floors":[4,11,20],"current_hp_per_floor":[73,50,46,46,35,24,24,29,29,29,29,16,22,22,22,24,66,48,54,54,40,34,7,7,0],"gold":41,"neow_bonus":"RANDOM_COMMON_RELIC","is_prod":false,"is_daily":false,"chose_seed":false,"campfire_upgraded":2,"win_rate":0,"timestamp":1566563540,"path_taken":["M","?","M","$","?","E","?","?","T","R","$","E","M","?","R","BOSS","M","M","$","?","?","E","R","E"],"build_version":"2019-07-17","purchased_purges":1,"victory":false,"max_hp_per_floor":[75,75,75,75,75,75,75,80,80,80,80,80,80,80,80,80,80,80,80,80,40,40,40,40,40],"card_choices":[{"not_picked":["Anger","Wild Strike"],"picked":"Inflame","floor":1.0},{"not_picked":["Body Slam","Havoc"],"picked":"Shockwave","floor":3.0},{"not_picked":["Sentinel","Thunderclap"],"picked":"Sword Boomerang","floor":6.0},{"not_picked":["Entrench","Ghostly Armor"],"picked":"Flame Barrier","floor":12},{"not_picked":["Clothesline","Thunderclap","Havoc"],"picked":"SKIP","floor":13},{"not_picked":["Brutality","Exhume"],"picked":"Immolate","floor":16},{"not_picked":["Wild Strike","Body Slam","Pommel Strike"],"picked":"SKIP","floor":18},{"not_picked":["Hemokinesis","Thunderclap+1"],"picked":"Spot Weakness","floor":19},{"not_picked":["Armaments","Warcry"],"picked":"Metallicize","floor":23}],"player_experience":1957522,"relics_obtained":[{"floor":6.0,"key":"StoneCalendar"},{"floor":9,"key":"Shovel"},{"floor":12,"key":"Letter Opener"},{"floor":23,"key":"Oddly Smooth Stone"},{"floor":24,"key":"Juzu Bracelet"}],"event_choices":[{"damage_healed":0.0,"max_hp_gain":0.0,"max_hp_loss":0.0,"gold_gain":0.0,"event_name":"Shining Light","player_choice":"Entered Light","floor":2.0,"gold_loss":0.0,"damage_taken":23.0,"cards_upgraded":["Strike_R","Defend_R"]},{"damage_healed":0.0,"max_hp_gain":0.0,"max_hp_loss":0.0,"gold_gain":75.0,"event_name":"World of Goop","player_choice":"Gather Gold","floor":5.0,"gold_loss":0.0,"damage_taken":11.0},{"damage_healed":0,"gold_gain":0,"player_choice":"Fled","damage_taken":0,"max_hp_gain":0,"max_hp_loss":0,"event_name":"Scrap Ooze","floor":7,"gold_loss":0},{"damage_healed":0,"gold_gain":0,"player_choice":"Donut","damage_taken":0,"max_hp_gain":5,"max_hp_loss":0,"event_name":"Big Fish","floor":8,"gold_loss":0},{"cards_removed":["Strike_R"],"damage_healed":0,"gold_gain":0,"player_choice":"Card Removal","damage_taken":0,"max_hp_gain":0,"max_hp_loss":0,"event_name":"The Cleric","floor":14,"gold_loss":75},{"damage_healed":0,"gold_gain":0,"player_choice":"Became a Ghost","damage_taken":0,"max_hp_gain":0,"max_hp_loss":40,"event_name":"Ghosts","floor":21,"gold_loss":0,"cards_obtained":["Ghostly","Ghostly","Ghostly"]},{"damage_healed":0,"gold_gain":0,"player_choice":"Joined the Cult","damage_taken":6,"max_hp_gain":0,"max_hp_loss":0,"event_name":"Nest","floor":22,"gold_loss":0,"cards_obtained":["RitualDagger"]}],"is_beta":false,"boss_relics":[{"not_picked":["Black Blood","White Beast Statue"],"picked":"Pandora\u0027s Box"}],"items_purged_floors":[20],"is_endless":false,"potions_floor_spawned":[1,3,12,13,23],"killed_by":"Gremlin Leader","ascension_level":20}