{"gold_per_floor":[118,128,140,150,222,254,254,289,289,289,317,327,30,47,47,143,143,118,129,139,158,169,169,195,195,195,195,210,225,225,225,225,225],"floor_reached":33,"playtime":2600,"items_purged":[],"score":435,"play_id":"891b4000-58f3-4b63-9fa5-0a601306be04","local_time":"20180904215032","is_ascension_mode":true,"campfire_choices":[{"data":"Neutralize","floor":7,"key":"SMITH"},{"data":"Glass Knife","floor":10,"key":"SMITH"},{"data":"Dash","floor":15,"key":"SMITH"},{"floor":23,"key":"REST"},{"floor":25,"key":"REST"},{"floor":30,"key":"REST"},{"floor":32,"key":"REST"}],"neow_cost":"NONE","seed_source_timestamp":46266768776446,"circlet_count":0,"master_deck":["Defend_G","Defend_G","Defend_G","Defend_G","Strike_G","Strike_G+1","Strike_G+1","Strike_G","Survivor","Neutralize+1","Dash+1","Footwork","PiercingWail","Glass Knife+1","Dodge and Roll","Blur","Escape Plan","Footwork","Heel Hook","Dagger Throw","Envenom","Flying Knee+1","Underhanded Strike","Terror","Dodge and Roll+1","Infinite Blades+1","Cloak And Dagger","Dash"],"relics":["Empty Cage","Calipers","Du-Vu Doll","Ornamental Fan","Meat on the Bone","Whetstone","Fusion Hammer","Potion Belt","Darkstone Periapt"],"potions_floor_usage":[6,8,12,27,27,33,33],"damage_taken":[{"damage":3,"enemies":"Jaw Worm","floor":1,"turns":5},{"damage":0,"enemies":"2 Louse","floor":2,"turns":2},{"damage":0,"enemies":"Small Slimes","floor":3,"turns":4},{"damage":0,"enemies":"Red Slaver","floor":4,"turns":6},{"damage":18,"enemies":"3 Sentries","floor":6,"turns":11},{"damage":14,"enemies":"Gremlin Nob","floor":8,"turns":5},{"damage":15,"enemies":"3 Sentries","floor":11,"turns":10},{"damage":10,"enemies":"Exordium Thugs","floor":12,"turns":6},{"damage":1,"enemies":"Looter","floor":14,"turns":4},{"damage":20,"enemies":"Hexaghost","floor":16,"turns":16},{"damage":10,"enemies":"2 Thieves","floor":18,"turns":5},{"damage":16,"enemies":"Shell Parasite","floor":19,"turns":6},{"damage":17,"enemies":"Chosen and Byrds","floor":20,"turns":8},{"damage":0,"enemies":"Snecko","floor":21,"turns":7},{"damage":18,"enemies":"3 Cultists","floor":22,"turns":8},{"damage":37,"enemies":"Slavers","floor":24,"turns":8},{"damage":17,"enemies":"Gremlin Leader","floor":27,"turns":4},{"damage":37,"enemies":"Cultist and Chosen","floor":28,"turns":8},{"damage":13,"enemies":"Snake Plant","floor":29,"turns":5},{"damage":69,"enemies":"Collector","floor":33,"turns":7}],"seed_played":"-8903493330920827821","potions_obtained":[{"floor":1,"key":"AttackPotion"},{"floor":3,"key":"SmokeBomb"},{"floor":4,"key":"Explosive Potion"},{"floor":11,"key":"SpeedPotion"},{"floor":22,"key":"Ancient Potion"},{"floor":24,"key":"Block Potion"},{"floor":29,"key":"LiquidBronze"}],"is_trial":false,"path_per_floor":["M","M","M","M","?","E","R","E","T","R","E","M","$","M","R","B",null,"M","M","M","M","M","R","E","R","T","E","M","M","R","?","R"],"character_chosen":"THE_SILENT","items_purchased":["Footwork","Whetstone","Heel Hook"],"campfire_rested":4,"item_purchase_floors":[13,13,13],"current_hp_per_floor":[60,60,60,60,60,42,42,28,28,28,13,15,15,26,26,18,57,47,43,38,38,32,53,28,49,49,44,19,18,39,39,60,0],"gold":225,"neow_bonus":"BOSS_RELIC","is_prod":false,"is_daily":false,"chose_seed":false,"campfire_upgraded":3,"win_rate":0,"timestamp":1536090632,"path_taken":["M","M","M","M","?","E","R","E","T","R","E","M","$","M","R","BOSS","M","M","M","M","M","R","E","R","T","E","M","M","R","?","R","BOSS"],"build_version":"2018-09-03","purchased_purges":0,"victory":false,"max_hp_per_floor":[70,70,70,70,70,70,70,70,70,70,70,70,70,70,70,70,70,70,70,70,70,70,70,70,70,70,70,70,70,70,70,70,70],"card_choices":[{"not_picked":["Deadly Poison","Riddle With Holes"],"picked":"Dash","floor":1},{"not_picked":["Backstab","Dagger Spray"],"picked":"Footwork","floor":2},{"not_picked":["Deadly Poison","Choke"],"picked":"PiercingWail","floor":3},{"not_picked":["Flechettes","Blade Dance","Poisoned Stab"],"picked":"SKIP","floor":4},{"not_picked":["Blade Dance","Dagger Spray"],"picked":"Glass Knife","floor":6},{"not_picked":["Bouncing Flask","Blur"],"picked":"Dodge and Roll","floor":8},{"not_picked":["Slice","Bouncing Flask"],"picked":"Blur","floor":11},{"not_picked":["Dagger Throw","Catalyst"],"picked":"Escape Plan","floor":12},{"not_picked":["All Out Attack","Slice"],"picked":"Dagger Throw","floor":14},{"not_picked":["Venomology","After Image"],"picked":"Envenom","floor":16},{"not_picked":["Slice","Bane+1"],"picked":"Flying Knee+1","floor":18},{"not_picked":["Dagger Spray","Poisoned Stab","Cloak And Dagger"],"picked":"SKIP","floor":19},{"not_picked":["Dodge and Roll","Crippling Poison","Acrobatics+1"],"picked":"SKIP","floor":20},{"not_picked":["Blade Dance","Poisoned Stab"],"picked":"Underhanded Strike","floor":21},{"not_picked":["Prepared","Deflect"],"picked":"Terror","floor":22},{"not_picked":["Outmaneuver","Escape Plan"],"picked":"Dodge and Roll+1","floor":24},{"not_picked":["Endless Agony","Well Laid Plans"],"picked":"Infinite Blades+1","floor":28},{"not_picked":["Terror","Setup"],"picked":"Cloak And Dagger","floor":29}],"player_experience":384768,"relics_obtained":[{"floor":6,"key":"Calipers"},{"floor":8,"key":"Du-Vu Doll"},{"floor":9,"key":"Ornamental Fan"},{"floor":11,"key":"Meat on the Bone"},{"floor":24,"key":"Potion Belt"},{"floor":26,"key":"Darkstone Periapt"}],"event_choices":[{"event_name":"Golden Wing","player_choice":"Gained Gold","floor":5,"damage_taken":0},{"event_name":"The Library","player_choice":"Read","floor":31,"damage_taken":0}],"is_beta":true,"boss_relics":[{"not_picked":["Pandora\u0027s Box","White Beast Statue"],"picked":"Fusion Hammer"}],"items_purged_floors":[],"is_endless":false,"potions_floor_spawned":[1,3,4,11,22,24,27,29],"killed_by":"Collector","ascension_level":8}