{"gold_per_floor":[115,133,133,133,143,155,80,90,90,90,90],"floor_reached":11,"playtime":386,"items_purged":["Strike_B"],"score":130,"play_id":"7d714c84-b126-4ee1-a619-b7d68c7682ac","local_time":"20190323205228","is_ascension_mode":true,"campfire_choices":[{"data":"White Noise","floor":10,"key":"SMITH"}],"neow_cost":"NONE","seed_source_timestamp":13725162575404,"circlet_count":0,"master_deck":["AscendersBane","Strike_B","Strike_B","Strike_B","Defend_B+1","Defend_B","Defend_B+1","Defend_B","Zap","Dualcast","Rebound","Conserve Battery","White Noise+1","Cold Snap","Blizzard"],"relics":["Cracked Core","Gambling Chip"],"potions_floor_usage":[8,11],"damage_taken":[{"damage":3,"enemies":"2 Louse","floor":1,"turns":3},{"damage":1,"enemies":"Cultist","floor":2,"turns":3},{"damage":0,"enemies":"Jaw Worm","floor":5,"turns":4},{"damage":0,"enemies":"Large Slime","floor":6,"turns":5},{"damage":4,"enemies":"Exordium Thugs","floor":8,"turns":5},{"damage":57,"enemies":"Gremlin Nob","floor":11,"turns":4}],"seed_played":"2969589989562871946","potions_obtained":[{"floor":1,"key":"FocusPotion"},{"floor":2,"key":"FocusPotion"},{"floor":4,"key":"Block Potion"}],"is_trial":false,"path_per_floor":["M","M","?","?","M","M","$","M","T","R","E"],"character_chosen":"DEFECT","items_purchased":[],"campfire_rested":0,"item_purchase_floors":[],"current_hp_per_floor":[61,60,39,39,39,39,39,35,35,35,0],"gold":90,"neow_bonus":"THREE_CARDS","is_prod":false,"is_daily":false,"chose_seed":false,"campfire_upgraded":1,"win_rate":0,"timestamp":1553370748,"path_taken":["M","M","?","?","M","M","$","M","T","R","E"],"build_version":"2019-01-23","purchased_purges":1,"victory":false,"max_hp_per_floor":[71,71,71,71,71,71,71,71,71,71,71],"card_choices":[{"not_picked":["Heatsinks","Beam Cell"],"picked":"Rebound","floor":0},{"not_picked":["Aggregate","Capacitor"],"picked":"Conserve Battery","floor":1},{"not_picked":["Steam","Capacitor"],"picked":"White Noise","floor":2},{"not_picked":["Sweeping Beam","Aggregate"],"picked":"Cold Snap","floor":5},{"not_picked":["Force Field","Compile Driver"],"picked":"Blizzard","floor":6},{"not_picked":["Conserve Battery","Stack","Beam Cell"],"picked":"SKIP","floor":8}],"player_experience":1467212,"relics_obtained":[{"floor":9,"key":"Gambling Chip"}],"event_choices":[{"damage_healed":0,"gold_gain":0,"player_choice":"Entered Light","damage_taken":21,"max_hp_gain":0,"max_hp_loss":0,"event_name":"Shining Light","floor":3,"gold_loss":0,"cards_upgraded":["Defend_B","Defend_B"]},{"damage_healed":0,"gold_gain":0,"player_choice":"Got Potions","damage_taken":0,"max_hp_gain":0,"max_hp_loss":0,"event_name":"Lab","floor":4,"gold_loss":0}],"is_beta":false,"boss_relics":[],"items_purged_floors":[7],"is_endless":false,"potions_floor_spawned":[1,2,6],"killed_by":"Gremlin Nob","ascension_level":20}