{"path_per_floor":["M","?","$","M","?","E","R","M","T","M","R","$","?","E","R"],"character_chosen":"IRONCLAD","items_purchased":["Corruption","Mind Blast","Anchor","Fire Breathing"],"gold_per_floor":[364,364,187,198,198,224,224,238,238,256,256,33,33,62,62,62],"floor_reached":16,"campfire_rested":2,"playtime":604,"item_purchase_floors":[3,3,12,12],"current_hp_per_floor":[40,40,40,46,39,20,20,24,24,20,44,44,37,25,49,0],"items_purged":[],"gold":62,"score":146,"play_id":"d046a7f4-e578-46a5-b153-68a871946986","local_time":"20180527213957","is_prod":false,"is_daily":false,"chose_seed":false,"is_ascension_mode":true,"campfire_upgraded":1,"win_rate":0,"timestamp":1527449997,"campfire_choices":[{"data":"Mind Blast","floor":7,"key":"SMITH"},{"floor":11,"key":"REST"},{"floor":15,"key":"REST"}],"path_taken":["M","?","$","?","?","E","R","M","T","M","R","$","?","E","R","BOSS"],"build_version":"2018-05-25","seed_source_timestamp":35328696939470,"purchased_purges":0,"victory":false,"master_deck":["Strike_R","Strike_R","Strike_R","Strike_R","Strike_R","Defend_R","Defend_R","Defend_R","Bash","Perfected Strike+1","Corruption","Mind Blast+1","Feel No Pain","Impervious","Perfected Strike","Body Slam","Fire Breathing","Sentinel"],"max_hp_per_floor":[80,80,80,80,80,80,80,80,80,80,80,80,80,80,80,80],"relics":["Burning Blood","Question Card","Bottled Flame","Shuriken","Anchor","Blood Vial"],"card_choices":[{"not_picked":["Warcry","Thunderclap"],"picked":"Perfected Strike","floor":1},{"not_picked":["Pummel","Second Wind"],"picked":"Feel No Pain","floor":4},{"not_picked":["Armaments","Carnage","Thunderclap"],"picked":"Impervious","floor":6},{"not_picked":["Iron Wave","Clash","Twin Strike"],"picked":"Perfected Strike","floor":8},{"not_picked":["Seeing Red","Flex","Armaments"],"picked":"Body Slam","floor":10},{"not_picked":["Reckless Charge","Heavy Blade","Warcry"],"picked":"Sentinel","floor":14}],"player_experience":226498,"potions_floor_usage":[6,16,16],"damage_taken":[{"damage":2,"enemies":"Small Slimes","floor":1,"turns":4},{"damage":0,"enemies":"Cultist","floor":4,"turns":4},{"damage":25,"enemies":"Gremlin Nob","floor":6,"turns":4},{"damage":2,"enemies":"2 Louse","floor":8,"turns":2},{"damage":10,"enemies":"Large Slime","floor":10,"turns":4},{"damage":18,"enemies":"3 Sentries","floor":14,"turns":5},{"damage":51,"enemies":"Hexaghost","floor":16,"turns":9}],"relics_obtained":[{"floor":6,"key":"Bottled Flame"},{"floor":9,"key":"Shuriken"},{"floor":14,"key":"Blood Vial"}],"event_choices":[{"event_name":"Living Wall","player_choice":"Grow","floor":2,"damage_taken":0},{"event_name":"Scrap Ooze","player_choice":"success","floor":5,"damage_taken":7},{"event_name":"Golden Wing","player_choice":"Card Removal","floor":13,"damage_taken":0}],"boss_relics":[],"items_purged_floors":[],"potions_floor_spawned":[4,10,14],"seed_played":"-7542743990049931083","killed_by":"Hexaghost","ascension_level":7,"potions_obtained":[{"floor":4,"key":"EssenceOfSteel"},{"floor":10,"key":"FearPotion"},{"floor":14,"key":"EssenceOfSteel"}],"is_trial":false}