{"gold_per_floor":[115,65,89,89,109,109,143,159,159,159,177,210,222,239,239,318,318,318,318,73,73,73,73,73,22,22,22,22,22,22,22,22,22],"floor_reached":33,"playtime":1697,"items_purged":[],"score":544,"play_id":"5a673744-6f2a-4089-a1bc-5a3c6f83a50a","local_time":"20180921100344","is_ascension_mode":true,"campfire_choices":[{"data":"White Noise","floor":6,"key":"SMITH"},{"data":"Dualcast","floor":10,"key":"SMITH"},{"data":"Rip and Tear","floor":15,"key":"SMITH"},{"data":"Echo Form","floor":23,"key":"SMITH"},{"data":"Scrape","floor":27,"key":"SMITH"},{"floor":32,"key":"REST"}],"neow_cost":"NONE","seed_source_timestamp":5671222468746,"circlet_count":0,"master_deck":["Strike_B+1","Strike_B+1","Strike_B+1","Defend_B+1","Defend_B+1","Defend_B+1","Defend_B+1","Zap+1","Dualcast+1","AscendersBane","Rip and Tear+1","White Noise+1","Auto Shields+1","Steam+1","Stack+1","Scrape+1","Cold Snap","Steam+1","Echo Form+1","Redo+1","Barrage+1","White Noise+1","Static Discharge","Hologram+1","Double Energy+1","Go for the Eyes+1","Thunder Strike"],"relics":["Cracked Core","Boot","Toxic Egg 2","Matryoshka","Centennial Puzzle","Ectoplasm","ClockworkSouvenir","MutagenicStrength","Pear","Bag of Marbles","Vajra","Regal Pillow"],"potions_floor_usage":[7,16,29,31,33],"damage_taken":[{"damage":0,"enemies":"2 Louse","floor":1,"turns":3},{"damage":0,"enemies":"Small Slimes","floor":5,"turns":2},{"damage":0,"enemies":"Gremlin Nob","floor":7,"turns":3},{"damage":2,"enemies":"Jaw Worm","floor":8,"turns":3},{"damage":0,"enemies":"2 Fungi Beasts","floor":11,"turns":3},{"damage":19,"enemies":"Lagavulin","floor":12,"turns":7},{"damage":9,"enemies":"Exordium Thugs","floor":13,"turns":4},{"damage":0,"enemies":"Exordium Wildlife","floor":14,"turns":4},{"damage":28,"enemies":"The Guardian","floor":16,"turns":14},{"damage":4,"enemies":"Chosen","floor":18,"turns":3},{"damage":2,"enemies":"Shell Parasite","floor":19,"turns":4},{"damage":33,"enemies":"Book of Stabbing","floor":24,"turns":6},{"damage":34,"enemies":"Gremlin Leader","floor":28,"turns":6},{"damage":2,"enemies":"Shelled Parasite and Fungi","floor":29,"turns":3},{"damage":7,"enemies":"Snecko","floor":31,"turns":3},{"damage":60,"enemies":"Champ","floor":33,"turns":6}],"seed_played":"5761820438587201781","potions_obtained":[{"floor":1,"key":"SkillPotion"},{"floor":12,"key":"Regen Potion"},{"floor":13,"key":"SteroidPotion"},{"floor":24,"key":"GamblersBrew"},{"floor":29,"key":"Ancient Potion"},{"floor":31,"key":"AttackPotion"}],"is_trial":false,"path_per_floor":["M","?","T","?","M","R","E","M","T","R","M","E","M","M","R","B",null,"M","M","$","?","?","R","E","$","T","R","E","M","?","M","R"],"character_chosen":"DEFECT","items_purchased":["ClockworkSouvenir","White Noise+1","Hologram+1"],"campfire_rested":1,"item_purchase_floors":[20,20,25],"current_hp_per_floor":[64,64,64,64,64,64,64,62,62,62,62,43,41,41,41,13,57,53,51,51,51,51,51,35,35,35,35,8,15,15,8,47,0],"gold":22,"neow_bonus":"UPGRADE_CARD","is_prod":false,"is_daily":false,"chose_seed":false,"campfire_upgraded":5,"win_rate":0,"timestamp":1537517024,"path_taken":["M","?","?","?","M","R","E","M","T","R","?","E","M","M","R","BOSS","M","M","$","?","?","R","E","?","T","R","E","M","?","M","R","BOSS"],"build_version":"2018-09-20","purchased_purges":0,"victory":false,"max_hp_per_floor":[71,71,71,71,71,71,71,71,71,71,71,71,71,71,71,71,71,71,71,71,71,71,71,81,81,81,81,81,81,81,81,81,81],"card_choices":[{"not_picked":["BootSequence","Turbo"],"picked":"Rip and Tear","floor":1},{"not_picked":["Conserve Battery","Cold Snap"],"picked":"White Noise","floor":5},{"not_picked":["Streamline","Loop"],"picked":"Auto Shields","floor":7},{"not_picked":["Beam Cell","Turbo+1"],"picked":"Steam+1","floor":8},{"not_picked":["Compile Driver","Doom and Gloom"],"picked":"Stack+1","floor":11},{"not_picked":["Go for the Eyes","Leap+1"],"picked":"Scrape","floor":12},{"not_picked":["Machine Learning","Leap+1"],"picked":"Cold Snap","floor":13},{"not_picked":["Barrage","Beam Cell"],"picked":"Steam+1","floor":14},{"not_picked":["Reboot+1","Hyperbeam"],"picked":"Echo Form","floor":16},{"not_picked":["Beam Cell","Conserve Battery+1"],"picked":"Redo+1","floor":18},{"not_picked":["Blizzard","Stack+1"],"picked":"Barrage+1","floor":19},{"not_picked":["Coolheaded+1","Darkness+1"],"picked":"Static Discharge","floor":24},{"not_picked":["Turbo+1","Heatsinks"],"picked":"Double Energy+1","floor":28},{"not_picked":["Turbo+1","Compile Driver"],"picked":"Go for the Eyes+1","floor":29},{"not_picked":["Hologram+1","Go for the Eyes"],"picked":"Thunder Strike","floor":31}],"player_experience":470020,"relics_obtained":[{"floor":3,"key":"Boot"},{"floor":7,"key":"Toxic Egg 2"},{"floor":9,"key":"Matryoshka"},{"floor":12,"key":"Centennial Puzzle"},{"floor":24,"key":"Pear"},{"floor":26,"key":"Bag of Marbles"},{"floor":26,"key":"Vajra"},{"floor":28,"key":"Regal Pillow"}],"event_choices":[{"event_name":"The Cleric","player_choice":"Card Removal","floor":2,"damage_taken":0},{"event_name":"Liars Game","player_choice":"disagreed","floor":4,"damage_taken":0},{"event_name":"Back to Basics","player_choice":"Simplicity","floor":21,"damage_taken":0},{"event_name":"Drug Dealer","player_choice":"Inject Mutagens","floor":22,"damage_taken":0},{"event_name":"Beggar","player_choice":"Ignored","floor":30,"damage_taken":0}],"is_beta":true,"boss_relics":[{"not_picked":["Velvet Choker","Eternal Feather"],"picked":"Ectoplasm"}],"items_purged_floors":[],"is_endless":false,"potions_floor_spawned":[1,12,13,14,24,29,31],"killed_by":"Champ","ascension_level":14}