{"gold_per_floor":[14,30,44,44,44,73,73,101,101,119,137,164,164,164,164,243,243,216,235,235,235,250,250,268,268,349,349,364,374,386,416,416,495,495,511,511,522,522,522,556,556,567,639,639,652,681,696,571,571,571],"floor_reached":50,"playtime":2178,"items_purged":[],"score":1068,"play_id":"6f0b5afd-fa27-4471-98fd-2b91fc8ce8d8","local_time":"20190208020826","is_ascension_mode":true,"campfire_choices":[{"floor":7.0,"key":"REST"},{"floor":15.0,"key":"REST"},{"floor":23.0,"key":"REST"},{"floor":27.0,"key":"REST"},{"floor":32.0,"key":"REST"},{"floor":41,"key":"REST"},{"floor":44,"key":"REST"},{"floor":49,"key":"RECALL"}],"neow_cost":"NO_GOLD","seed_source_timestamp":0,"circlet_count":0,"master_deck":["AscendersBane","Strike_B","Strike_B","Defend_B","Defend_B","Defend_B","Defend_B","Zap","Dualcast","Biased Cognition+1","BootSequence","Compile Driver","Coolheaded","Sweeping Beam","White Noise","Sweeping Beam","Ball Lightning","Echo Form","Echo Form","Steam+1","Cold Snap","Glacier","Genetic Algorithm","Decay","Loop","FTL","Electrodynamics","Coolheaded+1","Glacier","Capacitor","Capacitor","White Noise+1"],"special_seed":0,"relics":["Cracked Core","Juzu Bracelet","Mummified Hand","Blue Candle","Centennial Puzzle","Odd Mushroom","Black Star","Bottled Tornado","Tiny Chest","Cables","The Courier","Nuclear Battery","Anchor","Letter Opener","Ancient Tea Set","Toxic Egg 2","Gremlin Horn"],"potions_floor_usage":[33,40,50,50],"damage_taken":[{"damage":0.0,"enemies":"2 Louse","floor":1.0,"turns":1.0},{"damage":1.0,"enemies":"Cultist","floor":2.0,"turns":3.0},{"damage":3.0,"enemies":"Small Slimes","floor":3.0,"turns":3.0},{"damage":34.0,"enemies":"Lagavulin","floor":6.0,"turns":8.0},{"damage":26.0,"enemies":"Gremlin Nob","floor":8.0,"turns":4.0},{"damage":1.0,"enemies":"Looter","floor":10.0,"turns":2.0},{"damage":0.0,"enemies":"Red Slaver","floor":11.0,"turns":2.0},{"damage":0.0,"enemies":"The Mushroom Lair","floor":12.0,"turns":2.0},{"damage":22.0,"enemies":"The Guardian","floor":16.0,"turns":10.0},{"damage":12.0,"enemies":"2 Thieves","floor":18.0,"turns":5.0},{"damage":21.0,"enemies":"Shell Parasite","floor":19.0,"turns":6.0},{"damage":3.0,"enemies":"Snecko","floor":22.0,"turns":4.0},{"damage":31.0,"enemies":"Snake Plant","floor":24.0,"turns":5.0},{"damage":0.0,"enemies":"Centurion and Healer","floor":28.0,"turns":6.0},{"damage":0.0,"enemies":"Sentry and Sphere","floor":29.0,"turns":3.0},{"damage":11.0,"enemies":"Snake Plant","floor":30.0,"turns":3.0},{"damage":13.0,"enemies":"Book of Stabbing","floor":31.0,"turns":6.0},{"damage":2,"enemies":"Champ","floor":33,"turns":11},{"damage":4,"enemies":"Orb Walker","floor":35,"turns":3},{"damage":0,"enemies":"3 Darklings","floor":37,"turns":3},{"damage":50,"enemies":"Giant Head","floor":40,"turns":12},{"damage":4,"enemies":"Sphere and 2 Shapes","floor":42,"turns":3},{"damage":0,"enemies":"Maw","floor":45,"turns":8},{"damage":22,"enemies":"Nemesis","floor":46,"turns":7},{"damage":0,"enemies":"Transient","floor":47,"turns":6},{"damage":37,"enemies":"Awakened One","floor":50,"turns":3}],"seed_played":"6789819245558544374","potions_obtained":[{"floor":1.0,"key":"Block Potion"},{"floor":2.0,"key":"Explosive Potion"},{"floor":19.0,"key":"AttackPotion"},{"floor":22.0,"key":"Weak Potion"},{"floor":33,"key":"Poison Potion"},{"floor":40,"key":"Swift Potion"},{"floor":47,"key":"Fruit Juice"}],"is_trial":false,"path_per_floor":["M","M","M","?","?","E","R","E","T","M","M","?","?","?","R","B",null,"M","M","T","?","M","R","M","?","T","R","M","M","M","E","R","B",null,"M","?","M","?","?","E","R","M","T","R","M","E","M","?","R","B"],"character_chosen":"DEFECT","items_purchased":[],"campfire_rested":7,"item_purchase_floors":[],"current_hp_per_floor":[64,63,60,42,42,8,29,3,3,2,2,2,2,2,23,1,54,42,21,21,21,18,39,8,8,8,29,29,29,18,5,26,24,59,55,55,55,55,55,5,25,21,21,41,41,19,19,19,19,0],"gold":571,"neow_bonus":"THREE_RARE_CARDS","is_prod":false,"is_daily":false,"chose_seed":false,"campfire_upgraded":0,"win_rate":0,"timestamp":1549588106,"path_taken":["M","M","M","?","?","E","R","E","T","M","M","?","?","?","R","BOSS","M","M","?","?","M","R","M","?","T","R","M","M","M","E","R","BOSS","M","?","M","?","?","E","R","M","T","R","M","E","M","?","R","BOSS"],"build_version":"2019-01-23","purchased_purges":0,"victory":false,"max_hp_per_floor":[71,71,71,71,71,71,71,71,71,71,71,71,71,71,71,71,71,71,71,71,71,71,71,71,71,71,71,71,71,71,71,71,71,71,71,71,71,67,67,67,67,67,67,67,67,67,67,67,67,72],"card_choices":[{"not_picked":["Meteor Strike","Thunder Strike"],"picked":"Biased Cognition","floor":0.0},{"not_picked":["Beam Cell","Force Field"],"picked":"BootSequence","floor":1.0},{"not_picked":["Stack","Redo"],"picked":"Compile Driver","floor":2.0},{"not_picked":["Sweeping Beam","Heatsinks"],"picked":"Coolheaded","floor":3.0},{"not_picked":["Fusion","Force Field"],"picked":"Sweeping Beam","floor":6.0},{"not_picked":["Leap","Gash"],"picked":"White Noise","floor":8.0},{"not_picked":["Barrage","Double Energy"],"picked":"Sweeping Beam","floor":10.0},{"not_picked":["Turbo","Beam Cell","Barrage"],"picked":"SKIP","floor":11.0},{"not_picked":["Chaos","Sunder"],"picked":"Ball Lightning","floor":12.0},{"not_picked":["Thunder Strike","Amplify"],"picked":"Echo Form","floor":16.0},{"not_picked":["Darkness","Leap+1"],"picked":"Steam+1","floor":18.0},{"not_picked":["Chill","White Noise"],"picked":"Cold Snap","floor":19.0},{"not_picked":["Chill","Loop"],"picked":"Glacier","floor":22.0},{"not_picked":["Redo+1","Cold Snap"],"picked":"Genetic Algorithm","floor":24.0},{"not_picked":["Gash","Rebound"],"picked":"Loop","floor":28.0},{"not_picked":["Rebound","Streamline+1","Conserve Battery"],"picked":"SKIP","floor":29.0},{"not_picked":["Rebound","Steam+1","Undo"],"picked":"SKIP","floor":30.0},{"not_picked":["Stack","Blizzard"],"picked":"FTL","floor":31.0},{"not_picked":["Meteor Strike","Seek"],"picked":"Electrodynamics","floor":33},{"not_picked":["Sweeping Beam","Go for the Eyes+1"],"picked":"Coolheaded+1","floor":35},{"not_picked":["FTL","Steam Power"],"picked":"Glacier","floor":37},{"not_picked":["Skim","Go for the Eyes"],"picked":"Capacitor","floor":40},{"not_picked":["Redo","Hologram"],"picked":"Capacitor","floor":42},{"not_picked":["Rebound+1","Leap","Auto Shields+1"],"picked":"SKIP","floor":45},{"not_picked":["Stack","Redo","Hello World"],"picked":"SKIP","floor":46},{"not_picked":["Rebound","Steam+1"],"picked":"White Noise+1","floor":47}],"player_experience":1232243,"relics_obtained":[{"floor":6.0,"key":"Mummified Hand"},{"floor":8.0,"key":"Blue Candle"},{"floor":9.0,"key":"Centennial Puzzle"},{"floor":12.0,"key":"Odd Mushroom"},{"floor":20.0,"key":"Bottled Tornado"},{"floor":26.0,"key":"Tiny Chest"},{"floor":31.0,"key":"Cables"},{"floor":31.0,"key":"The Courier"},{"floor":40,"key":"Anchor"},{"floor":40,"key":"Letter Opener"},{"floor":46,"key":"Ancient Tea Set"},{"floor":46,"key":"Toxic Egg 2"}],"event_choices":[{"damage_healed":0.0,"max_hp_gain":0.0,"max_hp_loss":0.0,"gold_gain":0.0,"event_name":"Scrap Ooze","player_choice":"Success","floor":4.0,"gold_loss":0.0,"damage_taken":18.0,"relics_obtained":["Juzu Bracelet"]},{"damage_healed":0.0,"max_hp_gain":0.0,"max_hp_loss":0.0,"gold_gain":0.0,"event_name":"Upgrade Shrine","player_choice":"Upgraded","floor":5.0,"gold_loss":0.0,"damage_taken":0.0,"cards_upgraded":["Biased Cognition"]},{"damage_healed":0.0,"max_hp_gain":0.0,"max_hp_loss":0.0,"gold_gain":0.0,"event_name":"Mushrooms","player_choice":"Fought Mushrooms","floor":12.0,"gold_loss":0.0,"damage_taken":0.0},{"damage_healed":0.0,"max_hp_gain":0.0,"max_hp_loss":0.0,"gold_gain":0.0,"event_name":"Dead Adventurer","player_choice":"Searched \u00270\u0027 times","floor":13.0,"gold_loss":0.0,"damage_taken":0.0},{"damage_healed":0.0,"max_hp_gain":0.0,"max_hp_loss":0.0,"gold_gain":0.0,"cards_transformed":["Strike_B"],"event_name":"Transmorgrifier","player_choice":"Transformed","floor":14.0,"gold_loss":0.0,"damage_taken":0.0,"cards_obtained":["Echo Form"]},{"damage_healed":0.0,"max_hp_gain":0.0,"max_hp_loss":0.0,"gold_gain":0.0,"event_name":"Vampires","player_choice":"Ignored","floor":21.0,"gold_loss":0.0,"damage_taken":0.0},{"damage_healed":0.0,"max_hp_gain":0.0,"max_hp_loss":0.0,"gold_gain":0.0,"event_name":"Forgotten Altar","player_choice":"Smashed Altar","floor":25.0,"gold_loss":0.0,"damage_taken":0.0,"cards_obtained":["Decay"]},{"damage_healed":0,"gold_gain":0,"player_choice":"Ignored","damage_taken":0,"max_hp_gain":0,"max_hp_loss":0,"event_name":"Tomb of Lord Red Mask","floor":36,"gold_loss":0},{"damage_healed":0,"gold_gain":0,"player_choice":"Max HP","damage_taken":0,"max_hp_gain":0,"max_hp_loss":4,"event_name":"Winding Halls","floor":38,"gold_loss":0},{"cards_removed":["Strike_B"],"damage_healed":0,"gold_gain":0,"player_choice":"Removed Attack","damage_taken":0,"max_hp_gain":0,"max_hp_loss":0,"event_name":"Falling","floor":39,"gold_loss":0},{"damage_healed":0,"gold_gain":0,"player_choice":"Paid Gold","damage_taken":0,"relics_obtained":["Gremlin Horn"],"max_hp_gain":0,"max_hp_loss":0,"event_name":"WeMeetAgain","floor":48,"gold_loss":125}],"is_beta":false,"boss_relics":[{"not_picked":["Inserter","Fusion Hammer"],"picked":"Black Star"},{"not_picked":["Runic Dome","Coffee Dripper"],"picked":"Nuclear Battery"}],"items_purged_floors":[],"is_endless":false,"potions_floor_spawned":[1,2,11,19,22,29,33,40,47],"killed_by":"Awakened One","ascension_level":20}