{"gold_per_floor":[116,127,72,84,9,9,9,40,40,54,54,54,83,98,98,176,176,194,213,232,232,232],"floor_reached":22,"playtime":970,"items_purged":[],"score":392,"play_id":"c27ae64e-3ab6-4d14-bc6f-7e0bc1d00064","local_time":"20190702225106","is_ascension_mode":true,"campfire_choices":[{"data":"Neutralize","floor":6.0,"key":"SMITH"},{"data":"Choke","floor":7.0,"key":"SMITH"},{"floor":12.0,"key":"REST"},{"data":"Noxious Fumes","floor":15,"key":"SMITH"}],"neow_cost":"TEN_PERCENT_HP_LOSS","seed_source_timestamp":0,"circlet_count":0,"master_deck":["AscendersBane","Strike_G","Strike_G","Strike_G","Strike_G","Defend_G","Defend_G","Defend_G","Defend_G","Defend_G","Survivor","Neutralize+1","Choke+1","Quick Slash","PiercingWail","Poisoned Stab","Heel Hook","Noxious Fumes+1","Calculated Gamble","Corpse Explosion","Footwork+1"],"special_seed":0,"relics":["Ring of the Snake","WingedGreaves","Dead Branch","Calipers","Pantograph","Runic Dome"],"potions_floor_usage":[13,19,20],"damage_taken":[{"damage":2.0,"enemies":"Jaw Worm","floor":1.0,"turns":8.0},{"damage":0.0,"enemies":"2 Louse","floor":2.0,"turns":4.0},{"damage":1.0,"enemies":"Cultist","floor":4.0,"turns":4.0},{"damage":36.0,"enemies":"Gremlin Nob","floor":8.0,"turns":5.0},{"damage":0.0,"enemies":"Looter","floor":10.0,"turns":3.0},{"damage":20,"enemies":"Lagavulin","floor":13,"turns":7},{"damage":1,"enemies":"Blue Slaver","floor":14,"turns":5},{"damage":20,"enemies":"The Guardian","floor":16,"turns":9},{"damage":23,"enemies":"2 Thieves","floor":18,"turns":3},{"damage":11,"enemies":"Chosen","floor":19,"turns":4},{"damage":23,"enemies":"Snecko","floor":20,"turns":5},{"damage":11,"enemies":"3 Cultists","floor":22,"turns":3}],"seed_played":"1808551430766406555","potions_obtained":[{"floor":4.0,"key":"GamblersBrew"},{"floor":13,"key":"FairyPotion"},{"floor":16,"key":"Poison Potion"},{"floor":19,"key":"AttackPotion"}],"is_trial":false,"path_per_floor":["M","M","$","M","?","R","R","E","T","M","?","R","E","M","R","B",null,"M","M","M","?","M"],"character_chosen":"THE_SILENT","items_purchased":["Quick Slash"],"campfire_rested":1,"item_purchase_floors":[3],"current_hp_per_floor":[57,57,57,56,56,56,56,20,20,20,20,38,18,17,17,22,51,28,17,1,1,0],"gold":232,"neow_bonus":"ONE_RARE_RELIC","is_prod":false,"is_daily":false,"chose_seed":false,"campfire_upgraded":3,"win_rate":0,"timestamp":1562100666,"path_taken":["M","M","$","M","?","R","R","E","T","M","?","R","E","M","R","BOSS","M","M","M","?","?"],"build_version":"2019-07-01","purchased_purges":0,"victory":false,"max_hp_per_floor":[60,60,60,60,60,60,60,60,60,60,60,60,60,60,60,60,60,60,60,60,60,60],"card_choices":[{"not_picked":["Deflect","Underhanded Strike","Acrobatics"],"picked":"SKIP","floor":1.0},{"not_picked":["Backflip","Reflex"],"picked":"Choke","floor":2.0},{"not_picked":["Underhanded Strike","Acrobatics"],"picked":"PiercingWail","floor":4.0},{"not_picked":["Outmaneuver","Tactician"],"picked":"Poisoned Stab","floor":8.0},{"not_picked":["Blur","Flying Knee"],"picked":"Heel Hook","floor":10.0},{"not_picked":["Cloak And Dagger","Blur"],"picked":"Noxious Fumes","floor":13},{"not_picked":["Accuracy","Dagger Spray"],"picked":"Calculated Gamble","floor":14},{"not_picked":["Bullet Time","Burst"],"picked":"Corpse Explosion","floor":16},{"not_picked":["Acrobatics","Bane","Underhanded Strike"],"picked":"SKIP","floor":18},{"not_picked":["Flechettes","Cloak And Dagger"],"picked":"Footwork","floor":19},{"not_picked":["Expertise","Slice","Flechettes"],"picked":"SKIP","floor":20}],"player_experience":1764910,"relics_obtained":[{"floor":8.0,"key":"Dead Branch"},{"floor":9.0,"key":"Calipers"},{"floor":13,"key":"Pantograph"}],"event_choices":[{"cards_removed":["Strike_G"],"damage_healed":0.0,"max_hp_gain":0.0,"max_hp_loss":0.0,"gold_gain":0.0,"event_name":"The Cleric","player_choice":"Card Removal","floor":5.0,"gold_loss":75.0,"damage_taken":0.0},{"damage_healed":0.0,"max_hp_gain":0.0,"max_hp_loss":0.0,"gold_gain":0.0,"event_name":"Liars Game","player_choice":"Ignored","floor":11.0,"gold_loss":0.0,"damage_taken":0.0},{"damage_healed":0,"gold_gain":0,"player_choice":"Forge","damage_taken":0,"max_hp_gain":0,"max_hp_loss":0,"event_name":"Accursed Blacksmith","floor":21,"gold_loss":0,"cards_upgraded":["Footwork"]}],"is_beta":false,"boss_relics":[{"not_picked":["White Beast Statue","Busted Crown"],"picked":"Runic Dome"}],"items_purged_floors":[],"is_endless":false,"potions_floor_spawned":[4,13,16,19],"killed_by":"3 Cultists","ascension_level":20}