{"gold_per_floor":[14,14,14,14,28,46,6,6,6,6,39,55,55],"floor_reached":13,"playtime":642,"items_purged":[],"score":166,"play_id":"c4ec1d5e-a875-483a-b288-0a9a971569a7","local_time":"20190619215955","is_ascension_mode":true,"campfire_choices":[{"floor":8,"key":"REST"}],"neow_cost":"NO_GOLD","seed_source_timestamp":42782718169196,"circlet_count":0,"master_deck":["AscendersBane","Defend_G","Defend_G","Defend_G","Defend_G","Defend_G","Strike_G","Strike_G","Strike_G","Strike_G","Strike_G","Survivor","Neutralize","Escape Plan","PiercingWail","All Out Attack","Deadly Poison","Skewer","Predator","Well Laid Plans"],"relics":["Ring of the Snake","StoneCalendar","CultistMask","Dream Catcher","Matryoshka","Boot"],"potions_floor_usage":[11],"damage_taken":[{"damage":7,"enemies":"Jaw Worm","floor":1,"turns":6},{"damage":6,"enemies":"Cultist","floor":5,"turns":5},{"damage":3,"enemies":"Small Slimes","floor":6,"turns":5},{"damage":1,"enemies":"Looter","floor":7,"turns":4},{"damage":34,"enemies":"Lagavulin","floor":11,"turns":7},{"damage":0,"enemies":"Red Slaver","floor":12,"turns":4},{"damage":0,"enemies":"Exordium Wildlife","floor":13,"turns":1}],"seed_played":"2520283419371041830","potions_obtained":[{"floor":1,"key":"Dexterity Potion"},{"floor":5,"key":"Strength Potion"},{"floor":11,"key":"FearPotion"}],"is_trial":false,"path_per_floor":["M","?","$","?","M","M","M","R","T","$","E","M","M"],"character_chosen":"THE_SILENT","items_purchased":[],"campfire_rested":1,"item_purchase_floors":[],"current_hp_per_floor":[52,52,52,26,20,17,16,35,35,35,1,1,1],"gold":55,"neow_bonus":"ONE_RARE_RELIC","is_prod":false,"is_daily":false,"chose_seed":false,"campfire_upgraded":0,"win_rate":0,"timestamp":1560974395,"path_taken":["M","?","?","?","M","M","M","R","T","$","E","M","M"],"build_version":"2019-01-23","purchased_purges":0,"victory":false,"max_hp_per_floor":[66,66,66,66,66,66,66,66,66,66,66,66,66],"card_choices":[{"not_picked":["Flechettes","Deflect"],"picked":"Escape Plan","floor":1},{"not_picked":["Bane","Sucker Punch"],"picked":"PiercingWail","floor":5},{"not_picked":["Blade Dance","Dodge and Roll"],"picked":"All Out Attack","floor":6},{"not_picked":["Prepared","Finisher"],"picked":"Deadly Poison","floor":7},{"not_picked":["PiercingWail","Dagger Throw"],"picked":"Skewer","floor":8},{"not_picked":["Calculated Gamble","Prepared"],"picked":"Predator","floor":11},{"not_picked":["Prepared","Slice"],"picked":"Well Laid Plans","floor":12}],"player_experience":1755580,"relics_obtained":[{"floor":9,"key":"Matryoshka"},{"floor":11,"key":"Boot"}],"event_choices":[{"damage_healed":0,"gold_gain":0,"player_choice":"Trade","damage_taken":0,"relics_obtained":["CultistMask"],"max_hp_gain":0,"max_hp_loss":0,"event_name":"FaceTrader","floor":2,"gold_loss":0},{"damage_healed":0,"gold_gain":0,"player_choice":"Success","damage_taken":26,"relics_obtained":["Dream Catcher"],"max_hp_gain":0,"max_hp_loss":0,"event_name":"Scrap Ooze","floor":4,"gold_loss":0}],"is_beta":false,"boss_relics":[],"items_purged_floors":[],"is_endless":false,"potions_floor_spawned":[1,5,11],"killed_by":"Exordium Wildlife","ascension_level":20}