{"gold_per_floor":[117,79,79,96,113,113,132,166,166,185,185,205,205,223,223,300,300,317,334,348,273,373,390,409,409,409,409,409,422,438,388,388,460,460,479,489,506,409,421,421,446,446,472,492,506,506,541,541,541,541],"floor_reached":51,"playtime":3158,"items_purged":["Strike_B"],"score":1189,"play_id":"9aa9a583-ecb4-402e-b04b-3c86d8c6f8c1","local_time":"20181014125414","is_ascension_mode":true,"campfire_choices":[{"data":"Streamline","floor":6.0,"key":"SMITH"},{"floor":11.0,"key":"REST"},{"data":"1","floor":13.0,"key":"LIFT"},{"data":"2","floor":15.0,"key":"LIFT"},{"data":"3","floor":25.0,"key":"LIFT"},{"floor":28.0,"key":"REST"},{"floor":32.0,"key":"REST"},{"floor":40.0,"key":"REST"},{"floor":42.0,"key":"REST"},{"floor":46,"key":"REST"},{"floor":49,"key":"REST"}],"neow_cost":"","seed_source_timestamp":0,"circlet_count":0,"master_deck":["Strike_B+1","Strike_B+1","Strike_B+1","Defend_B+1","Defend_B+1","Defend_B+1","Defend_B+1","Zap+1","Dualcast","AscendersBane","Leap+1","Streamline+1","Beam Cell","Chill+1","Rebound","Glacier","Electrodynamics","Echo Form","Aggregate+1","Reinforced Body+1","Fusion+1","Echo Form","Melter","Multi-Cast+1","Tempest+1","Undo+1","Capacitor","Bandage Up+1","Ball Lightning+1","Fission+1","Defragment","Turbo+1"],"special_seed":0,"relics":["Cracked Core","Thread and Needle","Girya","Nunchaku","Snecko Eye","Incense Burner","Toxic Egg 2","Bottled Tornado","Fusion Hammer","Bronze Scales","War Paint","Boot"],"potions_floor_usage":[47,50,50],"damage_taken":[{"damage":1.0,"enemies":"Cultist","floor":1.0,"turns":4.0},{"damage":4.0,"enemies":"Small Slimes","floor":4.0,"turns":3.0},{"damage":0.0,"enemies":"2 Louse","floor":5.0,"turns":2.0},{"damage":0.0,"enemies":"Exordium Wildlife","floor":7.0,"turns":3.0},{"damage":16.0,"enemies":"Lagavulin","floor":8.0,"turns":6.0},{"damage":0.0,"enemies":"Blue Slaver","floor":10.0,"turns":3.0},{"damage":0.0,"enemies":"Exordium Thugs","floor":12.0,"turns":5.0},{"damage":0.0,"enemies":"Gremlin Gang","floor":14.0,"turns":7.0},{"damage":22.0,"enemies":"The Guardian","floor":16.0,"turns":10.0},{"damage":3.0,"enemies":"Chosen","floor":18.0,"turns":4.0},{"damage":9.0,"enemies":"2 Thieves","floor":19.0,"turns":3.0},{"damage":0.0,"enemies":"3 Cultists","floor":20.0,"turns":3.0},{"damage":3.0,"enemies":"Colosseum Slavers","floor":22.0,"turns":5.0},{"damage":9.0,"enemies":"Colosseum Nobs","floor":22.0,"turns":4.0},{"damage":0.0,"enemies":"Centurion and Healer","floor":23.0,"turns":4.0},{"damage":13.0,"enemies":"Snake Plant","floor":24.0,"turns":5.0},{"damage":6.0,"enemies":"Sentry and Sphere","floor":29.0,"turns":5.0},{"damage":1.0,"enemies":"3 Cultists","floor":30.0,"turns":4.0},{"damage":25.0,"enemies":"Champ","floor":33.0,"turns":11.0},{"damage":0.0,"enemies":"Orb Walker","floor":35.0,"turns":3.0},{"damage":6.0,"enemies":"3 Shapes","floor":36.0,"turns":3.0},{"damage":1.0,"enemies":"Transient","floor":37.0,"turns":5.0},{"damage":19.0,"enemies":"3 Darklings","floor":39.0,"turns":4.0},{"damage":58.0,"enemies":"2 Orb Walkers","floor":41.0,"turns":5.0},{"damage":4.0,"enemies":"Reptomancer","floor":44.0,"turns":4.0},{"damage":0,"enemies":"Maw","floor":45,"turns":6},{"damage":17,"enemies":"Nemesis","floor":47,"turns":5},{"damage":33,"enemies":"Time Eater","floor":50,"turns":11}],"seed_played":"-635005291715577739","potions_obtained":[{"floor":4.0,"key":"SkillPotion"},{"floor":10.0,"key":"SkillPotion"},{"floor":16.0,"key":"Dexterity Potion"},{"floor":22.0,"key":"SkillPotion"},{"floor":23.0,"key":"SneckoOil"},{"floor":37.0,"key":"LiquidBronze"},{"floor":45,"key":"EssenceOfSteel"},{"floor":47,"key":"SkillPotion"}],"is_trial":false,"path_per_floor":["M","?","?","M","M","R","M","E","T","M","R","M","R","M","R","B",null,"M","M","M","$","?","M","M","R","T","?","R","M","M","?","R","B",null,"M","M","M","$","M","R","E","R","T","M","M","R","E","?","R","B"],"character_chosen":"DEFECT","items_purchased":["Bandage Up+1"],"campfire_rested":7,"item_purchase_floors":[38],"current_hp_per_floor":[63,63,37,33,33,33,33,17,17,17,38,38,38,38,38,16,57,54,45,45,45,33,33,20,20,20,20,41,35,34,34,55,30,61,61,55,54,54,47,68,10,31,31,27,33,54,37,37,58,31],"gold":541,"neow_bonus":"","is_prod":false,"is_daily":false,"chose_seed":false,"campfire_upgraded":1,"win_rate":0,"timestamp":1539514454,"path_taken":["M","?","?","?","M","R","M","E","T","M","R","M","R","M","R","BOSS","M","M","?","$","?","M","M","R","T","?","R","M","M","?","R","BOSS","M","?","M","$","?","R","E","R","T","M","M","R","E","?","R","BOSS"],"build_version":"2018-10-11","purchased_purges":1,"victory":true,"max_hp_per_floor":[71,71,71,71,71,71,71,71,71,71,71,71,71,71,71,71,71,71,71,71,71,71,71,71,71,71,71,71,71,71,71,71,71,71,71,71,71,71,71,71,71,71,71,71,71,71,71,71,71,71],"card_choices":[{"not_picked":["Beam Cell","Turbo"],"picked":"Leap","floor":1.0},{"not_picked":["Conserve Battery","Rebound"],"picked":"Streamline","floor":4.0},{"not_picked":["Redo","Consume"],"picked":"Beam Cell","floor":5.0},{"not_picked":["Tempest","Coolheaded"],"picked":"Chill","floor":7.0},{"not_picked":["Gash","Aggregate"],"picked":"Rebound","floor":8.0},{"not_picked":["Steam","Hologram"],"picked":"Glacier","floor":10.0},{"not_picked":["Streamline","White Noise"],"picked":"Electrodynamics","floor":12.0},{"not_picked":["Hologram","Beam Cell"],"picked":"Sweeping Beam","floor":14.0},{"not_picked":["Thunder Strike","Hyperbeam"],"picked":"Echo Form","floor":16.0},{"not_picked":["Redo","Turbo","Streamline"],"picked":"SKIP","floor":18.0},{"not_picked":["Skim","Genetic Algorithm"],"picked":"Aggregate","floor":19.0},{"not_picked":["Storm","Steam","Blizzard"],"picked":"SKIP","floor":20.0},{"not_picked":["Steam","Go for the Eyes"],"picked":"Reinforced Body","floor":22.0},{"not_picked":["Doom and Gloom+1","Streamline","Coolheaded+1"],"picked":"SKIP","floor":23.0},{"not_picked":["Streamline","Rip and Tear+1"],"picked":"Fusion+1","floor":24.0},{"not_picked":["Melter","Reprogram+1"],"picked":"Echo Form","floor":29.0},{"not_picked":["BootSequence+1","Heatsinks"],"picked":"Melter","floor":30.0},{"not_picked":["Reboot+1","Biased Cognition"],"picked":"Multi-Cast+1","floor":33.0},{"not_picked":["Redo+1","Turbo+1"],"picked":"Tempest+1","floor":35.0},{"not_picked":["Ball Lightning","Streamline+1"],"picked":"Undo+1","floor":36.0},{"not_picked":["Darkness+1","Heatsinks"],"picked":"Capacitor","floor":37.0},{"not_picked":["Chill+1","Steam+1"],"picked":"Ball Lightning+1","floor":39.0},{"not_picked":["Hologram+1","Sweeping Beam","Go for the Eyes"],"picked":"SKIP","floor":41.0},{"not_picked":["Rebound","Melter+1"],"picked":"Fission+1","floor":44.0},{"not_picked":["Storm","Lockon+1"],"picked":"Defragment","floor":45},{"not_picked":["Steam+1","Melter"],"picked":"Turbo+1","floor":47}],"player_experience":610135,"relics_obtained":[{"floor":8.0,"key":"Girya"},{"floor":9.0,"key":"Nunchaku"},{"floor":22.0,"key":"Incense Burner"},{"floor":22.0,"key":"Toxic Egg 2"},{"floor":26.0,"key":"Bottled Tornado"},{"floor":41.0,"key":"Bronze Scales"},{"floor":43.0,"key":"War Paint"},{"floor":47,"key":"Boot"}],"event_choices":[{"event_name":"World of Goop","player_choice":"Left","floor":2.0,"damage_taken":0.0},{"event_name":"Scrap Ooze","player_choice":"success","floor":3.0,"damage_taken":26.0},{"event_name":"Colosseum","player_choice":"Fight","floor":22.0,"damage_taken":0.0},{"event_name":"Colosseum","player_choice":"Fought Nobs","floor":22.0,"damage_taken":0.0},{"event_name":"Back to Basics","player_choice":"Simplicity","floor":27.0,"damage_taken":0.0},{"event_name":"Designer","player_choice":"Upgrade 2 Random Cards","floor":31.0,"damage_taken":0.0},{"event_name":"Falling","player_choice":"Removed Attack","floor":48,"damage_taken":0}],"is_beta":true,"boss_relics":[{"not_picked":["Velvet Choker","Black Star"],"picked":"Snecko Eye"},{"not_picked":["Lizard Tail","Philosopher\u0027s Stone"],"picked":"Fusion Hammer"}],"items_purged_floors":[21],"is_endless":false,"potions_floor_spawned":[4,10,12,16,19,20,22,23,29,37,45,47],"ascension_level":15}