{"path_per_floor":["M","M","?","$","?","E","M","E","T","M","R","M","$"],"character_chosen":"THE_SILENT","items_purchased":["Noxious Fumes","Noxious Fumes"],"gold_per_floor":[118,133,133,66,66,93,106,135,135,154,154,172,91,91],"floor_reached":14,"campfire_rested":1,"playtime":546,"current_hp_per_floor":[70,70,52,52,52,35,35,5,5,4,27,9,9,0],"items_purged":[],"gold":91,"score":120,"play_id":"5767a670-bc67-4e31-9b16-d3b97dfb5cba","local_time":"20180517135040","is_prod":false,"is_daily":false,"chose_seed":false,"is_ascension_mode":true,"campfire_upgraded":0,"timestamp":1526557840,"campfire_choices":[{"floor":11,"key":"REST"}],"path_taken":["M","M","?","$","?","E","M","E","T","M","R","M","$","M"],"build_version":"2018-05-16","seed_source_timestamp":16838023623453,"purchased_purges":0,"victory":false,"master_deck":["Defend_G","Defend_G","Defend_G","Defend_G","Defend_G","Strike_G","Strike_G","Strike_G","Strike_G","Strike_G","Survivor","Neutralize","Deadly Poison","Bane","Noxious Fumes+1","Accuracy","Blade Dance","After Image","Prepared","Noxious Fumes"],"max_hp_per_floor":[77,77,77,77,77,77,77,77,77,77,77,77,77,77],"relics":["Ring of the Snake","Mango","Ancient Tea Set","Pantograph","Centennial Puzzle","Happy Flower"],"card_choices":[{"not_picked":["Poisoned Stab","Dodge and Roll"],"picked":"Deadly Poison","floor":1},{"not_picked":["Riddle With Holes","Cloak And Dagger"],"picked":"Bane","floor":2},{"not_picked":["Leg Sweep","Unload"],"picked":"Accuracy","floor":6},{"not_picked":["Deadly Poison","Bane"],"picked":"Blade Dance","floor":7},{"not_picked":["Sucker Punch","Infinite Blades"],"picked":"After Image","floor":8},{"not_picked":["Flying Knee","PiercingWail","Poisoned Stab"],"picked":"SKIP","floor":10},{"not_picked":["Malaise","Dagger Throw"],"picked":"Prepared","floor":12}],"player_experience":149107,"potions_floor_usage":[8,10],"damage_taken":[{"damage":7,"enemies":"Jaw Worm","floor":1,"turns":5},{"damage":0,"enemies":"Small Slimes","floor":2,"turns":3},{"damage":17,"enemies":"3 Sentries","floor":6,"turns":6},{"damage":0,"enemies":"Cultist","floor":7,"turns":3},{"damage":30,"enemies":"Gremlin Nob","floor":8,"turns":4},{"damage":1,"enemies":"Looter","floor":10,"turns":3},{"damage":18,"enemies":"Gremlin Gang","floor":12,"turns":5},{"damage":13,"enemies":"3 Louse","floor":14,"turns":2}],"relics_obtained":[{"floor":6,"key":"Pantograph"},{"floor":8,"key":"Centennial Puzzle"},{"floor":9,"key":"Happy Flower"}],"event_choices":[{"event_name":"Scrap Ooze","player_choice":"success","floor":3,"damage_taken":18},{"event_name":"Accursed Blacksmith","player_choice":"Forge","floor":5,"damage_taken":0}],"boss_relics":[],"potions_floor_spawned":[6,8],"seed_played":"-677427577803212131","killed_by":"3 Louse","ascension_level":4,"potions_obtained":[{"floor":6,"key":"SteroidPotion"},{"floor":8,"key":"FearPotion"}],"is_trial":false}