{"gold_per_floor":[359,359,376,387,387,387,415,415,415,444,457,471,486,103,103,199,199,211,211,228,8,28,358,358,383,383,653,685,695,726,737,737,737],"floor_reached":33,"playtime":2660,"items_purged":["Strike_R"],"score":459,"play_id":"8e3a72b8-10d0-44fc-8657-65b678b4e4d4","local_time":"20190322082530","is_ascension_mode":true,"campfire_choices":[{"data":"Armaments","floor":6,"key":"SMITH"},{"data":"Bash","floor":8,"key":"SMITH"},{"data":"Metallicize","floor":15,"key":"SMITH"},{"data":"Battle Trance","floor":24,"key":"SMITH"},{"floor":32,"key":"DIG"}],"neow_cost":"PERCENT_DAMAGE","seed_source_timestamp":232743083328661,"circlet_count":0,"master_deck":["Strike_R","Strike_R","Strike_R","Defend_R","Defend_R","Defend_R","Defend_R","Bash+1","Clash","Armaments+1","Clash","Impervious","Cleave+1","Pummel+1","Clothesline+1","Battle Trance+1","Metallicize+1","Flash of Steel+1","Limit Break","Thunderclap+1","Shrug It Off","Sword Boomerang+1","Impervious","Normality","Flex","Rage","Flame Barrier","Pommel Strike+1"],"relics":["Burning Blood","Molten Egg 2","Ornamental Fan","Boot","Orichalcum","Bag of Preparation","Cursed Key","Lantern","Old Coin","Shovel","Dodecahedron","Happy Flower","PreservedInsect","Smiling Mask"],"potions_floor_usage":[25,28,30,30,33,33],"damage_taken":[{"damage":13,"enemies":"Jaw Worm","floor":1,"turns":4},{"damage":1,"enemies":"2 Louse","floor":3,"turns":2},{"damage":0,"enemies":"Small Slimes","floor":4,"turns":3},{"damage":17,"enemies":"Lagavulin","floor":7,"turns":7},{"damage":22,"enemies":"Gremlin Nob","floor":10,"turns":5},{"damage":1,"enemies":"Exordium Wildlife","floor":11,"turns":3},{"damage":8,"enemies":"Red Slaver","floor":12,"turns":3},{"damage":0,"enemies":"Large Slime","floor":13,"turns":4},{"damage":22,"enemies":"The Guardian","floor":16,"turns":12},{"damage":0,"enemies":"3 Byrds","floor":18,"turns":4},{"damage":0,"enemies":"Chosen","floor":20,"turns":4},{"damage":5,"enemies":"Shelled Parasite and Fungi","floor":22,"turns":3},{"damage":0,"enemies":"Gremlin Leader","floor":23,"turns":5},{"damage":10,"enemies":"Book of Stabbing","floor":25,"turns":6},{"damage":14,"enemies":"Gremlin Leader","floor":28,"turns":6},{"damage":0,"enemies":"Snecko","floor":29,"turns":4},{"damage":24,"enemies":"Slavers","floor":30,"turns":4},{"damage":0,"enemies":"Chosen and Byrds","floor":31,"turns":3},{"damage":54,"enemies":"Champ","floor":33,"turns":10}],"seed_played":"1684070392701747157","potions_obtained":[{"floor":7,"key":"Explosive Potion"},{"floor":11,"key":"GamblersBrew"},{"floor":12,"key":"Weak Potion"},{"floor":29,"key":"PowerPotion"},{"floor":30,"key":"Regen Potion"},{"floor":31,"key":"Explosive Potion"}],"is_trial":false,"path_per_floor":["M","?","M","M","?","R","E","R","T","E","M","M","M","$","R","B",null,"M","?","M","$","M","E","R","E","T","?","E","M","E","M","R","B"],"character_chosen":"IRONCLAD","items_purchased":["Metallicize","Flash of Steel+1","Bag of Preparation","Lantern","Shrug It Off","Sword Boomerang+1"],"campfire_rested":0,"item_purchase_floors":[14,14,14,21,21,21],"current_hp_per_floor":[49,42,47,53,50,50,39,39,39,23,28,26,32,32,32,16,80,80,80,80,80,80,80,80,76,76,44,36,42,24,30,30,0],"gold":737,"neow_bonus":"TWO_FIFTY_GOLD","is_prod":false,"is_daily":false,"chose_seed":false,"campfire_upgraded":4,"win_rate":0,"timestamp":1553268330,"path_taken":["M","?","M","M","?","R","E","R","T","E","M","M","M","$","R","BOSS","M","?","M","$","M","E","R","E","T","?","E","?","E","M","R","BOSS"],"build_version":"2019-01-23","purchased_purges":1,"victory":false,"max_hp_per_floor":[80,80,80,80,80,80,80,80,80,80,80,80,80,80,80,80,80,80,80,80,80,80,80,80,80,80,80,80,80,80,80,80,80],"card_choices":[{"not_picked":["Pommel Strike","Anger"],"picked":"Clash","floor":1},{"not_picked":["Entrench","Thunderclap"],"picked":"Armaments","floor":3},{"not_picked":["Sword Boomerang","Warcry"],"picked":"Clash","floor":4},{"not_picked":["Blood for Blood+1","Flex"],"picked":"Impervious","floor":7},{"not_picked":["Iron Wave+1","Pummel+1"],"picked":"Cleave+1","floor":10},{"not_picked":["Feel No Pain","Twin Strike+1"],"picked":"Pummel+1","floor":11},{"not_picked":["Headbutt+1","Armaments"],"picked":"Clothesline+1","floor":12},{"not_picked":["Sword Boomerang+1","Warcry"],"picked":"Battle Trance","floor":13},{"not_picked":["Reaper+1","Berserk"],"picked":"Limit Break","floor":16},{"not_picked":["Twin Strike+1","Heavy Blade+1"],"picked":"Thunderclap+1","floor":18},{"not_picked":["Headbutt+1","Thunderclap+1","Warcry"],"picked":"SKIP","floor":20},{"not_picked":["Clothesline+1","Thunderclap+1"],"picked":"Impervious","floor":22},{"not_picked":["Body Slam+1","Cleave+1","Havoc"],"picked":"SKIP","floor":23},{"not_picked":["Body Slam+1","True Grit+1","Sever Soul+1"],"picked":"SKIP","floor":25},{"not_picked":["Blood for Blood+1","Uppercut+1"],"picked":"Flex","floor":28},{"not_picked":["Cleave+1","Carnage+1"],"picked":"Rage","floor":29},{"not_picked":["Burning Pact","Headbutt+1"],"picked":"Flame Barrier","floor":30},{"not_picked":["Twin Strike+1","Burning Pact"],"picked":"Pommel Strike+1","floor":31}],"player_experience":386643,"relics_obtained":[{"floor":7,"key":"Ornamental Fan"},{"floor":9,"key":"Boot"},{"floor":10,"key":"Orichalcum"},{"floor":23,"key":"Old Coin"},{"floor":25,"key":"Shovel"},{"floor":26,"key":"Dodecahedron"},{"floor":28,"key":"Happy Flower"},{"floor":30,"key":"PreservedInsect"},{"floor":32,"key":"Smiling Mask"}],"event_choices":[{"cards_removed":["Strike_R"],"damage_healed":0,"gold_gain":0,"player_choice":"Card Removal","damage_taken":7,"max_hp_gain":0,"max_hp_loss":0,"event_name":"Golden Wing","floor":2,"gold_loss":0},{"damage_healed":0,"gold_gain":0,"player_choice":"Success","damage_taken":3,"relics_obtained":["Molten Egg 2"],"max_hp_gain":0,"max_hp_loss":0,"event_name":"Scrap Ooze","floor":5,"gold_loss":0},{"damage_healed":0,"gold_gain":0,"player_choice":"Ignored","damage_taken":0,"max_hp_gain":0,"max_hp_loss":0,"event_name":"Vampires","floor":19,"gold_loss":0},{"damage_healed":0,"gold_gain":270,"player_choice":"GOLD GOLD GOLD ","damage_taken":32,"max_hp_gain":0,"max_hp_loss":0,"event_name":"Knowing Skull","floor":27,"potions_obtained":[],"gold_loss":0,"cards_obtained":[]}],"is_beta":false,"boss_relics":[{"not_picked":["Busted Crown","Lizard Tail"],"picked":"Cursed Key"}],"items_purged_floors":[14],"is_endless":false,"potions_floor_spawned":[7,11,12,16,20,23,29,30,31],"killed_by":"Champ","ascension_level":4}