{"gold_per_floor":[359,359,369,369,29,68,68,84,84,103,136,154,154,194,194,284,284,299,299,33,83,83,83,106,171,225,260,260,260,273,292,292,385,385,398,398,38,56,56,100,100,141,165,15,15,210,233,257,257,346,440,440,461,476,259,259,259,259,297,313,313,336,359,395,420,464,464,555,555,570,520,550,564,514,132,173,198,198,219,227,249,293,314,314,405,468,468],"floor_reached":87,"playtime":4177,"items_purged":["Strike_G","Strike_G","Strike_G","Strike_G","Caltrops"],"score":4334,"play_id":"508f67a3-04d7-47a8-8beb-8f9e72ad8849","local_time":"20190227183727","is_ascension_mode":true,"campfire_choices":[{"data":"Noxious Fumes","floor":7.0,"key":"SMITH"},{"data":"After Image","floor":13.0,"key":"SMITH"},{"floor":15.0,"key":"REST"},{"data":"Catalyst","floor":23.0,"key":"SMITH"},{"floor":29.0,"key":"REST"},{"floor":32.0,"key":"REST"},{"data":"Wraith Form v2","floor":41.0,"key":"SMITH"},{"data":"Catalyst","floor":45.0,"key":"SMITH"},{"data":"Noxious Fumes","floor":49.0,"key":"SMITH"},{"data":"Malaise","floor":58.0,"key":"SMITH"},{"data":"Night Terror","floor":67.0,"key":"SMITH"},{"floor":84.0,"key":"DIG"}],"neow_cost":"TEN_PERCENT_HP_LOSS","seed_source_timestamp":0,"circlet_count":5,"master_deck":["AscendersBane","Defend_G","Defend_G+1","Defend_G","Defend_G","Survivor","Neutralize+1","Noxious Fumes+1","Blur","Poisoned Stab+1","After Image+1","PiercingWail","Catalyst+1","Shrug It Off","Catalyst+1","Blur","Catalyst+1","Wraith Form v2+1","Footwork","Noxious Fumes+1","Flash of Steel+1","Poisoned Stab+1","Corpse Explosion","Malaise+1","Catalyst+1","PiercingWail","Night Terror+1","Madness+1","Adrenaline"],"special_seed":0,"relics":["Ring of the Snake","Golden Idol","Singing Bowl","Molten Egg 2","Circlet","Snake Skull","Sozu","Centennial Puzzle","Tiny Chest","Dream Catcher","Lantern","Runic Pyramid","Happy Flower","Boot","Bag of Preparation","Bag of Marbles","WristBlade","Dead Branch","Medical Kit","Smiling Mask","Shovel","Tough Bandages","Empty Cage","Omamori","Bronze Scales","Lee\u0027s Waffle","Whetstone","Bottled Tornado","Nilry\u0027s Codex","Anchor","Tiny House"],"potions_floor_usage":[],"damage_taken":[{"damage":5.0,"enemies":"Jaw Worm","floor":1.0,"turns":6.0},{"damage":0.0,"enemies":"Small Slimes","floor":3.0,"turns":4.0},{"damage":16.0,"enemies":"Lagavulin","floor":6.0,"turns":9.0},{"damage":2.0,"enemies":"2 Louse","floor":8.0,"turns":4.0},{"damage":2.0,"enemies":"2 Fungi Beasts","floor":10.0,"turns":4.0},{"damage":20.0,"enemies":"3 Sentries","floor":11.0,"turns":7.0},{"damage":0.0,"enemies":"Blue Slaver","floor":12.0,"turns":4.0},{"damage":24.0,"enemies":"Gremlin Nob","floor":14.0,"turns":5.0},{"damage":5.0,"enemies":"Hexaghost","floor":16.0,"turns":9.0},{"damage":1.0,"enemies":"Shell Parasite","floor":18.0,"turns":6.0},{"damage":4.0,"enemies":"Chosen","floor":24.0,"turns":6.0},{"damage":16.0,"enemies":"Book of Stabbing","floor":25.0,"turns":5.0},{"damage":43.0,"enemies":"Slavers","floor":27.0,"turns":7.0},{"damage":0.0,"enemies":"Snecko","floor":30.0,"turns":3.0},{"damage":10.0,"enemies":"Centurion and Healer","floor":31.0,"turns":6.0},{"damage":22.0,"enemies":"Automaton","floor":33.0,"turns":7.0},{"damage":1.0,"enemies":"Orb Walker","floor":35.0,"turns":4.0},{"damage":5.0,"enemies":"3 Shapes","floor":38.0,"turns":7.0},{"damage":0.0,"enemies":"Giant Head","floor":40.0,"turns":6.0},{"damage":9.0,"enemies":"Reptomancer","floor":42.0,"turns":2.0},{"damage":0.0,"enemies":"Nightmare","floor":46.0,"turns":4.0},{"damage":0.0,"enemies":"Spire Growth","floor":47.0,"turns":3.0},{"damage":1.0,"enemies":"Writhing Mass","floor":48.0,"turns":3.0},{"damage":2.0,"enemies":"infinitespire:MassOfShapes","floor":50.0,"turns":5.0},{"damage":15.0,"enemies":"Donu and Deca","floor":51.0,"turns":5.0},{"damage":0.0,"enemies":"Jaw Worm","floor":53.0,"turns":2.0},{"damage":0.0,"enemies":"2 Louse","floor":54.0,"turns":2.0},{"damage":0.0,"enemies":"Nightmare","floor":59.0,"turns":2.0},{"damage":0.0,"enemies":"Small Slimes","floor":60.0,"turns":2.0},{"damage":0.0,"enemies":"Exordium Wildlife","floor":62.0,"turns":1.0},{"damage":0.0,"enemies":"Blue Slaver","floor":63.0,"turns":3.0},{"damage":0.0,"enemies":"Lagavulin","floor":64.0,"turns":5.0},{"damage":0.0,"enemies":"Looter","floor":65.0,"turns":3.0},{"damage":0.0,"enemies":"Gremlin Nob","floor":66.0,"turns":2.0},{"damage":0.0,"enemies":"Slime Boss","floor":68.0,"turns":3.0},{"damage":0.0,"enemies":"Spheric Guardian","floor":70.0,"turns":2.0},{"damage":3.0,"enemies":"3 Byrds","floor":72.0,"turns":5.0},{"damage":0.0,"enemies":"Snecko","floor":73.0,"turns":3.0},{"damage":0.0,"enemies":"Nightmare","floor":76.0,"turns":2.0},{"damage":0.0,"enemies":"Sentry and Sphere","floor":77.0,"turns":3.0},{"damage":0.0,"enemies":"Chosen and Byrds","floor":79.0,"turns":3.0},{"damage":15.0,"enemies":"Snecko","floor":81.0,"turns":4.0},{"damage":0.0,"enemies":"Gremlin Leader","floor":82.0,"turns":3.0},{"damage":0.0,"enemies":"Cultist and Chosen","floor":83.0,"turns":5.0},{"damage":0.0,"enemies":"Champ","floor":85.0,"turns":2.0},{"damage":0,"enemies":"3 Darklings","floor":87,"turns":1}],"seed_played":"6265286181785641439","potions_obtained":[{"floor":1.0,"key":"Regen Potion"},{"floor":3.0,"key":"Strength Potion"},{"floor":14.0,"key":"Regen Potion"}],"is_trial":false,"path_per_floor":["M","?","M","?","$","E","R","M","T","M","E","M","R","E","R","B",null,"M","?","$","?","?","R","M","E","T","E","?","R","M","M","R","B",null,"M","?","$","M","?","E","R","E","T","$","R","NM","M","M","R","B","B",null,"M","M","$","?","T","R","NM","M","T","M","M","E","M","E","R","B",null,"M","$","M","M","?","$","NM","M","T","M","?","M","E","M","R","B",null,"M"],"character_chosen":"THE_SILENT","items_purchased":["Singing Bowl","Centennial Puzzle","Noxious Fumes","Happy Flower","Medical Kit","Bronze Scales","Lee\u0027s Waffle"],"campfire_rested":3,"item_purchase_floors":[5,20,37,37,55,75,75],"current_hp_per_floor":[54,54,54,54,54,40,40,38,38,50,32,32,32,8,25,22,51,50,50,50,50,50,50,48,34,34,8,8,27,29,19,39,17,55,54,54,54,51,45,47,47,40,40,40,40,42,42,43,43,41,26,66,66,66,66,66,66,66,68,70,70,70,72,74,76,78,78,80,90,92,92,91,93,93,106,108,110,110,112,91,78,80,82,82,82,116,116],"gold":468,"neow_bonus":"TWO_FIFTY_GOLD","is_prod":false,"is_daily":false,"chose_seed":false,"campfire_upgraded":8,"win_rate":0,"timestamp":1551289047,"path_taken":["M","?","M","?","$","E","R","M","T","M","E","M","R","E","R","BOSS","M","?","$","?","?","R","M","E","T","E","?","R","M","M","R","BOSS","M","?","$","M","?","E","R","E","T","?","R","NM","?","M","R","BOSS","BOSS","M","M","$","?","?","R","NM","?","T","M","M","E","M","E","R","BOSS","M","$","M","M","?","?","NM","M","T","?","?","M","E","M","R","BOSS","M"],"build_version":"2019-01-23","purchased_purges":5,"victory":false,"max_hp_per_floor":[60,60,60,54,54,56,56,56,56,56,58,58,58,58,58,60,60,60,60,60,60,60,60,62,64,64,66,66,66,68,68,68,68,68,68,65,65,67,71,73,73,75,75,75,75,77,77,79,79,79,79,79,79,79,79,79,79,79,81,83,83,83,85,87,89,91,91,93,93,95,95,97,99,99,106,108,110,110,112,112,114,116,118,118,118,125,125],"card_choices":[{"not_picked":["Eviscerate","Slice"],"picked":"Noxious Fumes","floor":1.0},{"not_picked":["Finisher","Sucker Punch"],"picked":"Blur","floor":3.0},{"not_picked":["Slice","Blade Dance","Distraction"],"picked":"Singing Bowl","floor":6.0},{"not_picked":["Blade Dance","Deadly Poison"],"picked":"Poisoned Stab+1","floor":8.0},{"not_picked":["Accuracy","Outmaneuver"],"picked":"Caltrops","floor":10.0},{"not_picked":["Accuracy","Blur","Slice+1"],"picked":"Singing Bowl","floor":11.0},{"not_picked":["Predator+1","Choke+1"],"picked":"After Image","floor":12.0},{"not_picked":["Concentrate","Crippling Poison"],"picked":"PiercingWail","floor":14.0},{"not_picked":["Unload+1","A Thousand Cuts","Venomology"],"picked":"Singing Bowl","floor":16.0},{"not_picked":["Caltrops","Dagger Throw+1"],"picked":"Catalyst","floor":18.0},{"not_picked":["Prepared","Quick Slash+1","Outmaneuver+1"],"picked":"Singing Bowl","floor":24.0},{"not_picked":["Underhanded Strike+1","Bane+1","hubris:TrickCloak"],"picked":"Singing Bowl","floor":25.0},{"not_picked":["Dagger Throw+1","Dodge and Roll","Distraction"],"picked":"Singing Bowl","floor":27.0},{"not_picked":["Backflip","Dash+1"],"picked":"Catalyst","floor":29.0},{"not_picked":["Flechettes+1","Sucker Punch+1","All Out Attack+1"],"picked":"Singing Bowl","floor":30.0},{"not_picked":["All Out Attack+1","Grand Finale+1"],"picked":"Blur","floor":31.0},{"not_picked":["Dagger Spray+1","Heel Hook+1"],"picked":"Catalyst+1","floor":32.0},{"not_picked":["Die Die Die+1","Grand Finale+1"],"picked":"Wraith Form v2","floor":33.0},{"not_picked":["Backflip+1","PiercingWail"],"picked":"Footwork","floor":35.0},{"not_picked":["Dodge and Roll","Deadly Poison","Blade Dance+1"],"picked":"Singing Bowl","floor":38.0},{"not_picked":["Enlightenment","Transmutation","Bandage Up"],"picked":"Singing Bowl","floor":39.0},{"not_picked":["hubris:Ssssneak","Discovery","Metamorphosis"],"picked":"Singing Bowl","floor":39.0},{"not_picked":["Secret Technique","Mind Blast+1"],"picked":"Flash of Steel+1","floor":39.0},{"not_picked":["Crippling Poison","hubris:Counter+1","Acrobatics"],"picked":"Singing Bowl","floor":40.0},{"not_picked":["PiercingWail","Outmaneuver+1","Acrobatics+1"],"picked":"Singing Bowl","floor":42.0},{"not_picked":["Setup+1","Outmaneuver+1","hubris:SlightOfHand"],"picked":"Singing Bowl","floor":46.0},{"not_picked":["Cloak And Dagger+1","Blade Dance"],"picked":"Poisoned Stab+1","floor":47.0},{"not_picked":["Expertise","Underhanded Strike+1","Outmaneuver+1"],"picked":"Singing Bowl","floor":48.0},{"not_picked":["Phantasmal Killer","Storm of Steel"],"picked":"Corpse Explosion","floor":50.0},{"not_picked":["Die Die Die+1","Bullet Time"],"picked":"Malaise","floor":51.0},{"not_picked":["Quick Slash+1","Riddle With Holes+1"],"picked":"Catalyst","floor":53.0},{"not_picked":["Reflex","Deflect"],"picked":"PiercingWail","floor":54.0},{"not_picked":["Reflex","Footwork","Deadly Poison"],"picked":"Singing Bowl","floor":59.0},{"not_picked":["Poisoned Stab+1","Blade Dance","Slice+1"],"picked":"Singing Bowl","floor":60.0},{"not_picked":["Tactician","Escape Plan"],"picked":"Night Terror","floor":62.0},{"not_picked":["Slice+1","Flechettes+1","Leg Sweep"],"picked":"Singing Bowl","floor":63.0},{"not_picked":["Sucker Punch+1","Backflip","Poisoned Stab+1"],"picked":"Singing Bowl","floor":64.0},{"not_picked":["Dodge and Roll","Noxious Fumes","Flying Knee+1"],"picked":"Singing Bowl","floor":65.0},{"not_picked":["Dagger Throw+1","Riddle With Holes+1","Infinite Blades"],"picked":"Singing Bowl","floor":66.0},{"not_picked":["Malaise","Unload+1","Bullet Time"],"picked":"Singing Bowl","floor":68.0},{"not_picked":["infinitespire:Execution","hubris:Rewind"],"picked":"infinitespire:DeathsTouch","floor":68.0},{"not_picked":["Outmaneuver","Backflip","Deflect"],"picked":"Singing Bowl","floor":70.0},{"not_picked":["Sucker Punch+1","Infinite Blades","Flechettes+1"],"picked":"Singing Bowl","floor":72.0},{"not_picked":["Outmaneuver","Dodge and Roll","Acrobatics"],"picked":"Singing Bowl","floor":73.0},{"not_picked":["Storm of Steel","Underhanded Strike+1","Expertise"],"picked":"Singing Bowl","floor":76.0},{"not_picked":["Infinite Blades","Slice+1","hubris:SlightOfHand"],"picked":"Singing Bowl","floor":77.0},{"not_picked":["Flying Knee+1","Underhanded Strike+1","hubris:SlightOfHand"],"picked":"Singing Bowl","floor":79.0},{"not_picked":["Tactician","Cloak And Dagger","Predator+1"],"picked":"Singing Bowl","floor":81.0},{"not_picked":["Choke+1","Heel Hook+1","Deadly Poison"],"picked":"Singing Bowl","floor":82.0},{"not_picked":["Backstab+1","Dagger Spray+1","Riddle With Holes+1"],"picked":"Singing Bowl","floor":83.0},{"not_picked":["Glass Knife+1","Envenom"],"picked":"Adrenaline","floor":85.0},{"not_picked":["Backflip","Poisoned Stab+1","hubris:TrickCloak"],"picked":"Singing Bowl","floor":86.0}],"player_experience":1337272,"relics_obtained":[{"floor":6.0,"key":"Molten Egg 2"},{"floor":9.0,"key":"hubris:ToyBattleship"},{"floor":11.0,"key":"infinitespire:Satchel"},{"floor":14.0,"key":"Snake Skull"},{"floor":25.0,"key":"Tiny Chest"},{"floor":26.0,"key":"Dream Catcher"},{"floor":27.0,"key":"Lantern"},{"floor":40.0,"key":"hubris:AncientText"},{"floor":42.0,"key":"Boot"},{"floor":43.0,"key":"Bag of Preparation"},{"floor":46.0,"key":"Bag of Marbles"},{"floor":57.0,"key":"infinitespire:Magic Flask"},{"floor":59.0,"key":"infinitespire:Midas Blood"},{"floor":61.0,"key":"Smiling Mask"},{"floor":64.0,"key":"infinitespire:WardingShard"},{"floor":66.0,"key":"Shovel"},{"floor":76.0,"key":"Whetstone"},{"floor":78.0,"key":"Bottled Tornado"},{"floor":80.0,"key":"Nilry\u0027s Codex"},{"floor":82.0,"key":"Anchor"},{"floor":84.0,"key":"hubris:MobiusCoin"}],"event_choices":[{"damage_healed":0.0,"max_hp_gain":0.0,"max_hp_loss":0.0,"gold_gain":0.0,"event_name":"Living Wall","player_choice":"Grow","floor":2.0,"gold_loss":0.0,"damage_taken":0.0,"cards_upgraded":["Neutralize"]},{"damage_healed":0.0,"max_hp_gain":0.0,"max_hp_loss":6.0,"gold_gain":0.0,"event_name":"Golden Idol","player_choice":"Lose Max HP","floor":4.0,"gold_loss":0.0,"damage_taken":0.0,"relics_obtained":["Golden Idol"]},{"damage_healed":0.0,"max_hp_gain":0.0,"max_hp_loss":0.0,"gold_gain":0.0,"event_name":"The Library","player_choice":"Read","floor":19.0,"gold_loss":0.0,"damage_taken":0.0,"cards_obtained":["Shrug It Off"]},{"damage_healed":0.0,"max_hp_gain":0.0,"max_hp_loss":0.0,"gold_gain":50.0,"event_name":"Nest","player_choice":"Stole From Cult","floor":21.0,"gold_loss":0.0,"damage_taken":0.0},{"damage_healed":0.0,"max_hp_gain":0.0,"max_hp_loss":0.0,"gold_gain":0.0,"cards_transformed":["Strike_G","Defend_G"],"event_name":"Drug Dealer","player_choice":"Became Test Subject","floor":22.0,"gold_loss":0.0,"damage_taken":0.0,"cards_obtained":["Expertise","Setup"]},{"damage_healed":0.0,"max_hp_gain":0.0,"max_hp_loss":0.0,"gold_gain":0.0,"event_name":"Cursed Tome","player_choice":"Ignored","floor":28.0,"gold_loss":0.0,"damage_taken":0.0},{"damage_healed":0.0,"max_hp_gain":0.0,"max_hp_loss":3.0,"gold_gain":0.0,"event_name":"Winding Halls","player_choice":"Max HP","floor":36.0,"gold_loss":0.0,"damage_taken":0.0},{"damage_healed":0.0,"max_hp_gain":0.0,"max_hp_loss":0.0,"gold_gain":0.0,"event_name":"SensoryStone","player_choice":"Memory 3","floor":39.0,"gold_loss":0.0,"damage_taken":10.0},{"damage_healed":0.0,"max_hp_gain":0.0,"max_hp_loss":0.0,"gold_gain":0.0,"event_name":"Liars Game","player_choice":"Ignored","floor":56.0,"gold_loss":0.0,"damage_taken":0.0},{"damage_healed":0.0,"max_hp_gain":0.0,"max_hp_loss":0.0,"gold_gain":0.0,"event_name":"Designer","player_choice":"Upgrade","floor":74.0,"gold_loss":50.0,"damage_taken":0.0,"cards_upgraded":["Catalyst"]},{"damage_healed":0.0,"max_hp_gain":0.0,"max_hp_loss":0.0,"gold_gain":0.0,"event_name":"Cursed Tome","player_choice":"Obtained Book","floor":80.0,"gold_loss":0.0,"damage_taken":21.0}],"is_beta":false,"boss_relics":[{"not_picked":["Lizard Tail","Calling Bell"],"picked":"Sozu"},{"not_picked":["Snecko Eye","Coffee Dripper"],"picked":"Runic Pyramid"},{"not_picked":["HoveringKite","Pandora\u0027s Box"],"picked":"WristBlade"},{"not_picked":["Fusion Hammer","Cursed Key"],"picked":"Empty Cage"},{"not_picked":["hubris:VirtuousBlindfold","Astrolabe"],"picked":"Tiny House"}],"items_purged_floors":[5,20,37,44,71],"is_endless":true,"potions_floor_spawned":[1,3,14,18,25,31,38,40,46,50,51,53,54,59,65,68,73,76,77,83,85],"killed_by":"3 Darklings","ascension_level":20}