{"gold_per_floor":[117,130,52,63,76,76,106,106,176,176,195,195,221,32,32,109,109,129,146,17,35,55,55,5,40,40,40,52,52,52,68,68,68],"floor_reached":33,"playtime":1831,"items_purged":["Strike_G","Strike_G","Strike_G"],"score":511,"play_id":"c67d8dac-5b19-4afd-9a29-344102564ea5","local_time":"20181209023017","is_ascension_mode":true,"campfire_choices":[{"data":"Footwork","floor":6.0,"key":"SMITH"},{"data":"Neutralize","floor":8.0,"key":"SMITH"},{"data":"Dodge and Roll","floor":10.0,"key":"SMITH"},{"floor":12.0,"key":"REST"},{"data":"Infinite Blades","floor":15.0,"key":"SMITH"},{"floor":23,"key":"REST"},{"data":"Burst","floor":30,"key":"SMITH"},{"floor":32,"key":"REST"}],"neow_cost":"TEN_PERCENT_HP_LOSS","seed_source_timestamp":0,"circlet_count":0,"master_deck":["AscendersBane","Defend_G","Defend_G","Defend_G","Defend_G","Defend_G","Strike_G","Strike_G","Survivor","Neutralize+1","Corpse Explosion","Flying Knee","Flying Knee","Footwork+1","Dodge and Roll+1","Backflip","PiercingWail","Expertise","Malaise","Blade Dance","Infinite Blades+1","A Thousand Cuts","Infinite Blades","Backflip","Riddle With Holes","Concentrate","Calculated Gamble","Burst+1","Acrobatics+1","Blur"],"special_seed":0,"relics":["Ring of the Snake","WingedGreaves","Shuriken","Smiling Mask","Philosopher\u0027s Stone","Potion Belt","Ninja Scroll","Spirit Poop"],"potions_floor_usage":[22,25],"damage_taken":[{"damage":0.0,"enemies":"Cultist","floor":1.0,"turns":4.0},{"damage":9.0,"enemies":"Small Slimes","floor":2.0,"turns":4.0},{"damage":1.0,"enemies":"2 Louse","floor":4.0,"turns":3.0},{"damage":13.0,"enemies":"Exordium Thugs","floor":5.0,"turns":7.0},{"damage":10.0,"enemies":"3 Sentries","floor":7.0,"turns":2.0},{"damage":11.0,"enemies":"Lots of Slimes","floor":11.0,"turns":4.0},{"damage":5.0,"enemies":"Lagavulin","floor":13.0,"turns":10.0},{"damage":22.0,"enemies":"Slime Boss","floor":16.0,"turns":9.0},{"damage":22.0,"enemies":"2 Thieves","floor":18.0,"turns":5.0},{"damage":18.0,"enemies":"Chosen","floor":19.0,"turns":5.0},{"damage":3.0,"enemies":"Centurion and Healer","floor":21.0,"turns":6.0},{"damage":1,"enemies":"Shelled Parasite and Fungi","floor":22,"turns":7},{"damage":5,"enemies":"Gremlin Leader","floor":25,"turns":6},{"damage":3,"enemies":"Snake Plant","floor":28,"turns":6},{"damage":14,"enemies":"Centurion and Healer","floor":31,"turns":7},{"damage":36,"enemies":"Automaton","floor":33,"turns":6}],"seed_played":"-6392398370580276508","potions_obtained":[{"floor":4.0,"key":"Block Potion"},{"floor":5.0,"key":"AttackPotion"},{"floor":13.0,"key":"AttackPotion"},{"floor":16.0,"key":"Swift Potion"},{"floor":21.0,"key":"SpeedPotion"},{"floor":22,"key":"Fruit Juice"}],"is_trial":false,"path_per_floor":["M","M","$","M","M","R","E","R","T","R","M","R","E","$","R","B",null,"M","M","$","M","M","R","$","E","T","?","M","?","R","M","R","B"],"character_chosen":"THE_SILENT","items_purchased":["Footwork","Blade Dance","Infinite Blades","Riddle With Holes"],"campfire_rested":3,"item_purchase_floors":[3,14,14,20],"current_hp_per_floor":[59,50,50,49,36,36,26,26,26,26,15,33,28,28,28,6,47,25,7,7,4,3,21,21,21,21,21,18,18,18,4,23,0],"gold":68,"neow_bonus":"THREE_RARE_CARDS","is_prod":false,"is_daily":false,"chose_seed":false,"campfire_upgraded":5,"win_rate":0,"timestamp":1544319017,"path_taken":["M","M","$","M","M","R","E","R","T","R","M","R","E","$","R","BOSS","M","M","$","?","?","R","$","E","T","?","M","?","R","M","R","BOSS"],"build_version":"2018-12-06","purchased_purges":3,"victory":false,"max_hp_per_floor":[60,60,60,60,60,60,60,60,60,60,60,60,60,60,60,60,60,60,60,60,60,60,60,60,65,65,65,65,65,65,65,65,65],"card_choices":[{"not_picked":["Die Die Die","Malaise"],"picked":"Corpse Explosion","floor":0.0},{"not_picked":["Prepared","Setup"],"picked":"Flying Knee","floor":1.0},{"not_picked":["Sucker Punch","Predator"],"picked":"Flying Knee","floor":2.0},{"not_picked":["Sucker Punch","Cloak And Dagger"],"picked":"Dodge and Roll","floor":4.0},{"not_picked":["PiercingWail","Deadly Poison"],"picked":"Backflip","floor":5.0},{"not_picked":["Terror","Acrobatics"],"picked":"PiercingWail","floor":7.0},{"not_picked":["Tactician","Die Die Die"],"picked":"Expertise","floor":11.0},{"not_picked":["Acrobatics","Cloak And Dagger"],"picked":"Malaise","floor":13.0},{"not_picked":["Unload","Die Die Die"],"picked":"A Thousand Cuts","floor":16.0},{"not_picked":["Eviscerate","Deadly Poison"],"picked":"Infinite Blades","floor":18.0},{"not_picked":["Noxious Fumes","Quick Slash"],"picked":"Backflip","floor":19.0},{"not_picked":["Noxious Fumes","Backflip+1"],"picked":"Concentrate","floor":21.0},{"not_picked":["Grand Finale","Bane"],"picked":"Calculated Gamble","floor":22},{"not_picked":["All Out Attack+1","Deflect"],"picked":"Burst","floor":25},{"not_picked":["Sucker Punch","Blade Dance"],"picked":"Acrobatics+1","floor":28},{"not_picked":["Distraction+1","Sucker Punch+1"],"picked":"Blur","floor":31}],"player_experience":986629,"relics_obtained":[{"floor":7.0,"key":"WingedGreaves"},{"floor":9.0,"key":"Shuriken"},{"floor":13.0,"key":"Smiling Mask"},{"floor":25,"key":"Potion Belt"},{"floor":26,"key":"Ninja Scroll"}],"event_choices":[{"damage_healed":0,"gold_gain":0,"player_choice":"Smashed Altar","damage_taken":0,"max_hp_gain":0,"max_hp_loss":0,"event_name":"Forgotten Altar","floor":27,"gold_loss":0,"cards_obtained":["Decay"]},{"cards_removed":["Decay"],"damage_healed":0,"gold_gain":0,"player_choice":"Offered Curse","damage_taken":0,"relics_obtained":["Spirit Poop"],"max_hp_gain":0,"max_hp_loss":0,"event_name":"Bonfire Elementals","floor":29,"gold_loss":0}],"is_beta":true,"boss_relics":[{"not_picked":["Runic Dome","Cursed Key"],"picked":"Philosopher\u0027s Stone"}],"items_purged_floors":[14,20,24],"is_endless":false,"potions_floor_spawned":[4,5,13,16,21,22],"killed_by":"Automaton","ascension_level":17}