{"gold_per_floor":[110,110,129,129,129,129,146,146,146,156,184,202,222,250,250,322,322,340,340,360,360],"floor_reached":21,"playtime":770,"items_purged":[],"score":482,"play_id":"7594af82-8fcb-4ae1-90d1-f1f10564cd62","local_time":"20190916155036","is_ascension_mode":true,"campfire_choices":[{"data":"Genetic Algorithm","floor":6.0,"key":"SMITH"},{"data":"Biased Cognition","floor":8.0,"key":"SMITH"},{"data":"Consume","floor":15.0,"key":"SMITH"}],"neow_cost":"TEN_PERCENT_HP_LOSS","seed_source_timestamp":20202255572655,"circlet_count":0,"master_deck":["AscendersBane","Strike_B","Strike_B+1","Strike_B","Strike_B+1","Defend_B","Defend_B","Defend_B","Defend_B","Zap+1","Dualcast","Echo Form","Glacier","Genetic Algorithm+1","Biased Cognition+1","Doom and Gloom","Gash","Gash","Consume+1","Echo Form","Compile Driver","Ball Lightning+1"],"special_seed":0,"relics":["Cracked Core","Mercury Hourglass","HornCleat","Symbiotic Virus","Pear","Coffee Dripper"],"potions_floor_usage":[],"damage_taken":[{"damage":4.0,"enemies":"Small Slimes","floor":1.0,"turns":3.0},{"damage":0.0,"enemies":"2 Louse","floor":3.0,"turns":2.0},{"damage":1.0,"enemies":"Jaw Worm","floor":7.0,"turns":4.0},{"damage":3.0,"enemies":"Exordium Thugs","floor":10.0,"turns":4.0},{"damage":0.0,"enemies":"Lagavulin","floor":11.0,"turns":6.0},{"damage":10.0,"enemies":"Gremlin Gang","floor":12.0,"turns":2.0},{"damage":0.0,"enemies":"Large Slime","floor":13.0,"turns":4.0},{"damage":0.0,"enemies":"Gremlin Nob","floor":14.0,"turns":3.0},{"damage":15.0,"enemies":"The Guardian","floor":16.0,"turns":13.0},{"damage":25.0,"enemies":"Chosen","floor":18.0,"turns":6.0},{"damage":6.0,"enemies":"2 Thieves","floor":20.0,"turns":4.0},{"damage":31,"enemies":"Sentry and Sphere","floor":21,"turns":3}],"seed_played":"-227003882722683554","potions_obtained":[{"floor":1.0,"key":"Poison Potion"},{"floor":7.0,"key":"Fire Potion"},{"floor":14.0,"key":"AttackPotion"}],"is_trial":false,"path_per_floor":["M","?","M","?","T","R","M","R","T","M","E","M","M","E","R","B",null,"M","?","M","M"],"character_chosen":"DEFECT","items_purchased":[],"campfire_rested":0,"item_purchase_floors":[],"current_hp_per_floor":[60,41,41,41,41,41,40,40,40,37,37,27,27,37,37,22,61,36,36,30,0],"gold":360,"neow_bonus":"THREE_RARE_CARDS","is_prod":false,"is_daily":false,"chose_seed":false,"campfire_upgraded":3,"win_rate":0,"timestamp":1568641836,"path_taken":["M","?","M","?","?","R","?","R","T","?","E","M","?","E","R","BOSS","M","?","?","M"],"build_version":"2019-09-12","purchased_purges":0,"victory":false,"max_hp_per_floor":[64,64,64,64,64,64,64,64,64,64,64,64,64,74,74,74,74,74,74,74,74],"card_choices":[{"not_picked":["Biased Cognition","Buffer"],"picked":"Echo Form","floor":0.0},{"not_picked":["Beam Cell","Reprogram"],"picked":"Glacier","floor":1.0},{"not_picked":["Turbo","Compile Driver"],"picked":"Genetic Algorithm","floor":3.0},{"not_picked":["Redo","Auto Shields"],"picked":"Biased Cognition","floor":7.0},{"not_picked":["Barrage","Undo"],"picked":"Doom and Gloom","floor":10.0},{"not_picked":["Beam Cell","Steam Power"],"picked":"Gash","floor":11.0},{"not_picked":["Recycle","Steam","Scrape"],"picked":"SKIP","floor":12.0},{"not_picked":["Fission","Beam Cell"],"picked":"Gash","floor":13.0},{"not_picked":["Sweeping Beam","Recycle"],"picked":"Consume","floor":14.0},{"not_picked":["Meteor Strike","Biased Cognition"],"picked":"Echo Form","floor":16.0},{"not_picked":["Double Energy","Streamline"],"picked":"Compile Driver","floor":18.0},{"not_picked":["Hologram","Auto Shields"],"picked":"Ball Lightning+1","floor":20.0}],"player_experience":2056717,"relics_obtained":[{"floor":5.0,"key":"Mercury Hourglass"},{"floor":9.0,"key":"HornCleat"},{"floor":11.0,"key":"Symbiotic Virus"},{"floor":14.0,"key":"Pear"}],"event_choices":[{"damage_healed":0.0,"max_hp_gain":0.0,"max_hp_loss":0.0,"gold_gain":0.0,"event_name":"Shining Light","player_choice":"Entered Light","floor":2.0,"gold_loss":0.0,"damage_taken":19.0,"cards_upgraded":["Strike_B","Strike_B"]},{"damage_healed":0.0,"max_hp_gain":0.0,"max_hp_loss":0.0,"gold_gain":0.0,"event_name":"Living Wall","player_choice":"Grow","floor":4.0,"gold_loss":0.0,"damage_taken":0.0,"cards_upgraded":["Zap"]},{"damage_healed":0.0,"max_hp_gain":0.0,"max_hp_loss":0.0,"gold_gain":0.0,"event_name":"N\u0027loth","player_choice":"Ignored","floor":19.0,"gold_loss":0.0,"damage_taken":0.0}],"is_beta":true,"boss_relics":[{"not_picked":["Nuclear Battery","Pandora\u0027s Box"],"picked":"Coffee Dripper"}],"items_purged_floors":[],"is_endless":false,"potions_floor_spawned":[1,7,11,13,14,18],"killed_by":"Sentry and Sphere","ascension_level":20}