{"gold_per_floor":[114,114,114,139,139,139,178,196,219,219,219,1,16,35,35,133,133,158,178,178,103,103,103,128,128,128,128,128],"floor_reached":28,"playtime":910,"items_purged":["Injury"],"score":452,"play_id":"00146e1e-1eb5-4a18-84aa-8e6e3d7e2483","local_time":"20180927134856","is_ascension_mode":true,"campfire_choices":[{"data":"Zap","floor":6,"key":"SMITH"},{"data":"Dualcast","floor":11,"key":"SMITH"},{"floor":15,"key":"REST"},{"data":"Lockon","floor":23,"key":"SMITH"},{"data":"Core Surge","floor":27,"key":"SMITH"}],"neow_cost":"","seed_source_timestamp":2392958742981,"circlet_count":0,"master_deck":["Strike_B+1","Strike_B","Strike_B","Defend_B+1","Defend_B","Defend_B","Defend_B","Zap+1","Dualcast+1","AscendersBane","Auto Shields","Beam Cell","Glacier+1","Beam Cell","Electrodynamics","Self Repair","Lockon+1","Core Surge+1","Self Repair+1"],"relics":["Cracked Core","Golden Idol","Bronze Scales","PreservedInsect","Inserter","MutagenicStrength","Enchiridion","Bag of Marbles"],"potions_floor_usage":[7,16,16],"damage_taken":[{"damage":7,"enemies":"Small Slimes","floor":1,"turns":3},{"damage":14,"enemies":"2 Louse","floor":4,"turns":3},{"damage":27,"enemies":"Gremlin Nob","floor":7,"turns":4},{"damage":0,"enemies":"Jaw Worm","floor":8,"turns":3},{"damage":11,"enemies":"Looter","floor":13,"turns":2},{"damage":7,"enemies":"Exordium Wildlife","floor":14,"turns":3},{"damage":0,"enemies":"Slime Boss","floor":16,"turns":6},{"damage":4,"enemies":"3 Byrds","floor":18,"turns":2},{"damage":13,"enemies":"Chosen","floor":19,"turns":4},{"damage":21,"enemies":"Centurion and Healer","floor":24,"turns":7},{"damage":26,"enemies":"Shelled Parasite and Fungi","floor":28,"turns":3}],"seed_played":"-8929081441845857362","potions_obtained":[{"floor":4,"key":"PowerPotion"},{"floor":7,"key":"SkillPotion"},{"floor":8,"key":"FocusPotion"}],"is_trial":false,"path_per_floor":["M","?","?","M","?","R","E","M","T","?","R","$","M","M","R","B",null,"M","M","?","?","?","R","M","?","T","R"],"character_chosen":"DEFECT","items_purchased":["Electrodynamics"],"campfire_rested":1,"item_purchase_floors":[12],"current_hp_per_floor":[57,43,43,29,52,52,25,25,25,25,25,25,14,14,35,42,64,60,54,54,54,54,54,40,24,24,24,0],"gold":128,"neow_bonus":"","is_prod":false,"is_daily":false,"chose_seed":false,"campfire_upgraded":4,"win_rate":0,"timestamp":1538048936,"path_taken":["M","?","?","?","?","R","E","M","T","?","R","$","M","M","R","BOSS","M","M","?","?","?","R","?","?","T","R","M"],"build_version":"2018-09-26v2","purchased_purges":1,"victory":false,"max_hp_per_floor":[71,71,71,71,71,71,71,71,71,71,71,71,71,71,71,71,71,71,71,71,71,71,71,71,71,71,71,71],"card_choices":[{"not_picked":["Stack","Doom and Gloom"],"picked":"Auto Shields","floor":1},{"not_picked":["Recycle","Aggregate"],"picked":"Beam Cell","floor":4},{"not_picked":["Turbo","Barrage"],"picked":"Glacier","floor":7},{"not_picked":["Leap","Steam"],"picked":"Beam Cell","floor":8},{"not_picked":["FTL","Turbo"],"picked":"Self Repair","floor":13},{"not_picked":["Darkness","Recycle"],"picked":"Lockon","floor":14},{"not_picked":["Seek","Meteor Strike"],"picked":"Core Surge","floor":16},{"not_picked":["Conserve Battery","Leap"],"picked":"Hello World","floor":18},{"not_picked":["Sweeping Beam","Steam","Barrage"],"picked":"SKIP","floor":19},{"not_picked":["Glacier","Turbo+1"],"picked":"Self Repair+1","floor":24}],"player_experience":520722,"relics_obtained":[{"floor":7,"key":"Bronze Scales"},{"floor":9,"key":"PreservedInsect"},{"floor":25,"key":"Enchiridion"},{"floor":26,"key":"Bag of Marbles"}],"event_choices":[{"event_name":"Shining Light","player_choice":"Entered Light","floor":2,"damage_taken":0},{"event_name":"Golden Idol","player_choice":"Take Wound","floor":3,"damage_taken":0},{"event_name":"Big Fish","player_choice":"Banana","floor":5,"damage_taken":0},{"event_name":"Accursed Blacksmith","player_choice":"Forge","floor":10,"damage_taken":0},{"event_name":"Drug Dealer","player_choice":"Inject Mutagens","floor":20,"damage_taken":0},{"event_name":"Beggar","player_choice":"Gave Gold","floor":21,"damage_taken":0},{"event_name":"Purifier","player_choice":"One Purge","floor":22,"damage_taken":0},{"event_name":"Cursed Tome","player_choice":"Obtained Book","floor":25,"damage_taken":0}],"is_beta":true,"boss_relics":[{"not_picked":["Eternal Feather","Orrery"],"picked":"Inserter"}],"items_purged_floors":[12],"is_endless":false,"potions_floor_spawned":[4,7,8,13],"killed_by":"Shelled Parasite and Fungi","ascension_level":14}