{"gold_per_floor":[16,34,34,109,109,109,124,124,124,156,156,183,193,208,208,208],"floor_reached":16,"playtime":3211,"items_purged":[],"score":204,"play_id":"3fd94116-0eea-49ab-956b-a9938eb31260","local_time":"20181122130006","is_ascension_mode":true,"campfire_choices":[{"data":"Seeing Red","floor":6,"key":"SMITH"},{"data":"Armaments","floor":8,"key":"SMITH"},{"data":"Uppercut","floor":15,"key":"SMITH"}],"neow_cost":"NO_GOLD","seed_source_timestamp":7331749878628,"circlet_count":0,"master_deck":["AscendersBane","Strike_R","Strike_R","Strike_R","Strike_R","Defend_R","Defend_R","Defend_R","Bash","Seeing Red+1","Burning Pact","Infernal Blade","Pommel Strike","Armaments+1","Intimidate+1","Disarm+1","Uppercut+1","Shrug It Off+1"],"relics":["Burning Blood","Letter Opener","Gremlin Horn","Toxic Egg 2","Oddly Smooth Stone","Magic Flower","Frozen Egg 2"],"potions_floor_usage":[12,16],"damage_taken":[{"damage":1,"enemies":"Cultist","floor":1,"turns":3},{"damage":7,"enemies":"Jaw Worm","floor":2,"turns":2},{"damage":3,"enemies":"2 Louse","floor":7,"turns":2},{"damage":41,"enemies":"Gremlin Nob","floor":10,"turns":5},{"damage":11,"enemies":"Lagavulin","floor":12,"turns":7},{"damage":5,"enemies":"Looter","floor":13,"turns":3},{"damage":0,"enemies":"Gremlin Gang","floor":14,"turns":3},{"damage":38,"enemies":"Hexaghost","floor":16,"turns":16}],"seed_played":"-3342132535655323427","potions_obtained":[{"floor":1,"key":"SneckoOil"},{"floor":10,"key":"Energy Potion"},{"floor":14,"key":"Dexterity Potion"}],"is_trial":false,"path_per_floor":["M","M","T","?","?","R","M","R","T","E","T","E","M","M","R","B"],"character_chosen":"IRONCLAD","items_purchased":[],"campfire_rested":0,"item_purchase_floors":[],"current_hp_per_floor":[73,72,72,61,56,56,59,59,59,24,24,22,26,35,35,0],"gold":208,"neow_bonus":"TRANSFORM_TWO_CARDS","is_prod":false,"is_daily":false,"chose_seed":false,"campfire_upgraded":3,"win_rate":0,"timestamp":1542888006,"path_taken":["M","M","?","?","?","R","M","R","T","E","?","E","M","M","R","BOSS"],"build_version":"2018-11-15","purchased_purges":0,"victory":false,"max_hp_per_floor":[75,75,75,75,75,75,75,75,75,75,75,75,75,75,75,75],"card_choices":[{"not_picked":["Dual Wield","Heavy Blade"],"picked":"Infernal Blade","floor":1},{"not_picked":["Havoc","Burning Pact"],"picked":"Pommel Strike","floor":2},{"not_picked":["Hemokinesis","Iron Wave"],"picked":"Armaments","floor":7},{"not_picked":["Wild Strike","Burning Pact+1"],"picked":"Intimidate+1","floor":10},{"not_picked":["Thunderclap","Sword Boomerang"],"picked":"Disarm+1","floor":12},{"not_picked":["Perfected Strike","Iron Wave"],"picked":"Uppercut","floor":13},{"not_picked":["Anger","Pummel"],"picked":"Shrug It Off+1","floor":14}],"player_experience":859030,"relics_obtained":[{"floor":3,"key":"Letter Opener"},{"floor":9,"key":"Toxic Egg 2"},{"floor":10,"key":"Oddly Smooth Stone"},{"floor":11,"key":"Magic Flower"},{"floor":12,"key":"Frozen Egg 2"}],"event_choices":[{"damage_healed":0,"gold_gain":75,"player_choice":"Gather Gold","damage_taken":11,"max_hp_gain":0,"max_hp_loss":0,"event_name":"World of Goop","floor":4,"gold_loss":0},{"damage_healed":0,"gold_gain":0,"player_choice":"Success","damage_taken":5,"relics_obtained":["Gremlin Horn"],"max_hp_gain":0,"max_hp_loss":0,"event_name":"Scrap Ooze","floor":5,"gold_loss":0}],"is_beta":true,"boss_relics":[],"items_purged_floors":[],"is_endless":false,"potions_floor_spawned":[1,10,14],"killed_by":"Hexaghost","ascension_level":17}