{"gold_per_floor":[118,133,21,21,38,68,78,78,102,131,131,164,175,185,185,280,280,295,307,135,135],"floor_reached":21,"playtime":3091,"items_purged":["Strike_B","Strike_B"],"score":226,"play_id":"cf11c053-26c0-408d-a949-d3b68b0eef74","local_time":"20190207093929","is_ascension_mode":false,"campfire_choices":[{"data":"Scrape","floor":8,"key":"SMITH"},{"data":"Coolheaded","floor":11,"key":"SMITH"},{"data":"Machine Learning","floor":15,"key":"SMITH"}],"neow_cost":"NONE","seed_source_timestamp":267516457256637,"circlet_count":0,"master_deck":["Strike_B","Strike_B","Defend_B","Defend_B","Defend_B","Defend_B","Zap","Dualcast","Leap","Scrape+1","Reprogram+1","Sweeping Beam","Gash","Cold Snap","Coolheaded+1","Redo","Machine Learning+1","Go for the Eyes","Buffer","Coolheaded","BootSequence","Loop"],"relics":["Cracked Core","Lantern","Blood Vial","Pen Nib","Regal Pillow","Dream Catcher","Eternal Feather"],"potions_floor_usage":[10,16,19],"damage_taken":[{"damage":0,"enemies":"2 Louse","floor":1,"turns":2},{"damage":6,"enemies":"Cultist","floor":2,"turns":5},{"damage":0,"enemies":"Jaw Worm","floor":5,"turns":3},{"damage":13,"enemies":"3 Sentries","floor":6,"turns":7},{"damage":8,"enemies":"Gremlin Gang","floor":7,"turns":3},{"damage":7,"enemies":"Gremlin Nob","floor":10,"turns":5},{"damage":0,"enemies":"3 Sentries","floor":12,"turns":7},{"damage":10,"enemies":"Exordium Thugs","floor":13,"turns":5},{"damage":6,"enemies":"Lots of Slimes","floor":14,"turns":4},{"damage":1,"enemies":"The Guardian","floor":16,"turns":14},{"damage":27,"enemies":"Shell Parasite","floor":18,"turns":8},{"damage":4,"enemies":"Spheric Guardian","floor":19,"turns":10},{"damage":48,"enemies":"3 Cultists","floor":21,"turns":5}],"seed_played":"8166578404705218558","potions_obtained":[{"floor":5,"key":"SkillPotion"},{"floor":6,"key":"FearPotion"},{"floor":7,"key":"Swift Potion"},{"floor":12,"key":"Ancient Potion"},{"floor":14,"key":"Regen Potion"},{"floor":19,"key":"EssenceOfSteel"}],"is_trial":false,"path_per_floor":["M","M","$","?","M","E","M","R","T","E","R","E","M","M","R","B",null,"M","M","$","M"],"character_chosen":"DEFECT","items_purchased":["Reprogram","Loop"],"campfire_rested":0,"item_purchase_floors":[3,20],"current_hp_per_floor":[75,69,69,69,69,56,50,50,50,45,45,47,39,35,35,51,75,48,46,46,0],"gold":135,"neow_bonus":"RANDOM_COMMON_RELIC","is_prod":false,"is_daily":false,"chose_seed":false,"campfire_upgraded":3,"win_rate":0.0,"timestamp":1549561169,"path_taken":["M","M","$","?","M","E","M","R","T","E","R","E","M","M","R","BOSS","M","?","$","M"],"build_version":"2019-01-23","purchased_purges":2,"victory":false,"max_hp_per_floor":[75,75,75,75,75,75,75,75,75,75,75,75,75,75,75,75,75,75,75,75,75],"card_choices":[{"not_picked":["Aggregate","Beam Cell"],"picked":"Leap","floor":1},{"not_picked":["Redo","Beam Cell"],"picked":"Scrape","floor":2},{"not_picked":["Cold Snap","Force Field"],"picked":"Sweeping Beam","floor":5},{"not_picked":["Rebound","Barrage"],"picked":"Gash","floor":6},{"not_picked":["Sweeping Beam","Compile Driver"],"picked":"Cold Snap","floor":7},{"not_picked":["Beam Cell","Self Repair"],"picked":"Coolheaded","floor":10},{"not_picked":["Doom and Gloom","Sweeping Beam"],"picked":"Redo","floor":12},{"not_picked":["Redo","Barrage"],"picked":"Machine Learning","floor":13},{"not_picked":["Stack","Conserve Battery"],"picked":"Go for the Eyes","floor":14},{"not_picked":["Thunder Strike","Meteor Strike"],"picked":"Buffer","floor":16},{"not_picked":["Go for the Eyes","Redo"],"picked":"Coolheaded","floor":18},{"not_picked":["Chaos","Aggregate+1"],"picked":"BootSequence","floor":19}],"player_experience":85969,"relics_obtained":[{"floor":6,"key":"Blood Vial"},{"floor":9,"key":"Pen Nib"},{"floor":10,"key":"Regal Pillow"},{"floor":12,"key":"Dream Catcher"}],"event_choices":[{"damage_healed":0,"gold_gain":0,"player_choice":"Forge","damage_taken":0,"max_hp_gain":0,"max_hp_loss":0,"event_name":"Accursed Blacksmith","floor":4,"gold_loss":0,"cards_upgraded":["Reprogram"]}],"is_beta":false,"boss_relics":[{"not_picked":["Calling Bell","Busted Crown"],"picked":"Eternal Feather"}],"items_purged_floors":[3,20],"is_endless":false,"potions_floor_spawned":[5,6,7,12,14,19],"killed_by":"3 Cultists","ascension_level":0}