{"gold_per_floor":[368,382,398,398,38,69,69,79,105,174,196,208,245,268,280,367,379,406,468,494,532,544,585,597,629,668,680,710,722,759,771,783,795],"floor_reached":33,"playtime":1439,"items_purged":["Strike_R"],"score":740,"play_id":"a0f6069e-2a42-4b6f-90fc-15f4a6036df7","local_time":"20190712142123","is_ascension_mode":true,"campfire_choices":[{"floor":7,"key":"REST"},{"floor":15,"key":"REST"},{"data":"Immolate","floor":24,"key":"SMITH"},{"data":"Feed","floor":27,"key":"SMITH"},{"data":"Demon Form","floor":29,"key":"SMITH"},{"floor":32,"key":"REST"}],"neow_cost":"PERCENT_DAMAGE","seed_source_timestamp":16435659924105,"circlet_count":0,"master_deck":["AscendersBane","Strike_R","Strike_R","Strike_R","Strike_R","Defend_R","Defend_R","Defend_R","Defend_R","Bash+1","Clothesline","Spot Weakness","Twin Strike","Armaments+1","Immolate+1","Warcry+1","Impervious+1","Demon Form+1","Shrug It Off+1","Feed+1","Impervious+1","Sword Boomerang","Flame Barrier+1","Shrug It Off+1","Decay"],"relics":["Burning Blood","Toxic Egg 2","Lantern","MawBank","Juzu Bracelet","Potion Belt","Snecko Eye","Happy Flower","Red Mask","Question Card","Strawberry","Molten Egg 2"],"potions_floor_usage":[13,30,33,33,33,33],"damage_taken":[{"damage":6,"enemies":"2 Louse","floor":1,"turns":4},{"damage":17,"enemies":"Small Slimes","floor":2,"turns":5},{"damage":1,"enemies":"Cultist","floor":3,"turns":3},{"damage":40,"enemies":"Lagavulin","floor":6,"turns":8},{"damage":1,"enemies":"2 Fungi Beasts","floor":8,"turns":4},{"damage":25,"enemies":"3 Sentries","floor":10,"turns":5},{"damage":8,"enemies":"3 Louse","floor":11,"turns":3},{"damage":0,"enemies":"3 Sentries","floor":13,"turns":3},{"damage":14,"enemies":"Large Slime","floor":14,"turns":5},{"damage":10,"enemies":"The Guardian","floor":16,"turns":14},{"damage":6,"enemies":"2 Thieves","floor":18,"turns":4},{"damage":7,"enemies":"Chosen","floor":20,"turns":4},{"damage":20,"enemies":"Masked Bandits","floor":21,"turns":3},{"damage":0,"enemies":"Gremlin Leader","floor":23,"turns":3},{"damage":0,"enemies":"Snecko","floor":25,"turns":4},{"damage":15,"enemies":"Cultist and Chosen","floor":28,"turns":7},{"damage":62,"enemies":"Slavers","floor":30,"turns":7},{"damage":64,"enemies":"Automaton","floor":33,"turns":8}],"seed_played":"2872665987723684977","potions_obtained":[{"floor":8,"key":"SpeedPotion"},{"floor":10,"key":"PowerPotion"},{"floor":14,"key":"Swift Potion"},{"floor":16,"key":"Swift Potion"},{"floor":18,"key":"SpeedPotion"},{"floor":28,"key":"Dexterity Potion"},{"floor":30,"key":"SpeedPotion"}],"is_trial":false,"path_per_floor":["M","M","M","?","$","E","R","M","T","?","M","?","E","M","R","B",null,"M","T","M","?","$","E","R","M","T","R","M","R","E","?","R","B"],"character_chosen":"IRONCLAD","items_purchased":["Toxic Egg 2"],"campfire_rested":3,"item_purchase_floors":[5],"current_hp_per_floor":[50,39,44,44,44,10,32,37,37,18,16,16,22,14,36,32,64,68,68,71,60,60,69,69,78,85,85,80,80,28,28,60,0],"gold":795,"neow_bonus":"TWO_FIFTY_GOLD","is_prod":false,"is_daily":false,"chose_seed":false,"campfire_upgraded":3,"win_rate":0,"timestamp":1562934083,"path_taken":["M","M","M","?","$","E","R","M","T","?","M","?","E","M","R","BOSS","M","?","M","?","$","E","R","M","T","R","M","R","E","?","R","BOSS"],"build_version":"2019-07-05","purchased_purges":1,"victory":false,"max_hp_per_floor":[75,75,75,75,75,75,75,75,75,75,75,75,75,75,75,75,75,79,79,83,86,86,89,89,92,99,99,103,103,107,107,107,107],"card_choices":[{"not_picked":["Headbutt","Reckless Charge"],"picked":"Clothesline","floor":1},{"not_picked":["Wild Strike","Ghostly Armor"],"picked":"Spot Weakness","floor":2},{"not_picked":["Armaments","Metallicize"],"picked":"Twin Strike","floor":3},{"not_picked":["Iron Wave","Clothesline"],"picked":"Armaments+1","floor":6},{"not_picked":["Pommel Strike","Twin Strike"],"picked":"Immolate","floor":8},{"not_picked":["Iron Wave","Sword Boomerang"],"picked":"Warcry+1","floor":10},{"not_picked":["Cleave","Sever Soul","Pommel Strike"],"picked":"SKIP","floor":11},{"not_picked":["Havoc+1","Sword Boomerang"],"picked":"Demon Form","floor":13},{"not_picked":["Spot Weakness+1","Anger"],"picked":"Shrug It Off+1","floor":14},{"not_picked":["Berserk","Dark Embrace"],"picked":"Feed","floor":16},{"not_picked":["Armaments+1","Bloodletting+1","Perfected Strike"],"picked":"SKIP","floor":18},{"not_picked":["Body Slam","Clothesline","Fire Breathing"],"picked":"SKIP","floor":20},{"not_picked":["True Grit+1","Blood for Blood"],"picked":"Impervious+1","floor":23},{"not_picked":["Clothesline+1","Dropkick","Metallicize"],"picked":"Sword Boomerang","floor":25},{"not_picked":["Carnage","Battle Trance+1","Clash"],"picked":"Flame Barrier+1","floor":28},{"not_picked":["Headbutt","Pummel","Berserk"],"picked":"Shrug It Off+1","floor":30}],"player_experience":1795528,"relics_obtained":[{"floor":6,"key":"Lantern"},{"floor":9,"key":"MawBank"},{"floor":10,"key":"Juzu Bracelet"},{"floor":13,"key":"Potion Belt"},{"floor":19,"key":"Happy Flower"},{"floor":21,"key":"Red Mask"},{"floor":23,"key":"Question Card"},{"floor":26,"key":"Strawberry"},{"floor":30,"key":"Molten Egg 2"}],"event_choices":[{"damage_healed":0,"gold_gain":0,"player_choice":"Grow","damage_taken":0,"max_hp_gain":0,"max_hp_loss":0,"event_name":"Living Wall","floor":4,"gold_loss":0,"cards_upgraded":["Bash"]},{"damage_healed":0,"gold_gain":0,"player_choice":"Searched \u00271\u0027 times","damage_taken":0,"max_hp_gain":0,"max_hp_loss":0,"event_name":"Dead Adventurer","floor":10,"gold_loss":0},{"damage_healed":0,"gold_gain":0,"player_choice":"1 cards matched","damage_taken":0,"max_hp_gain":0,"max_hp_loss":0,"event_name":"Match and Keep!","floor":12,"gold_loss":0,"cards_obtained":["Impervious"]},{"damage_healed":0,"gold_gain":0,"player_choice":"Fought Bandits","damage_taken":0,"max_hp_gain":0,"max_hp_loss":0,"event_name":"Masked Bandits","floor":21,"gold_loss":0},{"damage_healed":0,"gold_gain":0,"player_choice":"Smashed Altar","damage_taken":0,"max_hp_gain":0,"max_hp_loss":0,"event_name":"Forgotten Altar","floor":31,"gold_loss":0,"cards_obtained":["Decay"]}],"is_beta":false,"boss_relics":[{"not_picked":["Lizard Tail","Astrolabe"],"picked":"Snecko Eye"}],"items_purged_floors":[5],"is_endless":false,"potions_floor_spawned":[8,10,11,14,16,18,23,28,30],"killed_by":"Automaton","ascension_level":20}