{"gold_per_floor":[115,40,56,56,75,106,106,132,132,142,160,160,180,205,205,205],"floor_reached":16,"playtime":657,"items_purged":[],"score":244,"play_id":"b88285c9-f521-45df-aa3e-702c84ae2635","local_time":"20190312165858","is_ascension_mode":true,"campfire_choices":[{"data":"Bash","floor":7.0,"key":"SMITH"},{"data":"Rampage","floor":12,"key":"SMITH"},{"data":"Fiend Fire","floor":15,"key":"SMITH"}],"neow_cost":"NONE","seed_source_timestamp":15360999531084,"circlet_count":0,"master_deck":["AscendersBane","Strike_R","Strike_R","Strike_R","Strike_R","Defend_R","Defend_R","Defend_R","Defend_R","Bash+1","Rampage+1","Headbutt","Pain","Iron Wave","Havoc","Warcry","Clothesline","Battle Trance","Shrug It Off","Fiend Fire+1"],"special_seed":0,"relics":["Burning Blood","WarpedTongs","Unceasing Top","Gremlin Horn","Bottled Flame","Self Forming Clay"],"potions_floor_usage":[8,16,16],"damage_taken":[{"damage":6.0,"enemies":"Jaw Worm","floor":1.0,"turns":7.0},{"damage":1.0,"enemies":"Cultist","floor":3.0,"turns":4.0},{"damage":3.0,"enemies":"Small Slimes","floor":5.0,"turns":3.0},{"damage":21.0,"enemies":"3 Sentries","floor":6.0,"turns":9.0},{"damage":11,"enemies":"Gremlin Nob","floor":8,"turns":3},{"damage":18,"enemies":"3 Louse","floor":10,"turns":4},{"damage":9,"enemies":"Blue Slaver","floor":11,"turns":4},{"damage":20,"enemies":"Gremlin Gang","floor":13,"turns":3},{"damage":25,"enemies":"3 Sentries","floor":14,"turns":6},{"damage":8,"enemies":"Hexaghost","floor":16,"turns":7}],"seed_played":"6991674403195576854","potions_obtained":[{"floor":0.0,"key":"Ancient Potion"},{"floor":0.0,"key":"FearPotion"},{"floor":0.0,"key":"Explosive Potion"},{"floor":3.0,"key":"EssenceOfSteel"},{"floor":8,"key":"Dexterity Potion"},{"floor":11,"key":"Dexterity Potion"},{"floor":13,"key":"Strength Potion"}],"is_trial":false,"path_per_floor":["M","?","M","?","M","E","R","E","T","M","M","R","M","E","R","B"],"character_chosen":"IRONCLAD","items_purchased":[],"campfire_rested":0,"item_purchase_floors":[],"current_hp_per_floor":[68,68,73,73,75,60,60,55,55,43,40,40,26,7,7,0],"gold":205,"neow_bonus":"THREE_SMALL_POTIONS","is_prod":false,"is_daily":false,"chose_seed":false,"campfire_upgraded":3,"win_rate":0,"timestamp":1552406338,"path_taken":["M","?","M","?","?","E","R","E","T","M","M","R","M","E","R","BOSS"],"build_version":"2019-01-23","purchased_purges":0,"victory":false,"max_hp_per_floor":[75,75,75,75,75,75,75,75,75,75,75,75,75,75,75,75],"card_choices":[{"not_picked":["Feel No Pain","Heavy Blade"],"picked":"Rampage","floor":1.0},{"not_picked":["Wild Strike","Sword Boomerang"],"picked":"Headbutt","floor":3.0},{"not_picked":["Dual Wield","Heavy Blade"],"picked":"Iron Wave","floor":5.0},{"not_picked":["Ghostly Armor","Headbutt"],"picked":"Havoc","floor":6.0},{"not_picked":["Heavy Blade","Wild Strike"],"picked":"Warcry","floor":8},{"not_picked":["Barricade","Clash"],"picked":"Clothesline","floor":10},{"not_picked":["Power Through","Havoc"],"picked":"Battle Trance","floor":11},{"not_picked":["Body Slam","Iron Wave"],"picked":"Shrug It Off","floor":13},{"not_picked":["Uppercut","Fire Breathing"],"picked":"Fiend Fire","floor":14}],"player_experience":1392539,"relics_obtained":[{"floor":6.0,"key":"Unceasing Top"},{"floor":8,"key":"Gremlin Horn"},{"floor":9,"key":"Bottled Flame"},{"floor":14,"key":"Self Forming Clay"}],"event_choices":[{"cards_removed":["Strike_R"],"damage_healed":0.0,"max_hp_gain":0.0,"max_hp_loss":0.0,"gold_gain":0.0,"event_name":"The Cleric","player_choice":"Card Removal","floor":2.0,"gold_loss":75.0,"damage_taken":0.0},{"damage_healed":0.0,"max_hp_gain":0.0,"max_hp_loss":0.0,"gold_gain":0.0,"event_name":"Accursed Blacksmith","player_choice":"Rummage","floor":4.0,"gold_loss":0.0,"damage_taken":0.0,"relics_obtained":["WarpedTongs"],"cards_obtained":["Pain"]}],"is_beta":false,"boss_relics":[],"items_purged_floors":[],"is_endless":false,"potions_floor_spawned":[3,8,11,13,14],"killed_by":"Hexaghost","ascension_level":20}