{"gold_per_floor":[118,118,118,138,138,138,150,181,208,227,243,269,269,269],"floor_reached":14,"playtime":471,"items_purged":[],"score":200,"play_id":"d5644ee2-6b5d-4b49-bf1a-383a8b5b9b5c","local_time":"20190211115045","is_ascension_mode":true,"campfire_choices":[{"data":"Armaments","floor":6,"key":"SMITH"},{"floor":13,"key":"REST"}],"neow_cost":"TEN_PERCENT_HP_LOSS","seed_source_timestamp":7939645202657,"circlet_count":0,"master_deck":["AscendersBane","Strike_R","Strike_R","Strike_R","Strike_R","Strike_R","Defend_R","Defend_R","Defend_R","Defend_R","Bash","Limit Break","Armaments+1","Shrug It Off","Heavy Blade","Flex","Offering"],"relics":["Burning Blood","Strawberry","Anchor","Smiling Mask"],"potions_floor_usage":[14],"damage_taken":[{"damage":4,"enemies":"2 Louse","floor":1,"turns":4},{"damage":4,"enemies":"Jaw Worm","floor":4,"turns":6},{"damage":2,"enemies":"Cultist","floor":7,"turns":5},{"damage":50,"enemies":"Lagavulin","floor":8,"turns":10},{"damage":0,"enemies":"Exordium Wildlife","floor":10,"turns":5},{"damage":6,"enemies":"Blue Slaver","floor":11,"turns":2},{"damage":36,"enemies":"3 Sentries","floor":12,"turns":12},{"damage":45,"enemies":"Gremlin Nob","floor":14,"turns":3}],"seed_played":"-6922694572788692605","potions_obtained":[{"floor":7,"key":"Ancient Potion"},{"floor":8,"key":"SteroidPotion"}],"is_trial":false,"path_per_floor":["M","?","?","M","$","R","M","E","T","M","M","E","R","E"],"character_chosen":"IRONCLAD","items_purchased":[],"campfire_rested":1,"item_purchase_floors":[],"current_hp_per_floor":[68,68,73,73,73,73,73,36,36,42,42,12,36,0],"gold":269,"neow_bonus":"THREE_RARE_CARDS","is_prod":false,"is_daily":false,"chose_seed":false,"campfire_upgraded":1,"win_rate":0,"timestamp":1549882245,"path_taken":["M","?","?","M","?","R","M","E","T","?","M","E","R","E"],"build_version":"2019-01-23","purchased_purges":0,"victory":false,"max_hp_per_floor":[68,68,73,73,73,73,73,80,80,80,80,80,80,80],"card_choices":[{"not_picked":["Offering","Berserk"],"picked":"Limit Break","floor":0},{"not_picked":["Fire Breathing","Carnage"],"picked":"Armaments","floor":1},{"not_picked":["Dual Wield","Heavy Blade"],"picked":"Shrug It Off","floor":4},{"not_picked":["Clash","Cleave"],"picked":"Heavy Blade","floor":7},{"not_picked":["Wild Strike","Cleave"],"picked":"Flex","floor":8},{"not_picked":["Clothesline","Evolve"],"picked":"Offering","floor":10},{"not_picked":["Clash","Body Slam","Pommel Strike"],"picked":"SKIP","floor":11},{"not_picked":["Uppercut","Dual Wield","Armaments"],"picked":"SKIP","floor":12}],"player_experience":1237758,"relics_obtained":[{"floor":8,"key":"Strawberry"},{"floor":9,"key":"Anchor"},{"floor":12,"key":"Smiling Mask"}],"event_choices":[{"damage_healed":0,"gold_gain":0,"player_choice":"Ignored","damage_taken":0,"max_hp_gain":0,"max_hp_loss":0,"event_name":"Liars Game","floor":2,"gold_loss":0},{"damage_healed":0,"gold_gain":0,"player_choice":"Donut","damage_taken":0,"max_hp_gain":5,"max_hp_loss":0,"event_name":"Big Fish","floor":3,"gold_loss":0}],"is_beta":false,"boss_relics":[],"items_purged_floors":[],"is_endless":false,"potions_floor_spawned":[7,8,12],"killed_by":"Gremlin Nob","ascension_level":20}