{"gold_per_floor":[144,51,126,171,171,171,261,261,336,426,426,516,543,43,43,343,343,388,388,388,61,97,187,187,277,277,367,379,68,68,18,18,318,318,363,363,113,113,113,203,203,293,343,343,433,523,523,568,568,568],"floor_reached":51,"playtime":5732,"items_purged":[],"score":1125,"play_id":"792e8c8f-bd3d-4483-b675-aabce1b0dafe","local_time":"20190929143649","daily_mods":["Shiny","Flight","Midas"],"is_ascension_mode":false,"campfire_choices":[{"floor":6.0,"key":"REST"},{"floor":8.0,"key":"REST"},{"floor":15.0,"key":"REST"},{"floor":24.0,"key":"REST"},{"floor":32.0,"key":"REST"},{"floor":41.0,"key":"REST"},{"floor":44,"key":"REST"},{"floor":49,"key":"REST"}],"neow_cost":"","seed_source_timestamp":0,"circlet_count":0,"master_deck":["Multi-Cast","Thunder Strike","Biased Cognition+1","Machine Learning","Electrodynamics","Buffer+1","Rainbow","Seek","Meteor Strike","Echo Form","All For One+1","Reboot","Amplify+1","Creative AI","Fission","Core Surge","Streamline","Skim","Barrage","Gash","Seek","Blizzard","Glacier","Blizzard","Electrodynamics","White Noise","Defragment","Compile Driver","Zap","Seek","Leap+1","Barrage","Cold Snap","Gash","Reinforced Body+1","Electrodynamics","Self Repair","Coolheaded+1","Conserve Battery+1","Cold Snap","Echo Form","Hologram+1","Madness+1","Madness+1","Cold Snap","Undo+1","Defragment+1","Loop","Conserve Battery+1"],"special_seed":18168,"relics":["Cracked Core","Juzu Bracelet","Gremlin Horn","Bag of Preparation","Whetstone","Odd Mushroom","Oddly Smooth Stone","Regal Pillow","Strange Spoon","Snecko Eye","Toxic Egg 2","Red Mask","Dream Catcher","Bottled Lightning","Bronze Scales","MawBank","Anchor","Mercury Hourglass","Inserter","Mummified Hand","Mango","Blue Candle","Lantern","Potion Belt","Turnip"],"potions_floor_usage":[50,50,50,50],"damage_taken":[{"damage":12.0,"enemies":"2 Louse","floor":1.0,"turns":3.0},{"damage":7.0,"enemies":"Small Slimes","floor":4.0,"turns":3.0},{"damage":6.0,"enemies":"Gremlin Nob","floor":7.0,"turns":4.0},{"damage":7.0,"enemies":"3 Sentries","floor":10.0,"turns":4.0},{"damage":22.0,"enemies":"Gremlin Nob","floor":12.0,"turns":4.0},{"damage":0.0,"enemies":"The Mushroom Lair","floor":13.0,"turns":1.0},{"damage":49.0,"enemies":"The Guardian","floor":16.0,"turns":10.0},{"damage":0.0,"enemies":"Chosen","floor":18.0,"turns":3.0},{"damage":10.0,"enemies":"Masked Bandits","floor":22.0,"turns":2.0},{"damage":25.0,"enemies":"Slavers","floor":23.0,"turns":4.0},{"damage":0.0,"enemies":"Gremlin Leader","floor":25.0,"turns":4.0},{"damage":10.0,"enemies":"Slavers","floor":27.0,"turns":2.0},{"damage":0.0,"enemies":"Collector","floor":33.0,"turns":7.0},{"damage":19.0,"enemies":"3 Darklings","floor":35.0,"turns":3.0},{"damage":0.0,"enemies":"Nemesis","floor":40.0,"turns":3.0},{"damage":0,"enemies":"Giant Head","floor":42,"turns":5},{"damage":8,"enemies":"Reptomancer","floor":45,"turns":3},{"damage":0,"enemies":"Giant Head","floor":46,"turns":4},{"damage":4,"enemies":"3 Shapes","floor":48,"turns":3},{"damage":0,"enemies":"Donu and Deca","floor":50,"turns":5}],"seed_played":"8269897958075200893","potions_obtained":[{"floor":4.0,"key":"Fire Potion"},{"floor":10.0,"key":"Fruit Juice"},{"floor":11.0,"key":"Block Potion"},{"floor":11.0,"key":"Ancient Potion"},{"floor":23.0,"key":"Fire Potion"},{"floor":45,"key":"Energy Potion"},{"floor":48,"key":"Strength Potion"}],"is_trial":false,"path_per_floor":["M","$","?","M","?","R","E","R","T","E","?","E","?","$","R","B",null,"M","?","?","$","?","E","R","E","T","E","?","$","?","$","R","B",null,"M","?","$","?","?","E","R","E","T","R","E","E","?","M","R","B",null],"character_chosen":"DEFECT","items_purchased":["Skim","Barrage","Oddly Smooth Stone","Regal Pillow","Strange Spoon","Toxic Egg 2","Leap+1","Barrage","Coolheaded+1","Mercury Hourglass","Conserve Battery+1","Cold Snap","Mummified Hand"],"campfire_rested":8,"item_purchase_floors":[2,2,14,14,14,21,21,21,29,29,29,31,37],"current_hp_per_floor":[63,63,52,45,30,52,46,68,68,61,66,44,44,44,80,31,80,80,80,80,80,70,45,80,80,80,70,70,70,70,70,80,80,80,61,61,61,61,51,65,94,94,94,94,94,94,94,90,94,94],"gold":568,"neow_bonus":"","is_prod":false,"is_daily":true,"chose_seed":false,"campfire_upgraded":0,"win_rate":0,"timestamp":1569760609,"path_taken":["M","$","?","M","?","R","E","R","T","E","?","E","?","$","R","BOSS","M","?","?","$","?","E","R","E","T","E","?","$","?","?","R","BOSS","M","?","$","?","?","E","R","E","T","R","E","E","?","M","R","BOSS"],"build_version":"2019-07-05","purchased_purges":0,"victory":true,"max_hp_per_floor":[75,75,75,75,75,75,75,75,75,75,80,80,80,80,80,80,80,80,80,80,80,80,80,80,80,80,80,80,80,80,80,80,80,80,80,80,80,80,80,94,94,94,94,94,94,94,94,94,94,94],"card_choices":[{"not_picked":["Doom and Gloom","Rebound"],"picked":"Streamline","floor":1.0},{"not_picked":["Ball Lightning","Static Discharge"],"picked":"Gash","floor":4.0},{"not_picked":["Go for the Eyes","Beam Cell"],"picked":"Seek","floor":7.0},{"not_picked":["Double Energy","Multi-Cast"],"picked":"Blizzard","floor":10.0},{"not_picked":["Gash","Blizzard"],"picked":"Glacier","floor":12.0},{"not_picked":["Steam","Stack"],"picked":"Blizzard","floor":13.0},{"not_picked":["Hyperbeam","Reboot"],"picked":"Electrodynamics","floor":16.0},{"not_picked":["Streamline","Chaos"],"picked":"White Noise","floor":18.0},{"not_picked":["BootSequence+1","Static Discharge"],"picked":"Cold Snap","floor":22.0},{"not_picked":["Consume+1","Compile Driver"],"picked":"Gash","floor":23.0},{"not_picked":["Leap+1","Sunder"],"picked":"Reinforced Body+1","floor":24.0},{"not_picked":["Stack+1","Chaos+1"],"picked":"Electrodynamics","floor":25.0},{"not_picked":["BootSequence+1","Leap+1"],"picked":"Self Repair","floor":27.0},{"not_picked":["Multi-Cast+1","Hyperbeam"],"picked":"Echo Form","floor":33.0},{"not_picked":["Gash","Redo+1"],"picked":"Hologram+1","floor":35.0},{"not_picked":["Heatsinks+1","Scrape"],"picked":"Cold Snap","floor":40.0},{"not_picked":["Heatsinks","Leap+1"],"picked":"Undo+1","floor":41.0},{"not_picked":["Aggregate+1","Consume+1","Streamline+1"],"picked":"SKIP","floor":42},{"not_picked":["Ball Lightning","Echo Form"],"picked":"Defragment+1","floor":45},{"not_picked":["Gash","Sweeping Beam+1"],"picked":"Loop","floor":46},{"not_picked":["Compile Driver","Sweeping Beam+1","Leap+1"],"picked":"SKIP","floor":48},{"not_picked":["Streamline+1","Gash"],"picked":"Conserve Battery+1","floor":49}],"player_experience":33720,"relics_obtained":[{"floor":7.0,"key":"Juzu Bracelet"},{"floor":9.0,"key":"Gremlin Horn"},{"floor":10.0,"key":"Bag of Preparation"},{"floor":12.0,"key":"Whetstone"},{"floor":13.0,"key":"Odd Mushroom"},{"floor":22.0,"key":"Red Mask"},{"floor":23.0,"key":"Dream Catcher"},{"floor":25.0,"key":"Bottled Lightning"},{"floor":26.0,"key":"Bronze Scales"},{"floor":27.0,"key":"MawBank"},{"floor":40.0,"key":"Mango"},{"floor":42,"key":"Blue Candle"},{"floor":43,"key":"Lantern"},{"floor":45,"key":"Potion Belt"},{"floor":46,"key":"Turnip"}],"event_choices":[{"damage_healed":0.0,"max_hp_gain":0.0,"max_hp_loss":0.0,"gold_gain":75.0,"event_name":"World of Goop","player_choice":"Gather Gold","floor":3.0,"gold_loss":0.0,"damage_taken":11.0},{"damage_healed":0.0,"max_hp_gain":0.0,"max_hp_loss":0.0,"gold_gain":0.0,"event_name":"Shining Light","player_choice":"Entered Light","floor":5.0,"gold_loss":0.0,"damage_taken":15.0,"cards_upgraded":["Amplify","Buffer"]},{"damage_healed":0.0,"max_hp_gain":0.0,"max_hp_loss":0.0,"gold_gain":0.0,"event_name":"Lab","player_choice":"Got Potions","floor":11.0,"gold_loss":0.0,"damage_taken":0.0},{"damage_healed":0.0,"max_hp_gain":0.0,"max_hp_loss":0.0,"gold_gain":0.0,"event_name":"Mushrooms","player_choice":"Fought Mushrooms","floor":13.0,"gold_loss":0.0,"damage_taken":0.0},{"damage_healed":0.0,"max_hp_gain":0.0,"max_hp_loss":0.0,"gold_gain":0.0,"event_name":"The Library","player_choice":"Read","floor":19.0,"gold_loss":0.0,"damage_taken":0.0,"cards_obtained":["Defragment"]},{"damage_healed":0.0,"max_hp_gain":0.0,"max_hp_loss":0.0,"gold_gain":0.0,"event_name":"Match and Keep!","player_choice":"3 cards matched","floor":20.0,"gold_loss":0.0,"damage_taken":0.0,"cards_obtained":["Compile Driver","Zap","Seek"]},{"damage_healed":0.0,"max_hp_gain":0.0,"max_hp_loss":0.0,"gold_gain":0.0,"event_name":"Masked Bandits","player_choice":"Fought Bandits","floor":22.0,"gold_loss":0.0,"damage_taken":0.0},{"damage_healed":0.0,"max_hp_gain":0.0,"max_hp_loss":0.0,"gold_gain":0.0,"event_name":"The Mausoleum","player_choice":"Opened","floor":28.0,"gold_loss":0.0,"damage_taken":0.0,"relics_obtained":["Anchor"]},{"damage_healed":0.0,"max_hp_gain":0.0,"max_hp_loss":0.0,"gold_gain":0.0,"event_name":"Ghosts","player_choice":"Ignored","floor":30.0,"gold_loss":0.0,"damage_taken":0.0},{"damage_healed":0.0,"max_hp_gain":0.0,"max_hp_loss":0.0,"gold_gain":0.0,"event_name":"Upgrade Shrine","player_choice":"Upgraded","floor":36.0,"gold_loss":0.0,"damage_taken":0.0,"cards_upgraded":["Biased Cognition"]},{"damage_healed":0.0,"max_hp_gain":0.0,"max_hp_loss":0.0,"gold_gain":0.0,"event_name":"SecretPortal","player_choice":"Ignored","floor":38.0,"gold_loss":0.0,"damage_taken":0.0},{"damage_healed":0.0,"max_hp_gain":0.0,"max_hp_loss":0.0,"gold_gain":0.0,"event_name":"Winding Halls","player_choice":"Embrace Madness","floor":39.0,"gold_loss":0.0,"damage_taken":10.0,"cards_obtained":["Madness","Madness"]},{"cards_removed":["Hyperbeam"],"damage_healed":0,"gold_gain":0,"player_choice":"Removed Attack","damage_taken":0,"max_hp_gain":0,"max_hp_loss":0,"event_name":"Falling","floor":47,"gold_loss":0}],"is_beta":false,"boss_relics":[{"not_picked":["FrozenCore","Orrery"],"picked":"Snecko Eye"},{"not_picked":["Coffee Dripper","Tiny House"],"picked":"Inserter"}],"items_purged_floors":[],"is_endless":false,"potions_floor_spawned":[4,10,18,23,25,42,45,48],"ascension_level":0}