{"gold_per_floor":[111,135,6,22,22,22,37,68,93,93,113,143,155,186,198,210],"floor_reached":16,"playtime":389,"items_purged":[],"score":220,"play_id":"1b3c2e35-eb6b-4148-95cb-34c5b7eb134a","local_time":"20190131020520","is_ascension_mode":true,"campfire_choices":[{"data":"Whirlwind","floor":6,"key":"SMITH"},{"data":"Bash","floor":10,"key":"SMITH"},{"data":"Metallicize","floor":13,"key":"SMITH"},{"data":"Flame Barrier","floor":15,"key":"SMITH"}],"neow_cost":"NONE","seed_source_timestamp":57482085930869,"circlet_count":0,"master_deck":["AscendersBane","Strike_R","Strike_R","Strike_R","Strike_R","Strike_R","Defend_R","Defend_R","Defend_R","Defend_R","Bash+1","Whirlwind+1","Armaments+1","Feel No Pain","Shrug It Off","Flame Barrier+1","Metallicize+1"],"relics":["Burning Blood","NeowsBlessing","hubris:TenFootPole","infinitespire:WardingShard","hubris:BundleOfHerbs","Pen Nib","MawBank"],"potions_floor_usage":[16],"damage_taken":[{"damage":0,"enemies":"Cultist","floor":1,"turns":1},{"damage":0,"enemies":"Jaw Worm","floor":4,"turns":1},{"damage":0,"enemies":"2 Louse","floor":7,"turns":1},{"damage":45,"enemies":"Lagavulin","floor":8,"turns":10},{"damage":0,"enemies":"Looter","floor":11,"turns":4},{"damage":11,"enemies":"3 Sentries","floor":12,"turns":5},{"damage":11,"enemies":"Exordium Wildlife","floor":14,"turns":6},{"damage":35,"enemies":"Hexaghost","floor":16,"turns":9}],"seed_played":"-5678446577113462408","potions_obtained":[{"floor":12,"key":"Strength Potion"},{"floor":14,"key":"SteroidPotion"}],"is_trial":false,"path_per_floor":["M","T","$","M","?","R","M","E","T","R","M","E","R","M","R","B"],"character_chosen":"IRONCLAD","items_purchased":["Armaments","Feel No Pain"],"campfire_rested":0,"item_purchase_floors":[3,3],"current_hp_per_floor":[74,74,74,75,75,75,75,36,36,36,42,37,37,32,32,0],"gold":210,"neow_bonus":"THREE_ENEMY_KILL","is_prod":false,"is_daily":false,"chose_seed":false,"campfire_upgraded":4,"win_rate":0,"timestamp":1548896720,"path_taken":["M","?","$","M","?","R","?","E","T","R","M","E","R","M","R","BOSS"],"build_version":"2019-01-23","purchased_purges":0,"victory":false,"max_hp_per_floor":[75,75,75,75,75,75,75,75,75,75,75,75,75,75,75,75],"card_choices":[{"not_picked":["hubris:SharpeningStone","Pommel Strike"],"picked":"Whirlwind","floor":1},{"not_picked":["Armaments","Perfected Strike"],"picked":"Shrug It Off","floor":4},{"not_picked":["Dropkick","Armaments","Wild Strike"],"picked":"SKIP","floor":7},{"not_picked":["Heavy Blade","Wild Strike"],"picked":"Flame Barrier","floor":8},{"not_picked":["Flex","hubris:ReadiedAction","Whirlwind"],"picked":"SKIP","floor":11},{"not_picked":["Fiend Fire","Second Wind"],"picked":"Metallicize","floor":12},{"not_picked":["Thunderclap","Body Slam","Clothesline"],"picked":"SKIP","floor":14}],"player_experience":1196976,"relics_obtained":[{"floor":2,"key":"hubris:TenFootPole"},{"floor":8,"key":"infinitespire:WardingShard"},{"floor":9,"key":"Pen Nib"},{"floor":12,"key":"MawBank"}],"event_choices":[{"damage_healed":0,"gold_gain":0,"player_choice":"Forge","damage_taken":0,"max_hp_gain":0,"max_hp_loss":0,"event_name":"Accursed Blacksmith","floor":5,"gold_loss":0,"cards_upgraded":["Armaments"]}],"is_beta":false,"boss_relics":[],"items_purged_floors":[],"is_endless":false,"potions_floor_spawned":[12,14],"killed_by":"Hexaghost","ascension_level":20}