{"gold_per_floor":[316,327,338,357,432,464,464,480,504,516,571,583,745,139,139,211,211,222,222,222,238,258,258,284,284,284,314,332,66,66,100,100,174,174,192,209,124,135,149,149,178,178,178,203,203,52,87,0,0,0],"floor_reached":50,"playtime":2347,"items_purged":["Doubt","Strike_G"],"score":1292,"play_id":"00a5063d-8194-48bf-957b-e2ce128f3c3b","local_time":"20190823200646","is_ascension_mode":true,"campfire_choices":[{"floor":7.0,"key":"REST"},{"floor":10.0,"key":"REST"},{"data":"Poisoned Stab","floor":12.0,"key":"SMITH"},{"data":"Crippling Poison","floor":15.0,"key":"SMITH"},{"data":"A Thousand Cuts","floor":23.0,"key":"SMITH"},{"data":"Leg Sweep","floor":25.0,"key":"SMITH"},{"data":"Blade Dance","floor":30.0,"key":"SMITH"},{"data":"Deadly Poison","floor":32.0,"key":"SMITH"},{"data":"Wraith Form v2","floor":40,"key":"SMITH"},{"data":"After Image","floor":42,"key":"SMITH"},{"data":"Catalyst","floor":45,"key":"SMITH"},{"floor":49,"key":"RECALL"}],"neow_cost":"NO_GOLD","seed_source_timestamp":33590174693314,"circlet_count":0,"master_deck":["AscendersBane","Strike_G","Strike_G","Strike_G","Strike_G","Defend_G","Defend_G","Defend_G","Defend_G","Defend_G+1","Survivor","Neutralize","Backstab","Poisoned Stab+1","Cloak And Dagger+1","Dagger Spray","Blade Dance+1","PiercingWail","Leg Sweep","Crippling Poison+1","Deadly Poison+1","Footwork+1","A Thousand Cuts+1","Blur","RitualDagger","Endless Agony","Backstab+1","Leg Sweep+1","Heel Hook","Blur","Wraith Form v2+1","Cloak And Dagger+1","After Image+1","Backflip","Acrobatics","Dodge and Roll","Catalyst+1","Footwork","PiercingWail","Backflip"],"special_seed":0,"relics":["Ring of the Snake","Old Coin","Bag of Marbles","MawBank","War Paint","Lantern","Lee\u0027s Waffle","Coffee Dripper","Blood Vial","Bottled Tornado","Strawberry","Anchor","Orichalcum","Runic Dome","Juzu Bracelet","Turnip","Singing Bowl","Red Mask"],"potions_floor_usage":[33,44,50],"damage_taken":[{"damage":2.0,"enemies":"Small Slimes","floor":1.0,"turns":4.0},{"damage":2.0,"enemies":"Jaw Worm","floor":2.0,"turns":8.0},{"damage":0.0,"enemies":"Cultist","floor":3.0,"turns":3.0},{"damage":8.0,"enemies":"Blue Slaver","floor":4.0,"turns":5.0},{"damage":30.0,"enemies":"3 Sentries","floor":6.0,"turns":8.0},{"damage":7.0,"enemies":"Gremlin Gang","floor":8.0,"turns":6.0},{"damage":32.0,"enemies":"Gremlin Nob","floor":11.0,"turns":4.0},{"damage":2.0,"enemies":"The Guardian","floor":16.0,"turns":13.0},{"damage":10.0,"enemies":"Spheric Guardian","floor":18.0,"turns":5.0},{"damage":21.0,"enemies":"Shell Parasite","floor":21.0,"turns":3.0},{"damage":18.0,"enemies":"Cultist and Chosen","floor":22.0,"turns":6.0},{"damage":7.0,"enemies":"Slavers","floor":24.0,"turns":4.0},{"damage":10.0,"enemies":"Book of Stabbing","floor":27.0,"turns":4.0},{"damage":0.0,"enemies":"Snake Plant","floor":28.0,"turns":2.0},{"damage":2.0,"enemies":"Gremlin Leader","floor":31.0,"turns":7.0},{"damage":13,"enemies":"Automaton","floor":33,"turns":14},{"damage":0,"enemies":"Orb Walker","floor":35,"turns":3},{"damage":0,"enemies":"3 Shapes","floor":36,"turns":5},{"damage":3,"enemies":"Writhing Mass","floor":38,"turns":6},{"damage":4,"enemies":"Sphere and 2 Shapes","floor":39,"turns":4},{"damage":22,"enemies":"Reptomancer","floor":41,"turns":7},{"damage":35,"enemies":"Nemesis","floor":44,"turns":9},{"damage":0,"enemies":"Reptomancer","floor":47,"turns":5},{"damage":20,"enemies":"Awakened One","floor":50,"turns":6}],"seed_played":"-7881067398747851382","potions_obtained":[{"floor":1.0,"key":"Weak Potion"},{"floor":3.0,"key":"PowerPotion"},{"floor":16.0,"key":"LiquidBronze"},{"floor":33,"key":"SkillPotion"},{"floor":38,"key":"PowerPotion"}],"is_trial":false,"path_per_floor":["M","M","M","M","?","E","R","M","T","R","E","R","?","$","R","B",null,"M","?","?","M","M","R","E","R","T","E","M","$","R","E","R","B",null,"M","M","$","M","M","R","E","R","T","E","R","$","E","?","R","B"],"character_chosen":"THE_SILENT","items_purchased":["Crippling Poison","Deadly Poison","Footwork","Lantern","Lee\u0027s Waffle","Anchor","After Image","Footwork","PiercingWail","Backflip"],"campfire_rested":2,"item_purchase_floors":[14,14,14,14,14,29,37,46,46,46],"current_hp_per_floor":[57,55,55,47,36,6,25,18,18,37,5,5,5,73,73,71,73,63,57,57,36,18,18,11,11,11,10,12,12,12,12,12,1,60,62,64,64,63,61,61,41,41,41,8,8,8,12,12,12,0],"gold":0,"neow_bonus":"ONE_RARE_RELIC","is_prod":false,"is_daily":false,"chose_seed":false,"campfire_upgraded":9,"win_rate":0,"timestamp":1566583606,"path_taken":["M","M","M","M","?","E","R","M","T","R","E","R","?","$","R","BOSS","M","?","?","M","M","R","E","R","T","E","M","$","R","E","R","BOSS","M","M","$","M","M","R","E","R","T","E","R","$","E","?","R","BOSS"],"build_version":"2019-07-17","purchased_purges":2,"victory":false,"max_hp_per_floor":[66,66,66,66,66,66,66,66,66,66,66,66,66,73,73,73,73,73,73,73,73,73,73,73,73,73,80,80,80,80,80,80,80,80,80,80,80,80,80,80,80,80,80,80,80,80,82,82,82,82],"card_choices":[{"not_picked":["All Out Attack","Heel Hook"],"picked":"Backstab","floor":1.0},{"not_picked":["Dagger Spray","Prepared"],"picked":"Poisoned Stab","floor":2.0},{"not_picked":["Infinite Blades","Blade Dance"],"picked":"Cloak And Dagger","floor":3.0},{"not_picked":["Accuracy","Underhanded Strike"],"picked":"Dagger Spray","floor":4.0},{"not_picked":["Acrobatics","Storm of Steel"],"picked":"Blade Dance","floor":6.0},{"not_picked":["Prepared","Cloak And Dagger"],"picked":"PiercingWail","floor":8.0},{"not_picked":["Endless Agony","Infinite Blades"],"picked":"Leg Sweep","floor":11.0},{"not_picked":["Grand Finale","Bullet Time"],"picked":"A Thousand Cuts","floor":16.0},{"not_picked":["Poisoned Stab","Sucker Punch"],"picked":"Blur","floor":18.0},{"not_picked":["Choke","Quick Slash"],"picked":"Endless Agony","floor":21.0},{"not_picked":["Underhanded Strike","Dagger Spray"],"picked":"Backstab+1","floor":22.0},{"not_picked":["Poisoned Stab","Accuracy"],"picked":"Leg Sweep","floor":24.0},{"not_picked":["Grand Finale","Sucker Punch"],"picked":"Heel Hook","floor":27.0},{"not_picked":["Dagger Throw","Underhanded Strike","Heel Hook"],"picked":"SKIP","floor":28.0},{"not_picked":["Slice","Predator+1"],"picked":"Blur","floor":31.0},{"not_picked":["Envenom","Bullet Time"],"picked":"Wraith Form v2","floor":33},{"not_picked":["Underhanded Strike","Flying Knee","Outmaneuver"],"picked":"SKIP","floor":35},{"not_picked":["All Out Attack","Calculated Gamble"],"picked":"Cloak And Dagger+1","floor":36},{"not_picked":["Bane","Riddle With Holes+1"],"picked":"Backflip","floor":38},{"not_picked":["Flechettes","Riddle With Holes+1"],"picked":"Acrobatics","floor":39},{"not_picked":["Bullet Time","Outmaneuver"],"picked":"Dodge and Roll","floor":41},{"not_picked":["Dodge and Roll","Flying Knee"],"picked":"Catalyst","floor":44},{"not_picked":["Quick Slash+1","Accuracy","Dagger Throw+1"],"picked":"Singing Bowl","floor":47}],"player_experience":1959833,"relics_obtained":[{"floor":6.0,"key":"Bag of Marbles"},{"floor":9.0,"key":"MawBank"},{"floor":11.0,"key":"War Paint"},{"floor":24.0,"key":"Blood Vial"},{"floor":26.0,"key":"Bottled Tornado"},{"floor":27.0,"key":"Strawberry"},{"floor":31.0,"key":"Orichalcum"},{"floor":41,"key":"Juzu Bracelet"},{"floor":44,"key":"Turnip"},{"floor":47,"key":"Singing Bowl"}],"event_choices":[{"damage_healed":0.0,"max_hp_gain":0.0,"max_hp_loss":0.0,"gold_gain":75.0,"event_name":"World of Goop","player_choice":"Gather Gold","floor":5.0,"gold_loss":0.0,"damage_taken":11.0},{"damage_healed":0.0,"max_hp_gain":0.0,"max_hp_loss":0.0,"gold_gain":150.0,"event_name":"Liars Game","player_choice":"AGREE","floor":13.0,"gold_loss":0.0,"damage_taken":0.0,"cards_obtained":["Doubt"]},{"damage_healed":0.0,"max_hp_gain":0.0,"max_hp_loss":0.0,"gold_gain":0.0,"event_name":"Nest","player_choice":"Joined the Cult","floor":19.0,"gold_loss":0.0,"damage_taken":6.0,"cards_obtained":["RitualDagger"]},{"damage_healed":0.0,"max_hp_gain":0.0,"max_hp_loss":0.0,"gold_gain":0.0,"event_name":"Upgrade Shrine","player_choice":"Upgraded","floor":20.0,"gold_loss":0.0,"damage_taken":0.0,"cards_upgraded":["Footwork"]},{"damage_healed":0,"gold_gain":0,"player_choice":"Paid","damage_taken":0,"relics_obtained":["Red Mask"],"max_hp_gain":0,"max_hp_loss":0,"event_name":"Tomb of Lord Red Mask","floor":48,"gold_loss":87}],"is_beta":false,"boss_relics":[{"not_picked":["Calling Bell","White Beast Statue"],"picked":"Coffee Dripper"},{"not_picked":["WristBlade","HoveringKite"],"picked":"Runic Dome"}],"items_purged_floors":[14,29],"is_endless":false,"potions_floor_spawned":[1,3,4,16,24,28,33,35,38,41],"killed_by":"Awakened One","ascension_level":20}