{"gold_per_floor":[115,115,115,131,42,42,61,96,96,116,126,137,147,182,182,182],"floor_reached":16,"playtime":595,"items_purged":[],"score":228,"play_id":"0d299dc2-928c-4d1c-a26e-fe67539131de","local_time":"20190922103208","is_ascension_mode":true,"campfire_choices":[{"data":"After Image","floor":6,"key":"SMITH"},{"floor":15,"key":"REST"}],"neow_cost":"PERCENT_DAMAGE","seed_source_timestamp":2228539393672,"circlet_count":0,"master_deck":["AscendersBane","Strike_G","Strike_G","Strike_G","Defend_G","Defend_G","Defend_G","Defend_G","Defend_G","Survivor","Neutralize","Tactician","After Image+1","Deadly Poison+1","Footwork","Dash","Backstab+1","Crippling Poison","Footwork","Dodge and Roll","Backstab+1","PiercingWail","After Image"],"relics":["Ring of the Snake","Shovel","The Courier","Whetstone"],"potions_floor_usage":[14],"damage_taken":[{"damage":1,"enemies":"Small Slimes","floor":1,"turns":6},{"damage":0,"enemies":"2 Louse","floor":4,"turns":3},{"damage":0,"enemies":"Jaw Worm","floor":7,"turns":4},{"damage":7,"enemies":"Lagavulin","floor":8,"turns":8},{"damage":6,"enemies":"3 Louse","floor":10,"turns":4},{"damage":4,"enemies":"Red Slaver","floor":11,"turns":4},{"damage":7,"enemies":"Exordium Wildlife","floor":12,"turns":7},{"damage":1,"enemies":"Blue Slaver","floor":13,"turns":3},{"damage":22,"enemies":"Gremlin Nob","floor":14,"turns":4},{"damage":27,"enemies":"Slime Boss","floor":16,"turns":9}],"seed_played":"2664503281688999234","potions_obtained":[{"floor":1,"key":"Energy Potion"},{"floor":10,"key":"SteroidPotion"},{"floor":11,"key":"Fire Potion"}],"is_trial":false,"path_per_floor":["M","?","?","M","$","R","M","E","T","M","M","M","M","E","R","B"],"character_chosen":"THE_SILENT","items_purchased":["Dash"],"campfire_rested":1,"item_purchase_floors":[5],"current_hp_per_floor":[43,48,48,48,48,48,48,41,41,35,31,24,23,1,22,0],"gold":182,"neow_bonus":"TRANSFORM_TWO_CARDS","is_prod":false,"is_daily":false,"chose_seed":false,"campfire_upgraded":1,"win_rate":0,"timestamp":1569141128,"path_taken":["M","?","?","M","$","R","M","E","T","M","M","M","M","E","R","BOSS"],"build_version":"2019-09-20","purchased_purges":0,"victory":false,"max_hp_per_floor":[66,71,71,71,71,71,71,71,71,71,71,71,71,71,71,71],"card_choices":[{"not_picked":["Accuracy","Prepared"],"picked":"Deadly Poison","floor":1},{"not_picked":["Outmaneuver","Blade Dance"],"picked":"Footwork","floor":4},{"not_picked":["Flechettes","Outmaneuver"],"picked":"Backstab","floor":7},{"not_picked":["Poisoned Stab","Prepared"],"picked":"Crippling Poison","floor":8},{"not_picked":["Escape Plan","Eviscerate"],"picked":"Footwork","floor":10},{"not_picked":["Calculated Gamble","Bane"],"picked":"Dodge and Roll","floor":11},{"not_picked":["Bouncing Flask","Skewer"],"picked":"Backstab","floor":12},{"not_picked":["Masterful Stab","Choke"],"picked":"PiercingWail","floor":13},{"not_picked":["Deadly Poison","Deflect"],"picked":"After Image","floor":14}],"player_experience":2092231,"relics_obtained":[{"floor":8,"key":"Shovel"},{"floor":9,"key":"The Courier"},{"floor":14,"key":"Whetstone"}],"event_choices":[{"damage_healed":0,"gold_gain":0,"player_choice":"Donut","damage_taken":0,"max_hp_gain":5,"max_hp_loss":0,"event_name":"Big Fish","floor":2,"gold_loss":0},{"damage_healed":0,"gold_gain":0,"player_choice":"Grow","damage_taken":0,"max_hp_gain":0,"max_hp_loss":0,"event_name":"Living Wall","floor":3,"gold_loss":0,"cards_upgraded":["Deadly Poison"]}],"is_beta":true,"boss_relics":[],"items_purged_floors":[],"is_endless":false,"potions_floor_spawned":[1,10,11,12],"killed_by":"Slime Boss","ascension_level":20}