{"gold_per_floor":[114,114,126,143,18,32,62,62,62,40,40,70,70,85,85,161,161,178,194,210,210],"floor_reached":21,"playtime":1132,"items_purged":["Strike_B"],"score":382,"play_id":"c5093e71-f358-4490-a8dd-b6d8b5095418","local_time":"20190605095555","is_ascension_mode":true,"campfire_choices":[{"data":"Zap","floor":8.0,"key":"SMITH"},{"data":"Coolheaded","floor":11.0,"key":"SMITH"},{"data":"Genetic Algorithm","floor":13.0,"key":"SMITH"},{"data":"Sweeping Beam","floor":15.0,"key":"SMITH"}],"neow_cost":"NONE","seed_source_timestamp":0,"circlet_count":0,"master_deck":["AscendersBane","Strike_B","Strike_B","Strike_B","Defend_B","Defend_B","Defend_B","Defend_B","Zap+1","Dualcast","Rebound","Go for the Eyes","Hello World","Coolheaded+1","Echo Form","Ball Lightning","Compile Driver","Genetic Algorithm+1","Sweeping Beam+1","Fission","Turbo","Chill"],"special_seed":0,"relics":["Cracked Core","Pen Nib","The Courier","Dead Branch","Sozu"],"potions_floor_usage":[20],"damage_taken":[{"damage":0.0,"enemies":"Small Slimes","floor":1.0,"turns":3.0},{"damage":0.0,"enemies":"Cultist","floor":3.0,"turns":2.0},{"damage":0.0,"enemies":"2 Louse","floor":4.0,"turns":2.0},{"damage":6.0,"enemies":"Looter","floor":6.0,"turns":4.0},{"damage":3.0,"enemies":"Lagavulin","floor":7.0,"turns":8.0},{"damage":25.0,"enemies":"3 Sentries","floor":12.0,"turns":6.0},{"damage":8.0,"enemies":"Blue Slaver","floor":14.0,"turns":4.0},{"damage":24.0,"enemies":"Slime Boss","floor":16.0,"turns":7.0},{"damage":36,"enemies":"3 Byrds","floor":18,"turns":7},{"damage":19,"enemies":"Shell Parasite","floor":19,"turns":5},{"damage":0,"enemies":"Centurion and Healer","floor":20,"turns":7},{"damage":24,"enemies":"Snecko","floor":21,"turns":4}],"seed_played":"-1540765508977834225","potions_obtained":[{"floor":2.0,"key":"Ancient Potion"},{"floor":2.0,"key":"Swift Potion"},{"floor":4.0,"key":"Dexterity Potion"}],"is_trial":false,"path_per_floor":["M","?","M","M","$","M","E","R","T","$","R","E","R","M","R","B",null,"M","M","M","M"],"character_chosen":"DEFECT","items_purchased":["Coolheaded","Compile Driver"],"campfire_rested":0,"item_purchase_floors":[5,10],"current_hp_per_floor":[71,71,71,71,71,65,62,62,62,62,62,37,37,29,29,5,60,24,5,5,0],"gold":210,"neow_bonus":"TEN_PERCENT_HP_BONUS","is_prod":false,"is_daily":false,"chose_seed":false,"campfire_upgraded":4,"win_rate":0,"timestamp":1559721355,"path_taken":["M","?","M","M","$","?","E","R","T","$","R","E","R","M","R","BOSS","BOSS","M","M","M","?"],"build_version":"2019-01-23","purchased_purges":1,"victory":false,"max_hp_per_floor":[78,78,78,78,78,78,78,78,78,78,78,78,78,78,78,78,78,78,78,78,78],"card_choices":[{"not_picked":["Go for the Eyes","Stack"],"picked":"Rebound","floor":1.0},{"not_picked":["Fusion","Hello World"],"picked":"Go for the Eyes","floor":3.0},{"not_picked":["Storm","Turbo"],"picked":"Hello World","floor":4.0},{"not_picked":["Coolheaded","Beam Cell"],"picked":"Echo Form","floor":6.0},{"not_picked":["Steam Power","White Noise"],"picked":"Ball Lightning","floor":7.0},{"not_picked":["Compile Driver","FTL"],"picked":"Genetic Algorithm","floor":12.0},{"not_picked":["Hologram","Leap"],"picked":"Sweeping Beam","floor":14.0},{"not_picked":["Creative AI","Core Surge"],"picked":"Fission","floor":16},{"not_picked":["Aggregate","Leap","Streamline"],"picked":"SKIP","floor":18},{"not_picked":["Reprogram","Streamline+1"],"picked":"Turbo","floor":19},{"not_picked":["Barrage","Hello World"],"picked":"Chill","floor":20}],"player_experience":1719510,"relics_obtained":[{"floor":7.0,"key":"Pen Nib"},{"floor":9.0,"key":"The Courier"},{"floor":12.0,"key":"Dead Branch"}],"event_choices":[{"damage_healed":0.0,"max_hp_gain":0.0,"max_hp_loss":0.0,"gold_gain":0.0,"event_name":"Lab","player_choice":"Got Potions","floor":2.0,"gold_loss":0.0,"damage_taken":0.0}],"is_beta":false,"boss_relics":[{"not_picked":["Orrery","Busted Crown"],"picked":"Sozu"}],"items_purged_floors":[5],"is_endless":false,"potions_floor_spawned":[4,6,7,14,18,19],"killed_by":"Snecko","ascension_level":20}