{"gold_per_floor":[13,31,95,107,32,60,60,60,135,135,100,70,70,95,95,95],"floor_reached":16,"playtime":664,"items_purged":["Strike_G"],"score":212,"play_id":"4748ad12-8b77-4dd1-946a-db1104a3e4ae","local_time":"20190530091907","is_ascension_mode":true,"campfire_choices":[{"data":"Die Die Die","floor":7.0,"key":"SMITH"},{"data":"Envenom","floor":13.0,"key":"SMITH"},{"floor":15.0,"key":"REST"}],"neow_cost":"NO_GOLD","seed_source_timestamp":0,"circlet_count":0,"master_deck":["AscendersBane","Defend_G","Defend_G","Defend_G","Defend_G","Defend_G+1","Strike_G","Strike_G","Strike_G","Strike_G+1","Survivor","Neutralize","Die Die Die+1","Cloak And Dagger","Deadly Poison","Well Laid Plans","Envenom+1","Backflip"],"special_seed":0,"relics":["Ring of the Snake","The Specimen","Sundial","Question Card","FossilizedHelix"],"potions_floor_usage":[16],"damage_taken":[{"damage":0.0,"enemies":"Small Slimes","floor":1.0,"turns":2.0},{"damage":12.0,"enemies":"Jaw Worm","floor":2.0,"turns":7.0},{"damage":0.0,"enemies":"2 Louse","floor":4.0,"turns":2.0},{"damage":32.0,"enemies":"3 Sentries","floor":6.0,"turns":13.0},{"damage":8.0,"enemies":"Gremlin Nob","floor":14.0,"turns":3.0},{"damage":45,"enemies":"Slime Boss","floor":16,"turns":11}],"seed_played":"-2383301605363496596","potions_obtained":[{"floor":1.0,"key":"Regen Potion"},{"floor":4.0,"key":"GamblersBrew"},{"floor":6.0,"key":"Swift Potion"},{"floor":12.0,"key":"Fruit Juice"},{"floor":12.0,"key":"PowerPotion"},{"floor":14.0,"key":"PowerPotion"}],"is_trial":false,"path_per_floor":["M","M","?","M","$","E","R","T","T","?","?","?","R","E","R","B"],"character_chosen":"THE_SILENT","items_purchased":[],"campfire_rested":1,"item_purchase_floors":[],"current_hp_per_floor":[59,47,47,47,47,30,30,30,30,10,26,31,31,23,44,0],"gold":95,"neow_bonus":"THREE_RARE_CARDS","is_prod":false,"is_daily":false,"chose_seed":false,"campfire_upgraded":2,"win_rate":0,"timestamp":1559200747,"path_taken":["M","M","?","M","$","E","R","?","T","?","?","?","R","E","R","BOSS"],"build_version":"2019-01-23","purchased_purges":1,"victory":false,"max_hp_per_floor":[66,66,66,66,66,66,66,66,66,66,66,71,71,71,71,71],"card_choices":[{"not_picked":["Burst","Tools of the Trade"],"picked":"Die Die Die","floor":0.0},{"not_picked":["Distraction","Prepared"],"picked":"Cloak And Dagger","floor":1.0},{"not_picked":["Backflip","Acrobatics"],"picked":"Deadly Poison","floor":2.0},{"not_picked":["Heel Hook","Terror"],"picked":"Well Laid Plans","floor":4.0},{"not_picked":["Cloak And Dagger","Slice"],"picked":"Envenom","floor":6.0},{"not_picked":["Dash","Dagger Spray","Well Laid Plans"],"picked":"Backflip","floor":14.0}],"player_experience":1711628,"relics_obtained":[{"floor":6.0,"key":"The Specimen"},{"floor":8.0,"key":"Sundial"},{"floor":9.0,"key":"Question Card"},{"floor":14.0,"key":"FossilizedHelix"}],"event_choices":[{"damage_healed":0.0,"max_hp_gain":0.0,"max_hp_loss":0.0,"gold_gain":64.0,"event_name":"Golden Wing","player_choice":"Gained Gold","floor":3.0,"gold_loss":0.0,"damage_taken":0.0},{"damage_healed":0.0,"max_hp_gain":0.0,"max_hp_loss":0.0,"gold_gain":0.0,"event_name":"Shining Light","player_choice":"Entered Light","floor":10.0,"gold_loss":0.0,"damage_taken":20.0,"cards_upgraded":["Strike_G","Defend_G"]},{"damage_healed":16.0,"max_hp_gain":0.0,"max_hp_loss":0.0,"gold_gain":0.0,"event_name":"The Cleric","player_choice":"Healed","floor":11.0,"gold_loss":35.0,"damage_taken":0.0},{"damage_healed":0.0,"max_hp_gain":0.0,"max_hp_loss":0.0,"gold_gain":0.0,"event_name":"The Woman in Blue","player_choice":"Bought 2 Potions","floor":12.0,"gold_loss":0.0,"damage_taken":0.0}],"is_beta":false,"boss_relics":[],"items_purged_floors":[5],"is_endless":false,"potions_floor_spawned":[1,4,6,14],"killed_by":"Slime Boss","ascension_level":20}