{"gold_per_floor":[117,42,192,60,75,108,186,186,234,234,268,268,291,310,310,409,409,422,36,36,55,55,55,80,130,130,144,19,54,68,68],"floor_reached":31,"playtime":997,"items_purged":["Doubt","Normality","Normality"],"score":726,"play_id":"8726af05-fb91-4ffa-bb21-f54e6eeeb1b4","local_time":"20190312195605","is_ascension_mode":true,"campfire_choices":[{"data":"Neutralize","floor":8.0,"key":"SMITH"},{"data":"Well Laid Plans","floor":12.0,"key":"SMITH"},{"data":"Crippling Poison","floor":15.0,"key":"SMITH"},{"data":"Blade Dance","floor":23.0,"key":"SMITH"}],"neow_cost":"NONE","seed_source_timestamp":25577786465845,"circlet_count":0,"master_deck":["AscendersBane","Defend_G","Defend_G","Defend_G","Defend_G","Defend_G","Strike_G","Strike_G","Strike_G","Strike_G","Survivor","Neutralize+1","Well Laid Plans+1","Dodge and Roll","Masterful Stab","Finisher+1","Crippling Poison+1","Finisher+1","Adrenaline","Parasite","Blade Dance+1","Blade Dance","PiercingWail","Backflip+1","Blade Dance+1","Deflect","Concentrate","Calculated Gamble"],"special_seed":0,"relics":["Ring of the Snake","NeowsBlessing","Strawberry","Oddly Smooth Stone","Golden Idol","Molten Egg 2","Calling Bell","Pen Nib","Letter Opener","Tingsha","Bronze Scales","MutagenicStrength","Blood Vial","Centennial Puzzle","Art of War"],"potions_floor_usage":[31,31],"damage_taken":[{"damage":0.0,"enemies":"Jaw Worm","floor":1.0,"turns":1.0},{"damage":0.0,"enemies":"Small Slimes","floor":5.0,"turns":1.0},{"damage":0.0,"enemies":"Gremlin Nob","floor":6.0,"turns":1.0},{"damage":15.0,"enemies":"3 Sentries","floor":11.0,"turns":12.0},{"damage":0.0,"enemies":"2 Louse","floor":13.0,"turns":3.0},{"damage":4.0,"enemies":"Large Slime","floor":14.0,"turns":8.0},{"damage":0.0,"enemies":"The Guardian","floor":16.0,"turns":13.0},{"damage":12.0,"enemies":"Spheric Guardian","floor":18.0,"turns":5.0},{"damage":12.0,"enemies":"Chosen","floor":21.0,"turns":4.0},{"damage":25.0,"enemies":"3 Cultists","floor":24.0,"turns":5.0},{"damage":13.0,"enemies":"Snake Plant","floor":27.0,"turns":3.0},{"damage":0.0,"enemies":"Gremlin Leader","floor":29.0,"turns":1.0},{"damage":0,"enemies":"Chosen and Byrds","floor":30,"turns":3},{"damage":12,"enemies":"Book of Stabbing","floor":31,"turns":3}],"seed_played":"6677093769648129850","potions_obtained":[{"floor":6.0,"key":"SteroidPotion"},{"floor":11.0,"key":"Fire Potion"},{"floor":21.0,"key":"SpeedPotion"},{"floor":24.0,"key":"Strength Potion"},{"floor":30,"key":"Strength Potion"}],"is_trial":false,"path_per_floor":["M","?","?","$","M","E","?","R","T","?","E","R","M","M","R","B",null,"M","$","?","M","$","R","M","T","T","M","$","E","M","E"],"character_chosen":"THE_SILENT","items_purchased":["Fire Potion","Blade Dance","Bronze Scales","PiercingWail"],"campfire_rested":0,"item_purchase_floors":[4,19,19,19],"current_hp_per_floor":[59,59,59,59,59,66,66,66,66,66,51,51,51,47,47,47,61,49,49,49,37,37,37,12,12,12,1,1,3,5,0],"gold":68,"neow_bonus":"THREE_ENEMY_KILL","is_prod":false,"is_daily":false,"chose_seed":false,"campfire_upgraded":4,"win_rate":0,"timestamp":1552416965,"path_taken":["M","?","?","$","M","E","?","R","T","?","E","R","M","M","R","BOSS","M","$","?","M","?","R","M","?","T","M","$","E","M","E"],"build_version":"2019-01-23","purchased_purges":3,"victory":false,"max_hp_per_floor":[66,66,66,66,66,73,73,73,73,66,66,66,66,66,66,66,66,66,66,66,66,66,66,66,66,66,66,66,66,66,66],"card_choices":[{"not_picked":["Deflect","Expertise"],"picked":"Well Laid Plans","floor":1.0},{"not_picked":["Sucker Punch","Bane"],"picked":"Dodge and Roll","floor":5.0},{"not_picked":["Choke","Prepared"],"picked":"Masterful Stab","floor":6.0},{"not_picked":["Predator","Sucker Punch"],"picked":"Finisher","floor":11.0},{"not_picked":["PiercingWail","Backstab+1"],"picked":"Crippling Poison","floor":13.0},{"not_picked":["Phantasmal Killer","Sucker Punch+1"],"picked":"Finisher+1","floor":14.0},{"not_picked":["Unload+1","Burst"],"picked":"Adrenaline","floor":16.0},{"not_picked":["All Out Attack+1","Blur+1"],"picked":"Blade Dance","floor":18.0},{"not_picked":["Cloak And Dagger","PiercingWail"],"picked":"Backflip+1","floor":21.0},{"not_picked":["Distraction","Deflect"],"picked":"Blade Dance+1","floor":24.0},{"not_picked":["Leg Sweep","Catalyst"],"picked":"Deflect","floor":27.0},{"not_picked":["Outmaneuver","Dagger Spray+1"],"picked":"Concentrate","floor":29.0},{"not_picked":["Dodge and Roll","Caltrops"],"picked":"Calculated Gamble","floor":30}],"player_experience":1394690,"relics_obtained":[{"floor":6.0,"key":"Strawberry"},{"floor":9.0,"key":"Oddly Smooth Stone"},{"floor":11.0,"key":"Molten Egg 2"},{"floor":17.0,"key":"Pen Nib"},{"floor":17.0,"key":"Letter Opener"},{"floor":17.0,"key":"Tingsha"},{"floor":25.0,"key":"Blood Vial"},{"floor":26.0,"key":"Centennial Puzzle"},{"floor":29.0,"key":"Art of War"}],"event_choices":[{"cards_removed":["Strike_G"],"damage_healed":0.0,"max_hp_gain":0.0,"max_hp_loss":0.0,"gold_gain":0.0,"event_name":"The Cleric","player_choice":"Card Removal","floor":2.0,"gold_loss":75.0,"damage_taken":0.0},{"damage_healed":0.0,"max_hp_gain":0.0,"max_hp_loss":0.0,"gold_gain":150.0,"event_name":"Liars Game","player_choice":"AGREE","floor":3.0,"gold_loss":0.0,"damage_taken":0.0,"cards_obtained":["Doubt"]},{"damage_healed":0.0,"max_hp_gain":0.0,"max_hp_loss":0.0,"gold_gain":78.0,"event_name":"Golden Wing","player_choice":"Gained Gold","floor":7.0,"gold_loss":0.0,"damage_taken":0.0},{"damage_healed":0.0,"max_hp_gain":0.0,"max_hp_loss":7.0,"gold_gain":0.0,"event_name":"Golden Idol","player_choice":"Lose Max HP","floor":10.0,"gold_loss":0.0,"damage_taken":0.0,"relics_obtained":["Golden Idol"]},{"damage_healed":0.0,"max_hp_gain":0.0,"max_hp_loss":0.0,"gold_gain":0.0,"event_name":"Drug Dealer","player_choice":"Inject Mutagens","floor":20.0,"gold_loss":0.0,"damage_taken":0.0,"relics_obtained":["MutagenicStrength"]}],"is_beta":false,"boss_relics":[{"not_picked":["WristBlade","White Beast Statue"],"picked":"Calling Bell"}],"items_purged_floors":[4,19,28],"is_endless":false,"potions_floor_spawned":[6,11,21,24,30],"killed_by":"Book of Stabbing","ascension_level":20}