{"gold_per_floor":[112,112,132,132,157,193,193,207,207,132,172,136,169,169,169,290,290,315,355,480,496,372,372],"floor_reached":23,"playtime":1290,"items_purged":["Strike_R","Strike_R"],"score":269,"play_id":"896024b6-2c6a-496a-8a22-b109ef5fa443","local_time":"20181121203657","is_ascension_mode":true,"campfire_choices":[{"floor":7,"key":"REST"},{"floor":15,"key":"REST"}],"neow_cost":"NONE","seed_source_timestamp":77490731130653,"circlet_count":0,"master_deck":["Strike_R","Strike_R","Strike_R","Defend_R","Defend_R","Defend_R","Defend_R","Bash","Iron Wave","Flame Barrier","Uppercut","Bludgeon","Feed","Ghostly Armor","Blood for Blood+1","Shrug It Off+1"],"relics":["Burning Blood","NeowsBlessing","Golden Idol","Juzu Bracelet","Centennial Puzzle","Bottled Flame","Red Skull","Velvet Choker","Red Mask","Torii","Toxic Egg 2"],"potions_floor_usage":[13,13,13,13,16,20,20,20],"damage_taken":[{"damage":0,"enemies":"Small Slimes","floor":1,"turns":1},{"damage":0,"enemies":"Cultist","floor":3,"turns":1},{"damage":0,"enemies":"2 Louse","floor":5,"turns":1},{"damage":50,"enemies":"3 Sentries","floor":6,"turns":13},{"damage":7,"enemies":"Looter","floor":8,"turns":4},{"damage":29,"enemies":"Gremlin Nob","floor":11,"turns":5},{"damage":13,"enemies":"Lagavulin","floor":13,"turns":8},{"damage":33,"enemies":"The Guardian","floor":16,"turns":12},{"damage":15,"enemies":"3 Byrds","floor":18,"turns":5},{"damage":39,"enemies":"Masked Bandits","floor":19,"turns":5},{"damage":5,"enemies":"Colosseum Slavers","floor":20,"turns":3},{"damage":19,"enemies":"Colosseum Nobs","floor":20,"turns":4},{"damage":3,"enemies":"2 Thieves","floor":21,"turns":4},{"damage":20,"enemies":"Book of Stabbing","floor":23,"turns":6}],"seed_played":"-6895521551718662457","potions_obtained":[{"floor":3,"key":"Energy Potion"},{"floor":6,"key":"Poison Potion"},{"floor":11,"key":"EntropicBrew"},{"floor":16,"key":"Poison Potion"},{"floor":18,"key":"Energy Potion"},{"floor":20,"key":"LiquidBronze"}],"is_trial":false,"path_per_floor":["M","?","M","?","M","E","R","M","T","$","E","?","E","?","R","B",null,"M","?","?","M","$","E"],"character_chosen":"IRONCLAD","items_purchased":["Shrug It Off+1"],"campfire_rested":2,"item_purchase_floors":[22],"current_hp_per_floor":[78,70,76,56,62,18,42,41,41,41,18,18,11,11,35,8,62,56,23,11,14,14,0],"gold":372,"neow_bonus":"THREE_ENEMY_KILL","is_prod":false,"is_daily":false,"chose_seed":false,"campfire_upgraded":0,"win_rate":0,"timestamp":1542803817,"path_taken":["M","?","?","?","M","E","R","M","T","$","E","?","E","?","R","BOSS","M","?","?","M","$","E"],"build_version":"2018-11-15","purchased_purges":2,"victory":false,"max_hp_per_floor":[80,80,80,80,80,80,80,80,80,80,80,80,80,80,80,80,80,83,83,83,83,83,83],"card_choices":[{"not_picked":["Clothesline","Heavy Blade"],"picked":"Iron Wave","floor":1},{"not_picked":["Warcry","Clothesline"],"picked":"Flame Barrier","floor":3},{"not_picked":["Havoc","Warcry","Clash"],"picked":"SKIP","floor":5},{"not_picked":["Wild Strike","Disarm","Anger"],"picked":"SKIP","floor":6},{"not_picked":["Intimidate","Havoc"],"picked":"Uppercut","floor":8},{"not_picked":["Fire Breathing","Bloodletting","Intimidate"],"picked":"SKIP","floor":11},{"not_picked":["Fire Breathing","Bloodletting","Intimidate"],"picked":"SKIP","floor":11},{"not_picked":["Second Wind","Fire Breathing","Headbutt"],"picked":"SKIP","floor":13},{"not_picked":["Fiend Fire","Brutality"],"picked":"Feed","floor":16},{"not_picked":["Havoc","Headbutt","Combust"],"picked":"SKIP","floor":18},{"not_picked":["Cleave","True Grit"],"picked":"Ghostly Armor","floor":19},{"not_picked":["Cleave","Havoc+1"],"picked":"Blood for Blood+1","floor":21}],"player_experience":266453,"relics_obtained":[{"floor":6,"key":"Juzu Bracelet"},{"floor":9,"key":"Centennial Puzzle"},{"floor":11,"key":"Bottled Flame"},{"floor":13,"key":"Red Skull"},{"floor":19,"key":"Red Mask"},{"floor":20,"key":"Torii"},{"floor":20,"key":"Toxic Egg 2"}],"event_choices":[{"damage_healed":0,"gold_gain":0,"player_choice":"Damaged","damage_taken":8,"max_hp_gain":0,"max_hp_loss":0,"event_name":"Wheel of Change","floor":2,"gold_loss":0},{"damage_healed":0,"gold_gain":0,"player_choice":"Take Damage","damage_taken":20,"relics_obtained":["Golden Idol"],"max_hp_gain":0,"max_hp_loss":0,"event_name":"Golden Idol","floor":4,"gold_loss":0},{"damage_healed":0,"gold_gain":0,"player_choice":"Left Gold","damage_taken":0,"max_hp_gain":0,"max_hp_loss":0,"event_name":"World of Goop","floor":12,"gold_loss":36},{"damage_healed":0,"gold_gain":0,"player_choice":"1 cards matched","damage_taken":0,"max_hp_gain":0,"max_hp_loss":0,"event_name":"Match and Keep!","floor":14,"gold_loss":0,"cards_obtained":["Bludgeon"]},{"damage_healed":0,"gold_gain":0,"player_choice":"Fought Bandits","damage_taken":0,"max_hp_gain":0,"max_hp_loss":0,"event_name":"Masked Bandits","floor":19,"gold_loss":0},{"damage_healed":0,"gold_gain":0,"player_choice":"Fight","damage_taken":0,"max_hp_gain":0,"max_hp_loss":0,"event_name":"Colosseum","floor":20,"gold_loss":0},{"damage_healed":0,"gold_gain":0,"player_choice":"Fought Nobs","damage_taken":0,"max_hp_gain":0,"max_hp_loss":0,"event_name":"Colosseum","floor":20,"gold_loss":0}],"is_beta":false,"boss_relics":[{"not_picked":["Mark of Pain","Lizard Tail"],"picked":"Velvet Choker"}],"items_purged_floors":[10,22],"is_endless":false,"potions_floor_spawned":[3,6,11,16,18,20],"killed_by":"Book of Stabbing","ascension_level":6}