{"path_per_floor":["M","?","M","M","M","R","E","R","T","E","M","R","M","M","R","B",null,"M","M","$","?","M","R","E","$","T","?","R","E","R","M","R","B",null,"M","M","M","M","?","E","R","E","T","R","M","R","E","?","R","B"],"character_chosen":"IRONCLAD","items_purchased":["Shovel","Deep Breath"],"gold_per_floor":[115,115,125,140,152,152,180,180,180,212,226,226,244,255,255,354,354,354,354,112,112,112,112,112,27,27,27,27,27,27,27,27,27,27,27,27,27,27,27,27,27,27,27,27,27,27,27,27,27,27],"floor_reached":51,"campfire_rested":0,"playtime":2608,"item_purchase_floors":[20,25],"current_hp_per_floor":[76,76,80,80,80,80,75,75,75,50,56,56,58,55,55,29,67,67,59,59,40,40,40,40,40,40,35,35,34,34,33,33,36,43,45,45,45,45,45,42,45,45,59,59,59,59,59,59,59,22],"items_purged":[],"gold":27,"score":1123,"play_id":"de99a783-74fd-4f85-9e4e-9a07da70bc6c","local_time":"20180525191350","is_prod":false,"is_daily":false,"chose_seed":false,"is_ascension_mode":true,"campfire_upgraded":7,"win_rate":0,"timestamp":1527268430,"campfire_choices":[{"data":"Rampage","floor":6,"key":"SMITH"},{"data":"Corruption","floor":8,"key":"SMITH"},{"data":"Flame Barrier","floor":12,"key":"SMITH"},{"data":"Whirlwind","floor":15,"key":"SMITH"},{"floor":23,"key":"DIG"},{"floor":28,"key":"DIG"},{"data":"Body Slam","floor":30,"key":"SMITH"},{"floor":32,"key":"DIG"},{"data":"Barricade","floor":41,"key":"SMITH"},{"floor":44,"key":"DIG"},{"data":"Body Slam","floor":46,"key":"SMITH"},{"floor":49,"key":"DIG"}],"path_taken":["M","?","M","M","M","R","E","R","T","E","?","R","M","M","R","BOSS","M","M","$","?","M","R","E","$","T","?","R","E","R","M","R","BOSS","M","?","M","M","?","E","R","E","T","R","?","R","E","?","R","BOSS"],"build_version":"2018-05-24","seed_source_timestamp":28175896776593,"purchased_purges":0,"victory":true,"master_deck":["Strike_R","Strike_R","Strike_R","Strike_R","Defend_R","Defend_R","Defend_R","Bash+1","Corruption+1","Iron Wave","Sentinel","Rampage+1","True Grit","Flame Barrier+1","Whirlwind+1","Limit Break","Thunderclap+1","Barricade+1","Ghostly","Ghostly","Ghostly","Ghostly","Ghostly","Pommel Strike+1","Shrug It Off+1","Deep Breath","Body Slam+1","Body Slam+1","Impervious+1","Whirlwind+1","Carnage+1","Thunderclap+1","Impervious+1","Clash+1","Clothesline+1","Shockwave+1","Battle Trance+1","Perfected Strike"],"max_hp_per_floor":[80,80,80,80,80,80,80,80,80,80,80,80,80,80,80,80,80,80,80,80,40,40,40,40,40,40,45,45,45,45,45,45,45,45,45,45,45,45,45,45,45,45,59,59,59,59,59,59,59,59],"relics":["Burning Blood","The Courier","Meat on the Bone","Bottled Tornado","Ectoplasm","Shovel","Paper Frog","Bag of Preparation","Toxic Egg 2","Art of War","Ginger","Old Coin","Eternal Feather","Bronze Scales","Toolbox","Mango","Prayer Wheel","Red Skull","Torii","Letter Opener"],"card_choices":[{"not_picked":["Spot Weakness","Sword Boomerang"],"picked":"Corruption","floor":1},{"not_picked":["Blood for Blood","Warcry"],"picked":"Iron Wave","floor":3},{"not_picked":["Headbutt","Sword Boomerang"],"picked":"Sentinel","floor":4},{"not_picked":["Anger","Entrench"],"picked":"Rampage","floor":5},{"not_picked":["Havoc","Carnage"],"picked":"True Grit","floor":7},{"not_picked":["Bludgeon","Cleave","Wild Strike"],"picked":"SKIP","floor":10},{"not_picked":["True Grit","Wild Strike"],"picked":"Flame Barrier","floor":11},{"not_picked":["Flame Barrier","Headbutt","Wild Strike"],"picked":"SKIP","floor":13},{"not_picked":["Iron Wave","Second Wind"],"picked":"Whirlwind","floor":14},{"not_picked":["Reaper","Immolate"],"picked":"Limit Break","floor":16},{"not_picked":["Cleave","Iron Wave+1"],"picked":"Thunderclap+1","floor":18},{"not_picked":["Twin Strike","Cleave"],"picked":"Barricade","floor":19},{"not_picked":["Iron Wave","Ghostly Armor"],"picked":"Pommel Strike+1","floor":22},{"not_picked":["Warcry+1","Thunderclap"],"picked":"Shrug It Off+1","floor":24},{"not_picked":["Wild Strike","Havoc+1"],"picked":"Body Slam","floor":29},{"not_picked":["Shockwave+1","Sever Soul"],"picked":"Body Slam","floor":31},{"not_picked":["Double Tap+1","Feed"],"picked":"Impervious+1","floor":33},{"not_picked":["Headbutt","Perfected Strike"],"picked":"Whirlwind+1","floor":35},{"not_picked":["Perfected Strike","Wild Strike"],"picked":"Carnage+1","floor":36},{"not_picked":["Evolve","Heavy Blade"],"picked":"Thunderclap+1","floor":37},{"not_picked":["Body Slam","Clash"],"picked":"Impervious+1","floor":38},{"not_picked":["Second Wind+1","Thunderclap"],"picked":"Clash+1","floor":40},{"not_picked":["Twin Strike+1","Havoc+1"],"picked":"Clothesline+1","floor":42},{"not_picked":["Havoc+1","Iron Wave"],"picked":"Shockwave+1","floor":45},{"not_picked":["Limit Break+1","Twin Strike","Bloodletting+1"],"picked":"SKIP","floor":45},{"not_picked":["Bloodletting+1","Evolve+1"],"picked":"Battle Trance+1","floor":47},{"not_picked":["Wild Strike+1","Second Wind+1"],"picked":"Perfected Strike","floor":48}],"player_experience":208501,"potions_floor_usage":[14,14,16,29,31,33,38,38,38,38,38,50,50],"damage_taken":[{"damage":2,"enemies":"2 Louse","floor":1,"turns":3},{"damage":1,"enemies":"Cultist","floor":3,"turns":4},{"damage":0,"enemies":"Small Slimes","floor":4,"turns":3},{"damage":5,"enemies":"2 Fungi Beasts","floor":5,"turns":4},{"damage":11,"enemies":"Gremlin Nob","floor":7,"turns":4},{"damage":43,"enemies":"3 Sentries","floor":10,"turns":9},{"damage":0,"enemies":"Looter","floor":11,"turns":4},{"damage":4,"enemies":"Large Slime","floor":13,"turns":6},{"damage":9,"enemies":"Exordium Thugs","floor":14,"turns":6},{"damage":44,"enemies":"Hexaghost","floor":16,"turns":9},{"damage":6,"enemies":"Shell Parasite","floor":18,"turns":4},{"damage":14,"enemies":"3 Byrds","floor":19,"turns":4},{"damage":1,"enemies":"3 Cultists","floor":22,"turns":6},{"damage":2,"enemies":"Book of Stabbing","floor":24,"turns":6},{"damage":19,"enemies":"Gremlin Leader","floor":29,"turns":7},{"damage":19,"enemies":"Snake Plant","floor":31,"turns":4},{"damage":3,"enemies":"Automaton","floor":33,"turns":8},{"damage":0,"enemies":"Flame Bruiser 1 Orb","floor":35,"turns":7},{"damage":2,"enemies":"3 Darklings","floor":36,"turns":6},{"damage":0,"enemies":"Flame Bruiser 2 Orb","floor":37,"turns":3},{"damage":2,"enemies":"Transient","floor":38,"turns":5},{"damage":9,"enemies":"2 Orb Walkers","floor":40,"turns":5},{"damage":0,"enemies":"Nemesis","floor":42,"turns":9},{"damage":0,"enemies":"3 Darklings","floor":45,"turns":7},{"damage":1,"enemies":"Giant Head","floor":47,"turns":8},{"damage":0,"enemies":"Mysterious Sphere","floor":48,"turns":4},{"damage":55,"enemies":"Awakened One","floor":50,"turns":10}],"relics_obtained":[{"floor":7,"key":"The Courier"},{"floor":9,"key":"Meat on the Bone"},{"floor":10,"key":"Bottled Tornado"},{"floor":23,"key":"Paper Frog"},{"floor":24,"key":"Bag of Preparation"},{"floor":26,"key":"Toxic Egg 2"},{"floor":28,"key":"Art of War"},{"floor":29,"key":"Ginger"},{"floor":32,"key":"Old Coin"},{"floor":40,"key":"Bronze Scales"},{"floor":42,"key":"Toolbox"},{"floor":43,"key":"Mango"},{"floor":44,"key":"Prayer Wheel"},{"floor":47,"key":"Red Skull"},{"floor":48,"key":"Torii"},{"floor":49,"key":"Letter Opener"}],"event_choices":[{"event_name":"Bonfire Elementals","player_choice":"BASIC","floor":2,"damage_taken":0},{"event_name":"Ghosts","player_choice":"Became a Ghost","floor":21,"damage_taken":0},{"event_name":"Forgotten Altar","player_choice":"Shed Blood","floor":27,"damage_taken":0},{"event_name":"Mysterious Sphere","player_choice":"Fight","floor":48,"damage_taken":0}],"boss_relics":[{"not_picked":["Calling Bell","Astrolabe"],"picked":"Ectoplasm"},{"not_picked":["Orrery","Velvet Choker"],"picked":"Eternal Feather"}],"items_purged_floors":[],"potions_floor_spawned":[1,4,5,16,22,24,29,31,33,35,38,47],"seed_played":"-2508361859280576894","ascension_level":6,"potions_obtained":[{"floor":1,"key":"PowerPotion"},{"floor":4,"key":"FearPotion"},{"floor":5,"key":"SneckoOil"},{"floor":16,"key":"FearPotion"},{"floor":22,"key":"EntropicBrew"},{"floor":24,"key":"EssenceOfSteel"},{"floor":29,"key":"Poison Potion"},{"floor":31,"key":"Strength Potion"},{"floor":33,"key":"EssenceOfSteel"},{"floor":35,"key":"Regen Potion"},{"floor":38,"key":"SpeedPotion"},{"floor":47,"key":"Ancient Potion"}],"is_trial":false}