{"path_per_floor":["M","?","M","$","M","R","?","R","T","R","M","?","$","M","R","B",null,"M","M","$","?","M","R","E","R","T","R","?","R","$","M","R","B",null,"M","?","M","?","M","R","M","$","T","R","E","M","M","E","R","B"],"character_chosen":"DEFECT","items_purchased":["Defragment","Art of War","Static Discharge"],"gold_per_floor":[113,113,131,52,67,67,67,67,67,67,80,80,5,24,24,126,126,141,155,55,55,75,75,102,102,176,176,326,326,58,72,72,176,176,188,188,208,208,225,225,238,6,6,6,40,56,76,102,102,102],"floor_reached":51,"campfire_rested":3,"playtime":3234,"item_purchase_floors":[4,30,42],"current_hp_per_floor":[71,75,74,74,74,74,74,74,74,74,66,66,66,60,60,44,75,73,73,73,73,66,66,43,43,43,43,43,43,43,43,65,46,75,65,65,50,50,40,40,42,42,42,64,64,55,49,49,71,36],"items_purged":["Strike_B","Defend_B","Strike_B","Strike_B"],"gold":102,"score":802,"play_id":"7d3ec87c-25f6-41a4-942a-5df7d8a4edcd","local_time":"20180612143306","is_prod":false,"is_daily":false,"chose_seed":false,"is_ascension_mode":true,"campfire_upgraded":9,"win_rate":0.0,"timestamp":1528785186,"campfire_choices":[{"data":"Defragment","floor":6,"key":"SMITH"},{"data":"Zap","floor":8,"key":"SMITH"},{"data":"Dualcast","floor":10,"key":"SMITH"},{"data":"Seek","floor":15,"key":"SMITH"},{"data":"Creative AI","floor":23,"key":"SMITH"},{"data":"Heatsinks","floor":25,"key":"SMITH"},{"data":"Storm","floor":27,"key":"SMITH"},{"data":"White Noise","floor":29,"key":"SMITH"},{"floor":32,"key":"REST"},{"data":"Reinforced Body","floor":40,"key":"SMITH"},{"floor":44,"key":"REST"},{"floor":49,"key":"REST"}],"path_taken":["M","?","?","$","M","R","?","R","T","R","M","?","$","M","R","BOSS","M","M","$","?","M","R","E","R","T","R","?","R","$","M","R","BOSS","M","?","?","?","M","R","M","?","T","R","E","?","M","E","R","BOSS"],"build_version":"2018-06-07v3","seed_source_timestamp":92914805086565,"purchased_purges":4,"victory":true,"master_deck":["Defend_B","Defend_B","Defend_B","Zap+1","Dualcast+1","Defragment+1","Cold Snap","Reinforced Body+1","Gash","Storm+1","Seek+1","Creative AI+1","White Noise+1","Defragment+1","Heatsinks+1","Creative AI","Capacitor+1","Panacea","Coolheaded","Heatsinks+1","Static Discharge","Creative AI","Glacier"],"max_hp_per_floor":[75,75,75,75,75,75,75,75,75,75,75,75,75,75,75,75,75,75,75,75,75,75,75,75,75,75,75,75,75,75,75,75,75,75,75,75,75,75,75,75,75,75,75,75,75,75,75,75,75,75],"relics":["Cracked Core","Matryoshka","Mummified Hand","Darkstone Periapt","White Beast Statue","Ancient Tea Set","Meat on the Bone","Dodecahedron","Art of War","Nuclear Battery","Peace Pipe","Blue Candle","Bottled Flame"],"card_choices":[{"not_picked":["Stack","Heatsinks"],"picked":"Self Repair","floor":0},{"not_picked":["Genetic Algorithm","Heatsinks","Sweeping Beam"],"picked":"SKIP","floor":1},{"not_picked":["Steam","Gash","Heatsinks"],"picked":"SKIP","floor":3},{"not_picked":["Stack","Sweeping Beam"],"picked":"Cold Snap","floor":5},{"not_picked":["Go for the Eyes","Coolheaded"],"picked":"Reinforced Body","floor":11},{"not_picked":["Heatsinks","FTL"],"picked":"Seek","floor":14},{"not_picked":["Thunder Strike","All For One"],"picked":"Creative AI","floor":16},{"not_picked":["Static Discharge","Steam+1"],"picked":"White Noise","floor":18},{"not_picked":["Heatsinks","Loop","Cold Snap"],"picked":"SKIP","floor":19},{"not_picked":["Chill+1","Redo","Steam"],"picked":"SKIP","floor":22},{"not_picked":["Doom and Gloom","Go for the Eyes"],"picked":"Heatsinks","floor":24},{"not_picked":["Genetic Algorithm+1","Ball Lightning","Fusion+1"],"picked":"SKIP","floor":31},{"not_picked":["All For One","Echo Form"],"picked":"Creative AI","floor":33},{"not_picked":["Redo","Rip and Tear"],"picked":"Capacitor+1","floor":35},{"not_picked":["Transmutation","Jack Of All Trades"],"picked":"Panacea","floor":36},{"not_picked":["Redo","Beam Cell+1","Stack"],"picked":"SKIP","floor":37},{"not_picked":["Ball Lightning+1","Cold Snap+1"],"picked":"Coolheaded","floor":39},{"not_picked":["Conserve Battery","Coolheaded+1"],"picked":"Heatsinks+1","floor":41},{"not_picked":["Stack","Barrage"],"picked":"Creative AI","floor":45},{"not_picked":["Chaos","Hologram","Compile Driver"],"picked":"SKIP","floor":46},{"not_picked":["Undo+1","Doom and Gloom","Coolheaded+1"],"picked":"SKIP","floor":47},{"not_picked":["Undo+1","Doom and Gloom","Coolheaded+1"],"picked":"SKIP","floor":47},{"not_picked":["Doom and Gloom","All For One"],"picked":"Glacier","floor":48}],"player_experience":231135,"potions_floor_usage":[33,50,50],"damage_taken":[{"damage":11,"enemies":"Jaw Worm","floor":1,"turns":3},{"damage":1,"enemies":"Cultist","floor":3,"turns":3},{"damage":0,"enemies":"2 Louse","floor":5,"turns":2},{"damage":8,"enemies":"Red Slaver","floor":11,"turns":3},{"damage":6,"enemies":"3 Louse","floor":14,"turns":3},{"damage":16,"enemies":"The Guardian","floor":16,"turns":13},{"damage":2,"enemies":"3 Byrds","floor":18,"turns":5},{"damage":0,"enemies":"Spheric Guardian","floor":19,"turns":4},{"damage":7,"enemies":"Snake Plant","floor":22,"turns":3},{"damage":23,"enemies":"Gremlin Leader","floor":24,"turns":6},{"damage":0,"enemies":"Cultist and Chosen","floor":31,"turns":3},{"damage":19,"enemies":"Champ","floor":33,"turns":6},{"damage":10,"enemies":"Orb Walker","floor":35,"turns":2},{"damage":15,"enemies":"3 Shapes","floor":37,"turns":2},{"damage":22,"enemies":"Maw","floor":39,"turns":3},{"damage":10,"enemies":"3 Darklings","floor":41,"turns":4},{"damage":0,"enemies":"2 Orb Walkers","floor":45,"turns":3},{"damage":9,"enemies":"Sphere and 2 Shapes","floor":46,"turns":2},{"damage":18,"enemies":"4 Shapes","floor":47,"turns":2},{"damage":0,"enemies":"Nemesis","floor":48,"turns":3},{"damage":47,"enemies":"Time Eater","floor":50,"turns":6}],"relics_obtained":[{"floor":9,"key":"Mummified Hand"},{"floor":9,"key":"Darkstone Periapt"},{"floor":24,"key":"Ancient Tea Set"},{"floor":26,"key":"Meat on the Bone"},{"floor":26,"key":"Dodecahedron"},{"floor":43,"key":"Peace Pipe"},{"floor":45,"key":"Blue Candle"},{"floor":48,"key":"Bottled Flame"}],"event_choices":[{"event_name":"Bonfire Elementals","player_choice":"UNCOMMON","floor":2,"damage_taken":0},{"event_name":"Wheel of Change","player_choice":"Relic","floor":7,"damage_taken":0},{"event_name":"Match and Keep!","player_choice":"2 cards matched","floor":12,"damage_taken":0},{"event_name":"Duplicator","player_choice":"One dupe","floor":21,"damage_taken":0},{"event_name":"Nest","player_choice":"Stole From Cult","floor":28,"damage_taken":0},{"event_name":"SensoryStone","player_choice":"Memory 1","floor":36,"damage_taken":0},{"event_name":"Falling","player_choice":"Removed Attack","floor":38,"damage_taken":0}],"boss_relics":[{"not_picked":["Philosopher\u0027s Stone","Runic Dome"],"picked":"White Beast Statue"},{"not_picked":["Velvet Choker","Cursed Key"],"picked":"Nuclear Battery"}],"items_purged_floors":[13,20,30,42],"potions_floor_spawned":[1,11,16,18,19,22,24,31,33,35,37,39,41,45,46,47,48],"seed_played":"-3070804127795106289","ascension_level":1,"potions_obtained":[{"floor":1,"key":"LiquidBronze"},{"floor":11,"key":"AttackPotion"},{"floor":16,"key":"Dexterity Potion"},{"floor":18,"key":"FairyPotion"},{"floor":31,"key":"Fire Potion"},{"floor":33,"key":"Strength Potion"},{"floor":45,"key":"EssenceOfSteel"}],"is_trial":false}