{"gold_per_floor":[110,110,110,122,135,160,83,83,83,83,83,103,130,142,142,217,217,174,174,99,207,221,221],"floor_reached":23,"playtime":957,"items_purged":["Strike_R"],"score":402,"play_id":"f673ba5d-f7f4-461e-9cca-cc1af300ca28","local_time":"20190131131019","is_ascension_mode":true,"campfire_choices":[{"data":"Bash","floor":8.0,"key":"SMITH"},{"data":"Metallicize","floor":11.0,"key":"SMITH"},{"data":"Defend_R","floor":15.0,"key":"SMITH"}],"neow_cost":"NONE","seed_source_timestamp":0,"circlet_count":0,"master_deck":["AscendersBane","Strike_R","Strike_R","Strike_R","Defend_R","Defend_R","Defend_R","Defend_R+1","Bash+1","Inflame+1","Metallicize+1","Wild Strike","Headbutt","Metallicize+1","Pommel Strike","Bludgeon","Anger+1","Infernal Blade","Body Slam","Clothesline"],"special_seed":0,"relics":["Burning Blood","NeowsBlessing","Art of War","Centennial Puzzle","Bag of Marbles","Bottled Lightning","hubris:Backtick","Dead Branch"],"potions_floor_usage":[23,23],"damage_taken":[{"damage":0.0,"enemies":"Jaw Worm","floor":1.0,"turns":1.0},{"damage":0.0,"enemies":"Small Slimes","floor":4.0,"turns":1.0},{"damage":0.0,"enemies":"Cultist","floor":5.0,"turns":1.0},{"damage":46.0,"enemies":"Lagavulin","floor":6.0,"turns":8.0},{"damage":3.0,"enemies":"Looter","floor":12.0,"turns":3.0},{"damage":17.0,"enemies":"3 Sentries","floor":13.0,"turns":14.0},{"damage":7.0,"enemies":"3 Louse","floor":14.0,"turns":3.0},{"damage":28.0,"enemies":"The Guardian","floor":16.0,"turns":12.0},{"damage":24.0,"enemies":"2 Thieves","floor":18.0,"turns":5.0},{"damage":16.0,"enemies":"Chosen","floor":21.0,"turns":5.0},{"damage":26.0,"enemies":"Sentry and Sphere","floor":22.0,"turns":7.0},{"damage":21,"enemies":"Book of Stabbing","floor":23,"turns":2}],"seed_played":"-5809781590119454809","potions_obtained":[{"floor":1.0,"key":"BloodPotion"},{"floor":12.0,"key":"SteroidPotion"},{"floor":16.0,"key":"Regen Potion"}],"is_trial":false,"path_per_floor":["M","?","?","M","M","E","$","R","T","?","R","M","E","M","R","B",null,"M","?","$","M","M","E"],"character_chosen":"IRONCLAD","items_purchased":["Metallicize"],"campfire_rested":0,"item_purchase_floors":[7],"current_hp_per_floor":[74,67,67,73,75,35,35,35,35,35,35,38,27,26,26,11,59,41,41,41,31,11,0],"gold":221,"neow_bonus":"THREE_ENEMY_KILL","is_prod":false,"is_daily":false,"chose_seed":false,"campfire_upgraded":3,"win_rate":0,"timestamp":1548936619,"path_taken":["M","?","?","?","M","E","$","R","T","?","R","M","E","M","R","BOSS","M","?","$","M","?","E"],"build_version":"2019-01-23","purchased_purges":1,"victory":false,"max_hp_per_floor":[75,75,75,75,75,75,75,75,75,75,75,75,75,75,75,75,75,75,75,75,75,75,75],"card_choices":[{"not_picked":["Anger","Heavy Blade"],"picked":"Inflame","floor":1.0},{"not_picked":["Burning Pact","Dropkick"],"picked":"Metallicize","floor":4.0},{"not_picked":["Power Through","Fire Breathing"],"picked":"Wild Strike","floor":5.0},{"not_picked":["Dropkick","Sentinel"],"picked":"Headbutt","floor":6.0},{"not_picked":["hubris:CleavingFinish","Thunderclap"],"picked":"Pommel Strike","floor":12.0},{"not_picked":["Searing Blow","Perfected Strike","Warcry"],"picked":"SKIP","floor":13.0},{"not_picked":["Blood for Blood","Flex","Warcry"],"picked":"SKIP","floor":14.0},{"not_picked":["Offering","Impervious"],"picked":"Bludgeon","floor":16.0},{"not_picked":["Perfected Strike+1","Iron Wave"],"picked":"Anger+1","floor":18.0},{"not_picked":["True Grit","Searing Blow"],"picked":"Body Slam","floor":21.0},{"not_picked":["Combust","Perfected Strike"],"picked":"Clothesline","floor":22.0}],"player_experience":1203508,"relics_obtained":[{"floor":6.0,"key":"Art of War"},{"floor":9.0,"key":"Centennial Puzzle"},{"floor":13.0,"key":"Bag of Marbles"}],"event_choices":[{"cards_removed":["Strike_R"],"damage_healed":0.0,"max_hp_gain":0.0,"max_hp_loss":0.0,"gold_gain":0.0,"event_name":"Golden Wing","player_choice":"Card Removal","floor":2.0,"gold_loss":0.0,"damage_taken":7.0},{"damage_healed":0.0,"max_hp_gain":0.0,"max_hp_loss":0.0,"gold_gain":0.0,"event_name":"Living Wall","player_choice":"Grow","floor":10.0,"gold_loss":0.0,"damage_taken":0.0,"cards_upgraded":["Metallicize"]},{"damage_healed":0.0,"max_hp_gain":0.0,"max_hp_loss":0.0,"gold_gain":0.0,"event_name":"Match and Keep!","player_choice":"1 cards matched","floor":19.0,"gold_loss":0.0,"damage_taken":0.0,"cards_obtained":["Infernal Blade"]}],"is_beta":false,"boss_relics":[{"not_picked":["Tiny House","infinitespire:Burning Sword"],"picked":"hubris:Backtick"}],"items_purged_floors":[20],"is_endless":false,"potions_floor_spawned":[1,12,14,16,22],"killed_by":"Book of Stabbing","ascension_level":20}