{"path_per_floor":["M","M","$","?","M","R","E","R","T","R","?","?","M","M","R","B",null,"M","?","$","M","M","E","R","E","T","E","M","R","E","M","R","B",null,"M","M","?","M","$","R","?","M","T","R","T","M","R","M","R","B"],"character_chosen":"IRONCLAD","items_purchased":["Inflame","Rage","Inflame","Girya","Strawberry"],"gold_per_floor":[115,128,54,54,67,67,100,100,100,100,100,100,117,131,131,229,229,240,240,89,100,113,176,176,206,229,259,270,270,295,305,305,403,403,421,437,487,501,55,55,55,65,91,91,91,110,110,120,120,120],"floor_reached":51,"campfire_rested":5,"playtime":1684,"item_purchase_floors":[3,20,20,39,39],"current_hp_per_floor":[71,77,77,61,66,66,36,36,36,36,24,24,23,10,34,26,67,67,67,67,73,62,44,44,35,35,40,22,47,9,18,44,14,70,40,46,22,9,16,45,87,59,59,59,59,53,53,55,91,11],"items_purged":[],"gold":120,"score":1081,"play_id":"1b579993-bc51-4b7e-ae2e-314655c86599","local_time":"20180605193044","is_prod":false,"is_daily":false,"chose_seed":false,"is_ascension_mode":true,"campfire_upgraded":4,"win_rate":0,"timestamp":1528219844,"campfire_choices":[{"data":"Inflame","floor":6,"key":"SMITH"},{"data":"Perfected Strike","floor":8,"key":"SMITH"},{"data":"Spot Weakness","floor":10,"key":"SMITH"},{"floor":15,"key":"REST"},{"data":"Flex","floor":24,"key":"SMITH"},{"floor":29,"key":"REST"},{"floor":32,"key":"REST"},{"floor":40,"key":"REST"},{"data":"1","floor":44,"key":"LIFT"},{"data":"2","floor":47,"key":"LIFT"},{"floor":49,"key":"REST"}],"path_taken":["M","M","$","?","M","R","E","R","T","R","?","?","M","?","R","BOSS","M","?","$","M","M","E","R","E","T","E","M","R","E","M","R","BOSS","M","M","?","M","$","R","?","M","T","R","?","?","R","M","R","BOSS"],"build_version":"2018-06-04v2","seed_source_timestamp":33001736343814,"purchased_purges":0,"victory":true,"master_deck":["Strike_R+1","Strike_R","Strike_R","Strike_R","Strike_R+1","Defend_R","Defend_R","Bash","Spot Weakness+1","Cleave","Inflame+1","Wild Strike","Perfected Strike+1","Clash","Iron Wave","Offering","Heavy Blade","Barricade","Rage","Inflame","Body Slam","Heavy Blade+1","Flex+1","Feed","Clash","Inflame+1","Offering","Heavy Blade+1","Feed+1","True Grit+1","Entrench","Heavy Blade+1","Whirlwind+1","Burning Pact+1","Flex","Dropkick+1"],"max_hp_per_floor":[80,80,80,80,80,80,80,80,80,80,80,80,80,80,80,80,80,80,80,80,80,80,80,80,80,80,83,86,86,86,89,89,89,89,89,89,92,92,99,99,87,87,87,87,87,91,91,91,91,91],"relics":["Burning Blood","Question Card","Smiling Mask","Bag of Marbles","Runic Dome","Tiny Chest","Art of War","Singing Bowl","Bronze Scales","Molten Egg 2","Lizard Tail","Dead Branch","Girya","Strawberry","Regal Pillow","Oddly Smooth Stone"],"card_choices":[{"not_picked":["Havoc","Sword Boomerang"],"picked":"Spot Weakness","floor":1},{"not_picked":["Battle Trance","Havoc"],"picked":"Cleave","floor":2},{"not_picked":["Blood for Blood","Warcry"],"picked":"Wild Strike","floor":5},{"not_picked":["Shrug It Off","Pommel Strike"],"picked":"Perfected Strike","floor":7},{"not_picked":["Clothesline","Anger","Hemokinesis"],"picked":"Clash","floor":13},{"not_picked":["Body Slam","Warcry","True Grit"],"picked":"Iron Wave","floor":14},{"not_picked":["Reaper","Brutality","Bludgeon"],"picked":"Offering","floor":16},{"not_picked":["True Grit+1","Rampage","Shrug It Off"],"picked":"Heavy Blade","floor":18},{"not_picked":["Feel No Pain","True Grit","Clash"],"picked":"Body Slam","floor":21},{"not_picked":["Battle Trance+1","Infernal Blade","Havoc"],"picked":"Heavy Blade+1","floor":22},{"not_picked":["Clothesline+1","Barricade","Battle Trance+1"],"picked":"Flex","floor":23},{"not_picked":["Warcry","Sentinel","Body Slam"],"picked":"Feed","floor":25},{"not_picked":["Pommel Strike","Headbutt","Feel No Pain"],"picked":"Clash","floor":27},{"not_picked":["Wild Strike","Intimidate+1","Power Through"],"picked":"Inflame+1","floor":28},{"not_picked":["Sword Boomerang+1","Flex","Dual Wield+1"],"picked":"Offering","floor":30},{"not_picked":["Warcry","Havoc","Shrug It Off"],"picked":"Heavy Blade+1","floor":31},{"not_picked":["Berserk","Brutality","Offering"],"picked":"Feed+1","floor":33},{"not_picked":["Second Wind+1","Heavy Blade+1","Hemokinesis+1"],"picked":"True Grit+1","floor":35},{"not_picked":["Cleave+1","Carnage+1","Armaments"],"picked":"Entrench","floor":36},{"not_picked":["Dual Wield","Combust","Warcry"],"picked":"Heavy Blade+1","floor":37},{"not_picked":["Exhume","Body Slam+1","True Grit"],"picked":"Whirlwind+1","floor":38},{"not_picked":["Pommel Strike+1","Iron Wave+1","Heavy Blade+1"],"picked":"Burning Pact+1","floor":42},{"not_picked":["Dark Embrace","Combust","Twin Strike+1"],"picked":"Flex","floor":46},{"not_picked":["Anger+1","Hemokinesis+1","Headbutt+1"],"picked":"Dropkick+1","floor":48}],"player_experience":277982,"potions_floor_usage":[7,16,22,23,25,38,42,46],"damage_taken":[{"damage":7,"enemies":"Jaw Worm","floor":1,"turns":3},{"damage":0,"enemies":"2 Louse","floor":2,"turns":3},{"damage":1,"enemies":"Cultist","floor":5,"turns":3},{"damage":36,"enemies":"Lagavulin","floor":7,"turns":8},{"damage":7,"enemies":"3 Louse","floor":13,"turns":3},{"damage":19,"enemies":"Gremlin Gang","floor":14,"turns":4},{"damage":14,"enemies":"Slime Boss","floor":16,"turns":8},{"damage":6,"enemies":"Spheric Guardian","floor":18,"turns":3},{"damage":0,"enemies":"Chosen","floor":21,"turns":3},{"damage":17,"enemies":"Snecko","floor":22,"turns":3},{"damage":24,"enemies":"Slavers","floor":23,"turns":4},{"damage":24,"enemies":"Book of Stabbing","floor":25,"turns":3},{"damage":4,"enemies":"Gremlin Leader","floor":27,"turns":3},{"damage":27,"enemies":"Sentry and Sphere","floor":28,"turns":3},{"damage":44,"enemies":"Book of Stabbing","floor":30,"turns":4},{"damage":0,"enemies":"3 Cultists","floor":31,"turns":3},{"damage":71,"enemies":"Automaton","floor":33,"turns":7},{"damage":36,"enemies":"3 Darklings","floor":35,"turns":4},{"damage":0,"enemies":"Flame Bruiser 1 Orb","floor":36,"turns":3},{"damage":33,"floor":37,"turns":4},{"damage":19,"enemies":"Transient","floor":38,"turns":5},{"damage":34,"enemies":"4 Shapes","floor":42,"turns":2},{"damage":75,"enemies":"Flame Bruiser 2 Orb","floor":46,"turns":3},{"damage":4,"enemies":"3 Darklings","floor":48,"turns":1},{"damage":86,"enemies":"Time Eater","floor":50,"turns":4}],"relics_obtained":[{"floor":7,"key":"Question Card"},{"floor":9,"key":"Smiling Mask"},{"floor":23,"key":"Tiny Chest"},{"floor":25,"key":"Art of War"},{"floor":26,"key":"Singing Bowl"},{"floor":27,"key":"Bronze Scales"},{"floor":30,"key":"Molten Egg 2"},{"floor":37,"key":"Dead Branch"},{"floor":43,"key":"Regal Pillow"},{"floor":45,"key":"Oddly Smooth Stone"}],"event_choices":[{"event_name":"Shining Light","player_choice":"Entered Light","floor":4,"damage_taken":0},{"event_name":"Scrap Ooze","player_choice":"success","floor":11,"damage_taken":12},{"event_name":"Purifier","player_choice":"One Purge","floor":12,"damage_taken":0},{"event_name":"Transmorgrifier","player_choice":"Transform","floor":19,"damage_taken":0},{"event_name":"Mysterious Sphere","player_choice":"Fight","floor":37,"damage_taken":0},{"event_name":"The Moai Head","player_choice":"Heal","floor":41,"damage_taken":0}],"boss_relics":[{"not_picked":["Snecko Eye","Eternal Feather"],"picked":"Runic Dome"},{"not_picked":["Pandora\u0027s Box","Astrolabe"],"picked":"Lizard Tail"}],"items_purged_floors":[],"potions_floor_spawned":[5,7,13,14,21,23,27,33,38,46,48],"seed_played":"-7913623249837226502","ascension_level":7,"potions_obtained":[{"floor":5,"key":"SpeedPotion"},{"floor":7,"key":"FairyPotion"},{"floor":13,"key":"Strength Potion"},{"floor":14,"key":"AttackPotion"},{"floor":21,"key":"Poison Potion"},{"floor":23,"key":"Regen Potion"},{"floor":27,"key":"FearPotion"},{"floor":33,"key":"GamblersBrew"},{"floor":38,"key":"Fire Potion"},{"floor":46,"key":"SmokeBomb"},{"floor":48,"key":"GamblersBrew"}],"is_trial":false}