{"gold_per_floor":[115,135,155,80,80,80,113,125,173,201,201,221,58,89,89,167,167,179,179,179,192,117,148,148,165,188,205,205,237,237,137,137,213,213,228,228,243,243,12,47,47,64,64,99,13,44,54,73,73,73,73],"floor_reached":51,"playtime":2368,"items_purged":["Strike_R+1","Doubt"],"score":1586,"play_id":"d12cb800-8e70-4e56-8e1a-2686df0628ab","local_time":"20190723004211","is_ascension_mode":true,"campfire_choices":[{"data":"Hemokinesis","floor":6,"key":"SMITH"},{"data":"Shockwave","floor":11,"key":"SMITH"},{"data":"Flame Barrier","floor":15,"key":"SMITH"},{"data":"Demon Form","floor":24,"key":"SMITH"},{"data":"Exhume","floor":28,"key":"SMITH"},{"data":"Berserk","floor":30,"key":"SMITH"},{"data":"Feed","floor":32,"key":"SMITH"},{"data":"Immolate","floor":41,"key":"SMITH"},{"floor":49,"key":"RECALL"}],"neow_cost":"NONE","seed_source_timestamp":9864487303674,"circlet_count":0,"master_deck":["AscendersBane","Strike_R+1","Strike_R+1","Defend_R+1","Defend_R+1","Defend_R+1","Defend_R+1","Bash+1","Shockwave+1","Cleave","Hemokinesis+1","Exhume+1","Uppercut","Dropkick","Flame Barrier+1","Feed+1","Demon Form+1","Burning Pact","Ghostly","Ghostly","Ghostly","Inflame","Sword Boomerang+1","Berserk+1","Immolate+1","Corruption","Pummel+1","Thunderclap","Battle Trance","Ghostly Armor","Shame","Heavy Blade","Feel No Pain","Feel No Pain","Flame Barrier"],"relics":["Burning Blood","Shuriken","Oddly Smooth Stone","Orichalcum","Pen Nib","Cursed Key","Gambling Chip","Dream Catcher","Question Card","Velvet Choker","ClockworkSouvenir","Anchor","Meat on the Bone","Art of War"],"potions_floor_usage":[46],"damage_taken":[{"damage":2,"enemies":"Jaw Worm","floor":1,"turns":5},{"damage":8,"enemies":"2 Louse","floor":2,"turns":3},{"damage":1,"enemies":"Cultist","floor":3,"turns":3},{"damage":19,"enemies":"Lagavulin","floor":7,"turns":6},{"damage":17,"enemies":"Lots of Slimes","floor":8,"turns":3},{"damage":24,"enemies":"3 Sentries","floor":10,"turns":7},{"damage":10,"enemies":"Exordium Thugs","floor":12,"turns":3},{"damage":15,"enemies":"Lagavulin","floor":14,"turns":7},{"damage":29,"enemies":"Hexaghost","floor":16,"turns":9},{"damage":16,"enemies":"Shell Parasite","floor":18,"turns":5},{"damage":3,"enemies":"3 Byrds","floor":21,"turns":7},{"damage":12,"enemies":"Gremlin Leader","floor":23,"turns":6},{"damage":12,"enemies":"Cultist and Chosen","floor":25,"turns":6},{"damage":11,"enemies":"Centurion and Healer","floor":27,"turns":8},{"damage":4,"enemies":"Book of Stabbing","floor":29,"turns":5},{"damage":7,"enemies":"Collector","floor":33,"turns":10},{"damage":5,"enemies":"3 Darklings","floor":35,"turns":6},{"damage":14,"enemies":"3 Shapes","floor":37,"turns":4},{"damage":39,"enemies":"Nemesis","floor":40,"turns":7},{"damage":4,"enemies":"Maw","floor":42,"turns":5},{"damage":24,"enemies":"Giant Head","floor":44,"turns":5},{"damage":15,"enemies":"Reptomancer","floor":46,"turns":7},{"damage":3,"enemies":"4 Shapes","floor":47,"turns":6},{"damage":18,"enemies":"Sphere and 2 Shapes","floor":48,"turns":4},{"damage":46,"enemies":"Donu and Deca","floor":50,"turns":10},{"damage":71,"enemies":"Awakened One","floor":51,"turns":8}],"seed_played":"-6241479764934548452","potions_obtained":[{"floor":7,"key":"Energy Potion"},{"floor":8,"key":"FearPotion"},{"floor":46,"key":"Dexterity Potion"}],"is_trial":false,"path_per_floor":["M","M","M","?","?","R","E","M","T","E","R","M","$","E","R","B",null,"M","?","?","M","$","E","R","M","T","M","R","E","R","$","R","B",null,"M","?","M","?","$","E","R","M","T","E","$","E","M","M","R","B","B"],"character_chosen":"IRONCLAD","items_purchased":["Feed","ClockworkSouvenir","Feel No Pain"],"campfire_rested":0,"item_purchase_floors":[13,39,45],"current_hp_per_floor":[79,77,82,82,82,82,69,58,58,40,40,36,36,30,30,7,66,59,44,44,47,47,44,44,41,41,42,42,44,44,44,44,47,59,64,64,64,64,64,35,35,41,41,23,23,26,45,53,53,29,0],"gold":73,"neow_bonus":"TEN_PERCENT_HP_BONUS","is_prod":false,"is_daily":false,"chose_seed":false,"campfire_upgraded":8,"win_rate":0,"timestamp":1563835331,"path_taken":["M","M","M","?","?","R","E","M","T","E","R","M","$","E","R","BOSS","M","?","?","?","$","E","R","M","T","?","R","E","R","?","R","BOSS","M","?","?","?","$","E","R","M","T","E","$","E","M","M","R","BOSS","BOSS"],"build_version":"2019-07-17","purchased_purges":2,"victory":false,"max_hp_per_floor":[82,82,82,82,82,82,82,82,82,82,82,82,82,85,85,85,85,88,44,44,47,47,50,50,53,53,59,59,59,59,59,59,63,63,67,67,75,75,75,79,79,83,83,83,83,83,87,95,95,99,99],"card_choices":[{"not_picked":["Clash","Armaments"],"picked":"Shockwave","floor":1},{"not_picked":["Clothesline","Power Through"],"picked":"Cleave","floor":2},{"not_picked":["Entrench","Body Slam"],"picked":"Hemokinesis","floor":3},{"not_picked":["Cleave","Flex"],"picked":"Exhume","floor":7},{"not_picked":["Flex","Warcry"],"picked":"Uppercut","floor":8},{"not_picked":["Fire Breathing","Body Slam"],"picked":"Dropkick","floor":10},{"not_picked":["Pommel Strike","Iron Wave"],"picked":"Flame Barrier","floor":12},{"not_picked":["Heavy Blade","Dual Wield","Havoc"],"picked":"SKIP","floor":14},{"not_picked":["Berserk","Exhume"],"picked":"Demon Form","floor":16},{"not_picked":["Havoc","Body Slam"],"picked":"Burning Pact","floor":18},{"not_picked":["Sentinel","Armaments"],"picked":"Inflame","floor":21},{"not_picked":["Shockwave","Entrench","Body Slam"],"picked":"SKIP","floor":23},{"not_picked":["Dual Wield","Warcry","Perfected Strike"],"picked":"SKIP","floor":25},{"not_picked":["Sever Soul","Heavy Blade"],"picked":"Sword Boomerang+1","floor":27},{"not_picked":["Fire Breathing","Sword Boomerang"],"picked":"Berserk","floor":29},{"not_picked":["Barricade","Dark Embrace","Brutality"],"picked":"Immolate","floor":33},{"not_picked":["Rage","Anger","Body Slam+1"],"picked":"Corruption","floor":35},{"not_picked":["Headbutt","Rupture+1","Infernal Blade"],"picked":"Pummel+1","floor":37},{"not_picked":["Dropkick","Fiend Fire","Berserk"],"picked":"Battle Trance","floor":40},{"not_picked":["Twin Strike","Power Through","Bloodletting"],"picked":"Ghostly Armor","floor":42},{"not_picked":["Clash+1","Thunderclap","Pommel Strike"],"picked":"Heavy Blade","floor":44},{"not_picked":["Battle Trance","Havoc+1","Thunderclap"],"picked":"Feel No Pain","floor":46},{"not_picked":["Dropkick","Armaments","Seeing Red","Carnage"],"picked":"SKIP","floor":47},{"not_picked":["Twin Strike","Hemokinesis","Dropkick"],"picked":"Flame Barrier","floor":48}],"player_experience":1827817,"relics_obtained":[{"floor":7,"key":"Shuriken"},{"floor":9,"key":"Oddly Smooth Stone"},{"floor":10,"key":"Orichalcum"},{"floor":14,"key":"Pen Nib"},{"floor":23,"key":"Gambling Chip"},{"floor":26,"key":"Dream Catcher"},{"floor":29,"key":"Question Card"},{"floor":40,"key":"Anchor"},{"floor":44,"key":"Meat on the Bone"},{"floor":46,"key":"Art of War"}],"event_choices":[{"cards_removed":["Strike_R"],"damage_healed":0,"gold_gain":0,"player_choice":"Card Removal","damage_taken":0,"max_hp_gain":0,"max_hp_loss":0,"event_name":"The Cleric","floor":4,"gold_loss":75},{"damage_healed":0,"gold_gain":0,"player_choice":"Grow","damage_taken":0,"max_hp_gain":0,"max_hp_loss":0,"event_name":"Living Wall","floor":5,"gold_loss":0,"cards_upgraded":["Bash"]},{"damage_healed":0,"gold_gain":0,"player_choice":"Became a Ghost","damage_taken":0,"max_hp_gain":0,"max_hp_loss":44,"event_name":"Ghosts","floor":19,"gold_loss":0,"cards_obtained":["Ghostly","Ghostly","Ghostly"]},{"damage_healed":0,"gold_gain":0,"player_choice":"Simplicity","damage_taken":0,"max_hp_gain":0,"max_hp_loss":0,"event_name":"Back to Basics","floor":20,"gold_loss":0,"cards_upgraded":["Strike_R","Strike_R","Strike_R","Strike_R","Defend_R","Defend_R","Defend_R","Defend_R"]},{"damage_healed":0,"gold_gain":0,"player_choice":"Ignored","damage_taken":0,"max_hp_gain":0,"max_hp_loss":0,"event_name":"SecretPortal","floor":36,"gold_loss":0},{"damage_healed":0,"gold_gain":0,"cards_transformed":["Strike_R"],"player_choice":"Transformed","damage_taken":0,"max_hp_gain":0,"max_hp_loss":0,"event_name":"Transmorgrifier","floor":38,"gold_loss":0,"cards_obtained":["Thunderclap"]}],"is_beta":false,"boss_relics":[{"not_picked":["Black Blood","Orrery"],"picked":"Cursed Key"},{"not_picked":["Runic Cube","Tiny House"],"picked":"Velvet Choker"}],"items_purged_floors":[22,31],"is_endless":false,"potions_floor_spawned":[7,8,12,16,18,23,29,35,40,42,46,47],"killed_by":"Awakened One","ascension_level":20}