{"gold_per_floor":[219,219,55,330,229,229,263,278,325,338,338,365,365,383,383,454,454,466,282,294,9,9,44,44,75,75,89,99,20,35,35,35,111,111,130,40,60,60,75,75,75,107,107,120,136,146,163,190,190,190,190],"floor_reached":51,"playtime":2084,"items_purged":["Regret","Strike_R"],"score":1439,"play_id":"a1f32270-4e27-496c-abfd-f015d75fe8f4","local_time":"20190326002018","is_ascension_mode":true,"campfire_choices":[{"data":"Armaments","floor":6,"key":"SMITH"},{"floor":11,"key":"REST"},{"data":"Juggernaut","floor":13,"key":"SMITH"},{"data":"Juggernaut","floor":15,"key":"SMITH"},{"floor":24,"key":"REST"},{"floor":32,"key":"REST"},{"data":"Feel No Pain","floor":40,"key":"SMITH"},{"floor":49,"key":"RECALL"}],"neow_cost":"NONE","seed_source_timestamp":54895549393297,"circlet_count":0,"master_deck":["AscendersBane","Strike_R","Strike_R","Strike_R","Defend_R","Defend_R","Defend_R","Defend_R","Bash","Dropkick","Juggernaut+1","Armaments+1","Juggernaut+1","Offering","Metallicize","Feed","Ghostly Armor","True Grit","Iron Wave","Ghostly Armor","Corruption","Metallicize","Exhume","Flame Barrier+1","Feel No Pain+1","Armaments+1","Juggernaut","Reaper","Metallicize+1","Ghostly Armor+1","Dual Wield"],"relics":["Burning Blood","Bag of Marbles","Bronze Scales","Oddly Smooth Stone","Potion Belt","Philosopher\u0027s Stone","Mummified Hand","Centennial Puzzle","Omamori","WarpedTongs","Coffee Dripper","Smiling Mask","Frozen Egg 2","Magic Flower"],"potions_floor_usage":[12,23,23,33,42,51,51,51,51,51,51,51],"damage_taken":[{"damage":4,"enemies":"Jaw Worm","floor":1,"turns":5},{"damage":59,"enemies":"3 Sentries","floor":7,"turns":12},{"damage":6,"enemies":"Cultist","floor":8,"turns":4},{"damage":6,"enemies":"Small Slimes","floor":10,"turns":3},{"damage":20,"enemies":"Lagavulin","floor":12,"turns":7},{"damage":12,"enemies":"Gremlin Gang","floor":14,"turns":4},{"damage":22,"enemies":"Hexaghost","floor":16,"turns":7},{"damage":21,"enemies":"Chosen","floor":18,"turns":4},{"damage":19,"enemies":"Shell Parasite","floor":20,"turns":4},{"damage":19,"enemies":"Book of Stabbing","floor":23,"turns":3},{"damage":35,"enemies":"Slavers","floor":25,"turns":4},{"damage":13,"enemies":"Shelled Parasite and Fungi","floor":27,"turns":3},{"damage":6,"enemies":"Centurion and Healer","floor":28,"turns":3},{"damage":13,"enemies":"Snake Plant","floor":30,"turns":3},{"damage":23,"enemies":"Champ","floor":33,"turns":8},{"damage":12,"enemies":"Orb Walker","floor":35,"turns":2},{"damage":13,"enemies":"3 Shapes","floor":37,"turns":4},{"damage":6,"enemies":"Transient","floor":39,"turns":6},{"damage":28,"enemies":"Reptomancer","floor":42,"turns":5},{"damage":0,"enemies":"4 Shapes","floor":44,"turns":4},{"damage":3,"enemies":"Jaw Worm Horde","floor":45,"turns":3},{"damage":10,"enemies":"Transient","floor":46,"turns":6},{"damage":6,"enemies":"4 Shapes","floor":47,"turns":4},{"damage":36,"enemies":"Giant Head","floor":48,"turns":7},{"damage":17,"enemies":"Donu and Deca","floor":50,"turns":7},{"damage":86,"enemies":"Awakened One","floor":51,"turns":2}],"seed_played":"3006524078667035914","potions_obtained":[{"floor":7,"key":"BloodPotion"},{"floor":8,"key":"AttackPotion"},{"floor":12,"key":"SteroidPotion"},{"floor":23,"key":"Block Potion"},{"floor":25,"key":"PowerPotion"},{"floor":27,"key":"LiquidBronze"},{"floor":33,"key":"Energy Potion"},{"floor":37,"key":"SkillPotion"},{"floor":44,"key":"PowerPotion"},{"floor":46,"key":"EntropicBrew"}],"is_trial":false,"path_per_floor":["M","?","$","?","$","R","E","M","T","M","R","E","R","M","R","B",null,"M","$","M","$","?","E","R","E","T","M","M","$","M","?","R","B",null,"M","$","M","?","M","R","?","E","T","M","M","M","M","E","R","B","B"],"character_chosen":"IRONCLAD","items_purchased":["Bag of Marbles","Armaments","Ghostly Armor","Mummified Hand","Metallicize","Feel No Pain"],"campfire_rested":3,"item_purchase_floors":[3,5,19,21,29,36],"current_hp_per_floor":[70,70,70,70,70,70,17,17,17,17,39,32,32,26,26,10,59,44,44,35,35,35,22,45,16,16,12,15,15,8,8,33,20,72,66,66,59,59,59,59,59,37,37,46,52,53,57,40,40,38,0],"gold":190,"neow_bonus":"HUNDRED_GOLD","is_prod":false,"is_daily":false,"chose_seed":false,"campfire_upgraded":4,"win_rate":0,"timestamp":1553556018,"path_taken":["M","?","?","?","$","R","E","M","T","M","R","E","R","?","R","BOSS","M","$","M","$","?","E","R","E","T","M","M","?","M","?","R","BOSS","M","?","?","?","?","R","?","E","T","M","M","M","M","E","R","BOSS","BOSS"],"build_version":"2019-01-23","purchased_purges":2,"victory":false,"max_hp_per_floor":[75,75,75,75,75,75,75,75,75,75,75,75,75,75,75,75,75,75,75,79,79,79,79,79,79,79,82,85,85,85,85,85,89,89,89,89,89,89,89,89,85,85,85,88,91,91,95,99,99,99,99],"card_choices":[{"not_picked":["Thunderclap","Armaments"],"picked":"Dropkick","floor":1},{"not_picked":["Clash","Sentinel"],"picked":"Juggernaut","floor":7},{"not_picked":["Heavy Blade","Clash","Headbutt"],"picked":"SKIP","floor":8},{"not_picked":["Thunderclap","Carnage","Sword Boomerang"],"picked":"SKIP","floor":10},{"not_picked":["Flex","Combust"],"picked":"Offering","floor":12},{"not_picked":["Shockwave","Armaments"],"picked":"Metallicize","floor":14},{"not_picked":["Fiend Fire","Bludgeon"],"picked":"Feed","floor":16},{"not_picked":["Anger","Pommel Strike","Rupture"],"picked":"SKIP","floor":18},{"not_picked":["Hemokinesis","Whirlwind"],"picked":"True Grit","floor":20},{"not_picked":["Twin Strike","Wild Strike","Iron Wave"],"picked":"SKIP","floor":23},{"not_picked":["Twin Strike","Wild Strike"],"picked":"Iron Wave","floor":23},{"not_picked":["Twin Strike","Flex","Sever Soul"],"picked":"SKIP","floor":25},{"not_picked":["Clash","Cleave"],"picked":"Ghostly Armor","floor":27},{"not_picked":["Blood for Blood","Armaments"],"picked":"Corruption","floor":28},{"not_picked":["Corruption","Perfected Strike","Armaments"],"picked":"SKIP","floor":30},{"not_picked":["Immolate","Berserk"],"picked":"Exhume","floor":33},{"not_picked":["Clothesline","Evolve"],"picked":"Flame Barrier+1","floor":35},{"not_picked":["Anger","Rupture","Rage"],"picked":"SKIP","floor":37},{"not_picked":["Anger","Inflame+1"],"picked":"Armaments+1","floor":39},{"not_picked":["Disarm","Metallicize"],"picked":"Juggernaut","floor":42},{"not_picked":["Sword Boomerang+1","Anger","Flex"],"picked":"SKIP","floor":44},{"not_picked":["Rampage","Sword Boomerang"],"picked":"Reaper","floor":45},{"not_picked":["Iron Wave","Warcry"],"picked":"Metallicize+1","floor":46},{"not_picked":["Carnage+1","True Grit"],"picked":"Ghostly Armor+1","floor":47},{"not_picked":["Combust+1","Hemokinesis+1"],"picked":"Dual Wield","floor":48}],"player_experience":1476269,"relics_obtained":[{"floor":7,"key":"Bronze Scales"},{"floor":9,"key":"Oddly Smooth Stone"},{"floor":12,"key":"Potion Belt"},{"floor":23,"key":"Centennial Puzzle"},{"floor":25,"key":"Omamori"},{"floor":42,"key":"Smiling Mask"},{"floor":43,"key":"Frozen Egg 2"},{"floor":48,"key":"Magic Flower"}],"event_choices":[{"damage_healed":0,"gold_gain":0,"player_choice":"1 cards matched","damage_taken":0,"max_hp_gain":0,"max_hp_loss":0,"event_name":"Match and Keep!","floor":2,"gold_loss":0,"cards_obtained":["Juggernaut"]},{"damage_healed":0,"gold_gain":275,"player_choice":"Desecrate","damage_taken":0,"max_hp_gain":0,"max_hp_loss":0,"event_name":"Golden Shrine","floor":4,"gold_loss":0,"cards_obtained":["Regret"]},{"cards_removed":["Strike_R"],"damage_healed":0,"gold_gain":0,"player_choice":"Purged","damage_taken":0,"max_hp_gain":0,"max_hp_loss":0,"event_name":"Purifier","floor":22,"gold_loss":0},{"damage_healed":0,"gold_gain":0,"player_choice":"Rummage","damage_taken":0,"relics_obtained":["WarpedTongs"],"max_hp_gain":0,"max_hp_loss":0,"event_name":"Accursed Blacksmith","floor":31,"gold_loss":0,"cards_obtained":["Pain"]},{"damage_healed":0,"gold_gain":0,"player_choice":"Cursed","damage_taken":0,"max_hp_gain":0,"max_hp_loss":0,"event_name":"Wheel of Change","floor":38,"gold_loss":0,"cards_obtained":["Decay"]},{"damage_healed":0,"gold_gain":0,"player_choice":"Max HP","damage_taken":0,"max_hp_gain":0,"max_hp_loss":4,"event_name":"Winding Halls","floor":41,"gold_loss":0}],"is_beta":false,"boss_relics":[{"not_picked":["Black Star","Black Blood"],"picked":"Philosopher\u0027s Stone"},{"not_picked":["Mark of Pain","Velvet Choker"],"picked":"Coffee Dripper"}],"items_purged_floors":[5,19],"is_endless":false,"potions_floor_spawned":[7,8,12,23,25,27,33,37,44,45,46,47,48],"killed_by":"Awakened One","ascension_level":20}