{"gold_per_floor":[114,125,135,285,129,129,129,159,159,86,86,99,113,113,113,113],"floor_reached":16,"playtime":349,"items_purged":["Doubt"],"score":200,"play_id":"2998b6bb-5770-438a-b995-016409ec1680","local_time":"20190226132147","is_ascension_mode":true,"campfire_choices":[{"data":"Dagger Spray","floor":6,"key":"SMITH"},{"floor":11,"key":"REST"},{"data":"Noxious Fumes","floor":15,"key":"SMITH"}],"neow_cost":"NONE","seed_source_timestamp":8289381280193,"circlet_count":0,"master_deck":["AscendersBane","Defend_G","Defend_G","Defend_G","Defend_G","Defend_G","Strike_G","Strike_G","Strike_G","Strike_G","Survivor","Neutralize","Dagger Spray+1","Dagger Throw","Backflip","Noxious Fumes+1","Backflip"],"relics":["Ring of the Snake","NeowsBlessing","Potion Belt","Gremlin Horn"],"potions_floor_usage":[],"damage_taken":[{"damage":0,"enemies":"Cultist","floor":1,"turns":1},{"damage":0,"enemies":"Small Slimes","floor":2,"turns":1},{"damage":0,"enemies":"2 Louse","floor":3,"turns":1},{"damage":32,"enemies":"Lagavulin","floor":8,"turns":9},{"damage":0,"enemies":"Blue Slaver","floor":12,"turns":4},{"damage":3,"enemies":"Exordium Wildlife","floor":13,"turns":4},{"damage":37,"enemies":"Hexaghost","floor":16,"turns":9}],"seed_played":"7784221194183202616","potions_obtained":[{"floor":2,"key":"Explosive Potion"},{"floor":13,"key":"FearPotion"}],"is_trial":false,"path_per_floor":["M","M","M","?","$","R","?","E","T","?","R","M","M","$","R","B"],"character_chosen":"THE_SILENT","items_purchased":["Noxious Fumes"],"campfire_rested":1,"item_purchase_floors":[5],"current_hp_per_floor":[59,59,59,59,59,59,52,20,20,20,39,39,36,36,36,0],"gold":113,"neow_bonus":"THREE_ENEMY_KILL","is_prod":false,"is_daily":false,"chose_seed":false,"campfire_upgraded":2,"win_rate":0,"timestamp":1551183707,"path_taken":["M","?","M","?","$","R","?","E","T","?","R","M","M","$","R","BOSS"],"build_version":"2019-01-23","purchased_purges":1,"victory":false,"max_hp_per_floor":[66,66,66,66,66,66,66,66,66,66,66,66,66,66,66,66],"card_choices":[{"not_picked":["Underhanded Strike","Quick Slash"],"picked":"Dagger Spray","floor":1},{"not_picked":["All Out Attack","Dagger Spray"],"picked":"Dagger Throw","floor":2},{"not_picked":["Prepared","Deflect"],"picked":"Backflip","floor":3},{"not_picked":["Dagger Throw","Doppelganger"],"picked":"Backflip","floor":8},{"not_picked":["Sucker Punch","Eviscerate","Outmaneuver"],"picked":"SKIP","floor":12},{"not_picked":["Quick Slash","Flying Knee","Setup"],"picked":"SKIP","floor":13}],"player_experience":1331580,"relics_obtained":[{"floor":8,"key":"Potion Belt"},{"floor":9,"key":"Gremlin Horn"}],"event_choices":[{"damage_healed":0,"gold_gain":150,"player_choice":"AGREE","damage_taken":0,"max_hp_gain":0,"max_hp_loss":0,"event_name":"Liars Game","floor":4,"gold_loss":0,"cards_obtained":["Doubt"]},{"cards_removed":["Strike_G"],"damage_healed":0,"gold_gain":0,"player_choice":"Card Removal","damage_taken":7,"max_hp_gain":0,"max_hp_loss":0,"event_name":"Golden Wing","floor":7,"gold_loss":0},{"damage_healed":0,"gold_gain":0,"player_choice":"Left Gold","damage_taken":0,"max_hp_gain":0,"max_hp_loss":0,"event_name":"World of Goop","floor":10,"gold_loss":73}],"is_beta":false,"boss_relics":[],"items_purged_floors":[5],"is_endless":false,"potions_floor_spawned":[2,13],"killed_by":"Hexaghost","ascension_level":20}