{"gold_per_floor":[12,287,89,14,30,30,56,56,80,80,100,100,132,152,152,227,227,245,245,259,269,269,269,284,319,319,319],"floor_reached":27,"playtime":980,"items_purged":["Regret"],"score":532,"play_id":"c5a69908-547f-4e60-84e5-efe4e6fed8d4","local_time":"20190826012858","is_ascension_mode":true,"campfire_choices":[{"data":"Dagger Spray","floor":6.0,"key":"SMITH"},{"data":"Noxious Fumes","floor":12,"key":"SMITH"},{"floor":15,"key":"REST"},{"data":"Crippling Poison","floor":23,"key":"SMITH"}],"neow_cost":"NO_GOLD","seed_source_timestamp":53934338924108,"circlet_count":0,"master_deck":["AscendersBane","Strike_G","Strike_G","Strike_G","Defend_G","Defend_G","Defend_G","Defend_G","Defend_G","Survivor","Neutralize","Corpse Explosion","Blade Dance","Noxious Fumes+1","Bouncing Flask","Dagger Spray+1","Escape Plan","Backflip","Crippling Poison+1","Backflip","Adrenaline","PiercingWail","Footwork","Backstab","Dodge and Roll","Crippling Poison","Parasite"],"special_seed":0,"relics":["Ring of the Snake","Matryoshka","Centennial Puzzle","Anchor","Mercury Hourglass","Cursed Key","Lantern","Bag of Preparation"],"potions_floor_usage":[13,13,25,25,25],"damage_taken":[{"damage":0.0,"enemies":"2 Louse","floor":1.0,"turns":4.0},{"damage":0.0,"enemies":"Cultist","floor":5.0,"turns":4.0},{"damage":35.0,"enemies":"Gremlin Nob","floor":7.0,"turns":4.0},{"damage":0,"enemies":"Small Slimes","floor":11,"turns":3},{"damage":21,"enemies":"Lagavulin","floor":13,"turns":8},{"damage":0,"enemies":"Blue Slaver","floor":14,"turns":3},{"damage":17,"enemies":"The Guardian","floor":16,"turns":10},{"damage":1,"enemies":"2 Thieves","floor":18,"turns":3},{"damage":6,"enemies":"Shell Parasite","floor":20,"turns":7},{"damage":3,"enemies":"Centurion and Healer","floor":21,"turns":5},{"damage":12,"enemies":"Snake Plant","floor":24,"turns":4},{"damage":25,"enemies":"Book of Stabbing","floor":25,"turns":7},{"damage":11,"enemies":"Slavers","floor":27,"turns":1}],"seed_played":"2766605218527606376","potions_obtained":[{"floor":7.0,"key":"PowerPotion"},{"floor":11,"key":"Dexterity Potion"},{"floor":16,"key":"SpeedPotion"},{"floor":20,"key":"Poison Potion"},{"floor":24,"key":"EntropicBrew"}],"is_trial":false,"path_per_floor":["M","?","$","?","M","R","E","$","T","?","M","R","E","M","R","B",null,"M","?","M","M","?","R","M","E","T","E"],"character_chosen":"THE_SILENT","items_purchased":["Noxious Fumes","Bouncing Flask"],"campfire_rested":1,"item_purchase_floors":[3,3],"current_hp_per_floor":[59,59,59,59,59,59,24,24,24,24,24,24,3,3,22,5,51,50,50,44,41,41,41,29,4,4,0],"gold":319,"neow_bonus":"THREE_RARE_CARDS","is_prod":false,"is_daily":false,"chose_seed":false,"campfire_upgraded":3,"win_rate":0,"timestamp":1566775738,"path_taken":["M","?","?","?","M","R","E","$","T","?","M","R","E","M","R","BOSS","M","?","M","M","?","R","?","E","T","E"],"build_version":"2019-07-17","purchased_purges":1,"victory":false,"max_hp_per_floor":[66,66,66,66,66,66,66,66,66,66,66,66,66,66,66,66,66,66,66,66,66,66,66,66,66,66,66],"card_choices":[{"not_picked":["Storm of Steel","Venomology"],"picked":"Corpse Explosion","floor":0.0},{"not_picked":["Heel Hook","All Out Attack"],"picked":"Blade Dance","floor":1.0},{"not_picked":["Deadly Poison","Sucker Punch"],"picked":"Dagger Spray","floor":5.0},{"not_picked":["Prepared","Eviscerate"],"picked":"Escape Plan","floor":7.0},{"not_picked":["Outmaneuver","Terror"],"picked":"Backflip","floor":11},{"not_picked":["Deflect","Reflex"],"picked":"Crippling Poison","floor":13},{"not_picked":["Caltrops","Crippling Poison"],"picked":"Backflip","floor":14},{"not_picked":["Glass Knife","Storm of Steel"],"picked":"Adrenaline","floor":16},{"not_picked":["Expertise","Caltrops+1"],"picked":"PiercingWail","floor":18},{"not_picked":["Eviscerate","Outmaneuver","Prepared"],"picked":"SKIP","floor":20},{"not_picked":["Bouncing Flask","Poisoned Stab"],"picked":"Backstab","floor":21},{"not_picked":["Heel Hook","Setup"],"picked":"Dodge and Roll","floor":24},{"not_picked":["Dodge and Roll","Phantasmal Killer"],"picked":"Crippling Poison","floor":25}],"player_experience":1969021,"relics_obtained":[{"floor":7.0,"key":"Matryoshka"},{"floor":9.0,"key":"Centennial Puzzle"},{"floor":9.0,"key":"Anchor"},{"floor":13,"key":"Mercury Hourglass"},{"floor":25,"key":"Lantern"},{"floor":26,"key":"Bag of Preparation"}],"event_choices":[{"damage_healed":0.0,"max_hp_gain":0.0,"max_hp_loss":0.0,"gold_gain":275.0,"event_name":"Golden Shrine","player_choice":"Desecrate","floor":2.0,"gold_loss":0.0,"damage_taken":0.0,"cards_obtained":["Regret"]},{"cards_removed":["Strike_G"],"damage_healed":0.0,"max_hp_gain":0.0,"max_hp_loss":0.0,"gold_gain":0.0,"event_name":"The Cleric","player_choice":"Card Removal","floor":4.0,"gold_loss":75.0,"damage_taken":0.0},{"damage_healed":0,"gold_gain":0,"player_choice":"Searched \u00270\u0027 times","damage_taken":0,"max_hp_gain":0,"max_hp_loss":0,"event_name":"Dead Adventurer","floor":10,"gold_loss":0},{"damage_healed":0,"gold_gain":0,"player_choice":"Read","damage_taken":0,"max_hp_gain":0,"max_hp_loss":0,"event_name":"The Library","floor":19,"gold_loss":0,"cards_obtained":["Footwork"]},{"cards_removed":["Strike_G"],"damage_healed":0,"gold_gain":0,"player_choice":"Purged","damage_taken":0,"max_hp_gain":0,"max_hp_loss":0,"event_name":"Purifier","floor":22,"gold_loss":0}],"is_beta":false,"boss_relics":[{"not_picked":["White Beast Statue","Runic Dome"],"picked":"Cursed Key"}],"items_purged_floors":[3],"is_endless":false,"potions_floor_spawned":[7,11,16,20,24],"killed_by":"Slavers","ascension_level":20}