{"gold_per_floor":[19,37,48,59,76,76,26,26,26,26,56,76,76,86,86,188,188,113,113,113,113,113,113,113],"floor_reached":24,"playtime":1843,"items_purged":[],"score":202,"play_id":"8408420f-5555-4374-a1a3-549e7c6eb9ea","local_time":"20190912201932","is_ascension_mode":false,"campfire_choices":[{"data":"Vigilance","floor":6,"key":"SMITH"},{"data":"Perseverance","floor":8,"key":"SMITH"},{"data":"Eruption","floor":10,"key":"SMITH"},{"data":"CutThroughFate","floor":13,"key":"SMITH"},{"data":"CrushJoints","floor":15,"key":"SMITH"}],"neow_cost":"NO_GOLD","seed_source_timestamp":352913741859100,"circlet_count":0,"master_deck":["Strike_P","Strike_P","Strike_P","Defend_P","Defend_P","Defend_P","Eruption+1","Vigilance+1","CrushJoints+1","CutThroughFate+1","Perseverance+1","MasterReality","WindmillStrike+1"],"relics":["PureWater","Torii","Molten Egg 2","Bottled Flame","Ectoplasm"],"potions_floor_usage":[5,24,24],"damage_taken":[{"damage":0,"enemies":"Small Slimes","floor":1,"turns":3},{"damage":0,"enemies":"2 Louse","floor":2,"turns":3},{"damage":1,"enemies":"Cultist","floor":3,"turns":4},{"damage":2,"enemies":"Looter","floor":4,"turns":3},{"damage":2,"enemies":"Large Slime","floor":5,"turns":5},{"damage":5,"enemies":"3 Sentries","floor":11,"turns":12},{"damage":2,"enemies":"2 Fungi Beasts","floor":12,"turns":4},{"damage":1,"enemies":"Red Slaver","floor":14,"turns":4},{"damage":35,"enemies":"Slime Boss","floor":16,"turns":5},{"damage":13,"enemies":"2 Thieves","floor":18,"turns":4},{"damage":1,"enemies":"Shell Parasite","floor":21,"turns":3},{"damage":1,"enemies":"Snake Plant","floor":22,"turns":3},{"damage":8,"enemies":"Shelled Parasite and Fungi","floor":23,"turns":3},{"damage":43,"enemies":"Book of Stabbing","floor":24,"turns":4}],"seed_played":"-643444009742112457","potions_obtained":[{"floor":3,"key":"Fire Potion"},{"floor":12,"key":"LiquidBronze"},{"floor":14,"key":"EssenceOfSteel"},{"floor":16,"key":"DuplicationPotion"}],"is_trial":false,"path_per_floor":["M","M","M","M","M","R","?","R","T","R","E","M","R","M","R","B",null,"M","$","?","M","M","M","E"],"character_chosen":"WATCHER","items_purchased":[],"campfire_rested":0,"item_purchase_floors":[],"current_hp_per_floor":[65,65,64,62,60,60,60,60,60,60,55,53,53,52,52,17,65,52,52,52,51,50,42,0],"gold":113,"neow_bonus":"ONE_RARE_RELIC","is_prod":false,"is_daily":false,"chose_seed":false,"campfire_upgraded":5,"win_rate":0.0,"timestamp":1568290772,"path_taken":["M","M","M","M","M","R","?","R","T","R","E","M","R","M","R","BOSS","M","$","?","M","M","M","E"],"build_version":"2019-09-11v2","purchased_purges":0,"victory":false,"max_hp_per_floor":[65,65,65,65,65,65,65,65,65,65,65,65,65,65,65,65,65,65,65,65,65,65,65,65],"card_choices":[{"not_picked":["JustLucky","EmptyBody"],"picked":"CrushJoints","floor":1},{"not_picked":["Establishment","Tantrum"],"picked":"CutThroughFate","floor":2},{"not_picked":["CutThroughFate","DeceiveReality"],"picked":"Perseverance","floor":3},{"not_picked":["Perseverance","Nirvana","FlurryOfBlows"],"picked":"SKIP","floor":4},{"not_picked":["FollowUp","FlyingSleeves","EmptyFist"],"picked":"SKIP","floor":5},{"not_picked":["Blasphemy","FlyingSleeves+1","TalkToTheHand+1"],"picked":"SKIP","floor":11},{"not_picked":["WreathOfFlame","Crescendo","Prostrate"],"picked":"SKIP","floor":12},{"not_picked":["InnerPeace","Weave+1","Prostrate"],"picked":"SKIP","floor":14},{"not_picked":["Judgement","Nirvana"],"picked":"MasterReality","floor":16},{"not_picked":["Consecrate+1","CleanseEvil"],"picked":"WindmillStrike+1","floor":18},{"not_picked":["FearNoEvil+1","Consecrate+1","Perseverance"],"picked":"SKIP","floor":21},{"not_picked":["Prostrate","FlowState","Consecrate+1"],"picked":"SKIP","floor":22},{"not_picked":["Protect","CrushJoints+1","CarveReality+1"],"picked":"SKIP","floor":23}],"player_experience":312062,"relics_obtained":[{"floor":9,"key":"Molten Egg 2"},{"floor":11,"key":"Bottled Flame"}],"event_choices":[{"cards_removed":["Defend_P"],"damage_healed":0,"gold_gain":0,"player_choice":"Card Removal","damage_taken":0,"max_hp_gain":0,"max_hp_loss":0,"event_name":"The Cleric","floor":7,"gold_loss":50},{"cards_removed":["Strike_P"],"damage_healed":0,"gold_gain":0,"player_choice":"Elegance","damage_taken":0,"max_hp_gain":0,"max_hp_loss":0,"event_name":"Back to Basics","floor":20,"gold_loss":0}],"is_beta":true,"boss_relics":[{"not_picked":["Sozu","Black Star"],"picked":"Ectoplasm"}],"items_purged_floors":[],"is_endless":false,"potions_floor_spawned":[3,12,14,16,18,22],"killed_by":"Book of Stabbing","ascension_level":0}