{"gold_per_floor":[117,132,151,161,180,180,208,208,208,178,178],"floor_reached":11,"playtime":597,"items_purged":[],"score":105,"play_id":"0c5cbbd2-d96d-4bb1-825c-b0695942b6a2","local_time":"20190403105257","is_ascension_mode":true,"campfire_choices":[{"floor":6,"key":"REST"},{"floor":8,"key":"REST"}],"neow_cost":"NONE","seed_source_timestamp":388176220806040,"circlet_count":0,"master_deck":["Strike_B","Strike_B","Strike_B","Strike_B","Defend_B","Defend_B","Defend_B","Defend_B","Zap","Dualcast","Amplify","Genetic Algorithm","Sunder","Self Repair","Heatsinks","Genetic Algorithm","Defragment","Leap"],"relics":["Cracked Core","Blood Vial"],"potions_floor_usage":[4,7,11],"damage_taken":[{"damage":1,"enemies":"Cultist","floor":1,"turns":3},{"damage":3,"enemies":"Jaw Worm","floor":2,"turns":5},{"damage":0,"enemies":"Small Slimes","floor":3,"turns":3},{"damage":28,"enemies":"Exordium Thugs","floor":4,"turns":8},{"damage":11,"enemies":"Blue Slaver","floor":5,"turns":4},{"damage":55,"enemies":"3 Sentries","floor":7,"turns":8},{"damage":4,"enemies":"Looter","floor":10,"turns":4},{"damage":25,"enemies":"Gremlin Nob","floor":11,"turns":5}],"seed_played":"-6977956548817191928","potions_obtained":[{"floor":2,"key":"AttackPotion"},{"floor":5,"key":"FocusPotion"},{"floor":7,"key":"Dexterity Potion"}],"is_trial":false,"path_per_floor":["M","M","M","M","M","R","E","R","T","M","E"],"character_chosen":"DEFECT","items_purchased":[],"campfire_rested":2,"item_purchase_floors":[],"current_hp_per_floor":[67,64,64,43,39,61,13,35,35,40,17],"gold":178,"neow_bonus":"ONE_RANDOM_RARE_CARD","is_prod":false,"is_daily":false,"chose_seed":false,"campfire_upgraded":0,"win_rate":0,"timestamp":1554313977,"path_taken":["M","M","M","M","M","R","E","R","T","M","E"],"build_version":"2019-01-23","purchased_purges":0,"victory":false,"max_hp_per_floor":[75,75,75,75,75,75,75,75,75,75,75],"card_choices":[{"not_picked":["Turbo","Gash"],"picked":"Genetic Algorithm","floor":1},{"not_picked":["Force Field","Recycle"],"picked":"Sunder","floor":2},{"not_picked":["Go for the Eyes","Undo"],"picked":"Self Repair","floor":3},{"not_picked":["Lockon","Static Discharge"],"picked":"Heatsinks","floor":4},{"not_picked":["Barrage","Fusion"],"picked":"Genetic Algorithm","floor":5},{"not_picked":["Go for the Eyes","Redo"],"picked":"Defragment","floor":7},{"not_picked":["Barrage","Hologram"],"picked":"Leap","floor":10}],"player_experience":508478,"relics_obtained":[{"floor":7,"key":"Blood Vial"}],"event_choices":[],"is_beta":false,"boss_relics":[],"items_purged_floors":[],"is_endless":false,"potions_floor_spawned":[2,5,7],"killed_by":"Gremlin Nob","ascension_level":8}