{"gold_per_floor":[110,110,110,139,164,176,188,228,267,298,327,353,365,390,402,491,503,525,537,474,502,67,67,85,115,170,201,201,201,201,68,68,142,142,155,0,0,0,13,13,13],"floor_reached":41,"playtime":2015,"items_purged":["Strike_G"],"score":786,"play_id":"7ecd20bf-5fec-4617-961c-0a1c157db4cf","local_time":"20181121121852","is_ascension_mode":true,"campfire_choices":[{"data":"Dodge and Roll","floor":6,"key":"SMITH"},{"data":"Footwork","floor":13,"key":"SMITH"},{"floor":15,"key":"REST"},{"data":"After Image","floor":23,"key":"SMITH"},{"floor":28,"key":"REST"},{"data":"Noxious Fumes","floor":30,"key":"SMITH"},{"floor":32,"key":"REST"},{"data":"Well Laid Plans","floor":40,"key":"SMITH"}],"neow_cost":"NONE","seed_source_timestamp":6489613269565,"circlet_count":0,"master_deck":["AscendersBane","Defend_G","Defend_G","Defend_G","Defend_G","Defend_G","Strike_G","Strike_G","Strike_G","Survivor","Neutralize+1","Deadly Poison","Dodge and Roll+1","Bane","All Out Attack","Footwork+1","Heel Hook","Deadly Poison","Backstab","After Image+1","Well Laid Plans+1","PiercingWail+1","Noxious Fumes+1","Dash","Cloak And Dagger","Blur","Night Terror","PiercingWail","Finesse","After Image+1"],"relics":["Ring of the Snake","MawBank","Happy Flower","Lantern","Philosopher\u0027s Stone","Oddly Smooth Stone","Bag of Preparation","Mummified Hand","Tiny Chest","Boot","Sozu","Red Mask"],"potions_floor_usage":[8,8,24,29,33],"damage_taken":[{"damage":0,"enemies":"2 Louse","floor":1,"turns":4},{"damage":0,"enemies":"Jaw Worm","floor":4,"turns":3},{"damage":0,"enemies":"Small Slimes","floor":5,"turns":3},{"damage":17,"enemies":"Lagavulin","floor":8,"turns":9},{"damage":0,"enemies":"3 Louse","floor":10,"turns":2},{"damage":0,"enemies":"Large Slime","floor":11,"turns":5},{"damage":0,"enemies":"Red Slaver","floor":12,"turns":4},{"damage":6,"enemies":"Blue Slaver","floor":14,"turns":4},{"damage":16,"enemies":"The Guardian","floor":16,"turns":12},{"damage":16,"enemies":"Shell Parasite","floor":18,"turns":6},{"damage":15,"enemies":"3 Byrds","floor":21,"turns":7},{"damage":8,"enemies":"3 Cultists","floor":24,"turns":7},{"damage":4,"enemies":"Slavers","floor":25,"turns":8},{"damage":3,"enemies":"Gremlin Leader","floor":27,"turns":7},{"damage":8,"enemies":"Slavers","floor":29,"turns":3},{"damage":28,"enemies":"Automaton","floor":33,"turns":16},{"damage":1,"enemies":"3 Shapes","floor":35,"turns":5},{"damage":0,"enemies":"Orb Walker","floor":39,"turns":4},{"damage":55,"enemies":"Giant Head","floor":41,"turns":9}],"seed_played":"-6088141943557494953","potions_obtained":[{"floor":4,"key":"GhostInAJar"},{"floor":5,"key":"FearPotion"},{"floor":10,"key":"Dexterity Potion"},{"floor":12,"key":"SteroidPotion"},{"floor":24,"key":"SmokeBomb"},{"floor":33,"key":"LiquidBronze"}],"is_trial":false,"path_per_floor":["M","?","?","M","M","R","?","E","T","M","M","M","R","M","R","B",null,"M","?","?","M","$","R","M","E","T","E","R","E","R","$","R","B",null,"M","?","?","?","M","R","E"],"character_chosen":"THE_SILENT","items_purchased":["Oddly Smooth Stone","Bag of Preparation","Noxious Fumes","Blur","Poison Potion"],"campfire_rested":3,"item_purchase_floors":[22,22,22,31,31],"current_hp_per_floor":[59,59,33,33,33,33,33,16,16,16,16,16,16,10,29,13,53,37,37,37,22,22,22,14,10,10,7,26,18,18,18,37,9,52,51,51,51,51,51,51,0],"gold":13,"neow_bonus":"UPGRADE_CARD","is_prod":false,"is_daily":false,"chose_seed":false,"campfire_upgraded":5,"win_rate":0,"timestamp":1542799132,"path_taken":["M","?","?","?","M","R","?","E","T","M","M","M","R","M","R","BOSS","M","?","?","M","$","R","M","E","T","E","R","E","R","$","R","BOSS","M","?","?","?","?","R","E"],"build_version":"2018-11-15","purchased_purges":1,"victory":false,"max_hp_per_floor":[66,66,66,66,66,66,66,66,66,66,66,66,66,66,66,66,66,66,66,66,66,66,66,66,66,66,66,66,66,66,66,66,66,66,66,66,66,66,66,66,66],"card_choices":[{"not_picked":["Cloak And Dagger","Backstab"],"picked":"Deadly Poison","floor":1},{"not_picked":["Tactician","Accuracy"],"picked":"Dodge and Roll","floor":4},{"not_picked":["Dagger Throw","Acrobatics"],"picked":"Bane","floor":5},{"not_picked":["Quick Slash","Slice"],"picked":"All Out Attack","floor":8},{"not_picked":["Backstab","Reflex"],"picked":"Footwork","floor":10},{"not_picked":["Bane","Deflect"],"picked":"Heel Hook","floor":11},{"not_picked":["Slice","Flying Knee"],"picked":"Deadly Poison","floor":12},{"not_picked":["Dodge and Roll","Cloak And Dagger"],"picked":"Backstab","floor":14},{"not_picked":["Corpse Explosion","Doppelganger"],"picked":"After Image","floor":16},{"not_picked":["Flying Knee","Dagger Throw","Terror"],"picked":"SKIP","floor":18},{"not_picked":["Well Laid Plans","Backflip"],"picked":"PiercingWail+1","floor":21},{"not_picked":["PiercingWail","Accuracy"],"picked":"Dash","floor":24},{"not_picked":["Sucker Punch","Dagger Spray+1"],"picked":"Cloak And Dagger","floor":25},{"not_picked":["Phantasmal Killer","Reflex","Venomology"],"picked":"SKIP","floor":27},{"not_picked":["Grand Finale","Burst"],"picked":"Night Terror","floor":33},{"not_picked":["Masterful Stab","Deflect"],"picked":"PiercingWail","floor":35},{"not_picked":["Bandage Up","Enlightenment"],"picked":"Finesse","floor":37},{"not_picked":["Infinite Blades","Deflect","Outmaneuver"],"picked":"SKIP","floor":39}],"player_experience":850798,"relics_obtained":[{"floor":8,"key":"Happy Flower"},{"floor":9,"key":"Lantern"},{"floor":25,"key":"Mummified Hand"},{"floor":26,"key":"Tiny Chest"},{"floor":27,"key":"Boot"}],"event_choices":[{"damage_healed":0,"gold_gain":0,"player_choice":"Ignored","damage_taken":0,"max_hp_gain":0,"max_hp_loss":0,"event_name":"Golden Wing","floor":2,"gold_loss":0},{"damage_healed":0,"gold_gain":0,"player_choice":"Success","damage_taken":26,"relics_obtained":["MawBank"],"max_hp_gain":0,"max_hp_loss":0,"event_name":"Scrap Ooze","floor":3,"gold_loss":0},{"damage_healed":0,"gold_gain":0,"player_choice":"Ignored","damage_taken":0,"max_hp_gain":0,"max_hp_loss":0,"event_name":"Liars Game","floor":7,"gold_loss":0},{"damage_healed":0,"gold_gain":0,"player_choice":"Read","damage_taken":0,"max_hp_gain":0,"max_hp_loss":0,"event_name":"The Library","floor":19,"gold_loss":0,"cards_obtained":["Well Laid Plans"]},{"cards_removed":["Strike_G"],"damage_healed":0,"gold_gain":0,"player_choice":"Gave Gold","damage_taken":0,"max_hp_gain":0,"max_hp_loss":0,"event_name":"Beggar","floor":20,"gold_loss":75},{"damage_healed":0,"gold_gain":0,"player_choice":"Paid","damage_taken":0,"relics_obtained":["Red Mask"],"max_hp_gain":0,"max_hp_loss":0,"event_name":"Tomb of Lord Red Mask","floor":36,"gold_loss":155},{"damage_healed":0,"gold_gain":0,"player_choice":"Memory 1","damage_taken":0,"max_hp_gain":0,"max_hp_loss":0,"event_name":"SensoryStone","floor":37,"gold_loss":0},{"damage_healed":0,"gold_gain":0,"player_choice":"Copied","damage_taken":0,"max_hp_gain":0,"max_hp_loss":0,"event_name":"Duplicator","floor":38,"gold_loss":0,"cards_obtained":["After Image"]}],"is_beta":true,"boss_relics":[{"not_picked":["Calling Bell","Eternal Feather"],"picked":"Philosopher\u0027s Stone"},{"not_picked":["Lizard Tail","Pandora\u0027s Box"],"picked":"Sozu"}],"items_purged_floors":[22],"is_endless":false,"potions_floor_spawned":[4,5,10,12,24,25,33,35],"killed_by":"Giant Head","ascension_level":15}