{"gold_per_floor":[116,130,140,140,160,160,188,188,188,188,213,15,44,44,44,118,118,135,153,153,153,78,106,106,6,6,22,34,34,34,34],"floor_reached":31,"playtime":1240,"items_purged":["Hyperbeam","Heatsinks"],"score":542,"play_id":"79cf9b3f-6e69-4372-aec9-1cf005db0981","local_time":"20190614165001","is_ascension_mode":true,"campfire_choices":[{"data":"Lockon","floor":6.0,"key":"SMITH"},{"data":"Zap","floor":8.0,"key":"SMITH"},{"floor":10.0,"key":"DIG"},{"data":"Defragment","floor":15.0,"key":"SMITH"},{"floor":24.0,"key":"REST"},{"floor":29,"key":"DIG"}],"neow_cost":"NONE","seed_source_timestamp":0,"circlet_count":0,"master_deck":["AscendersBane","Zap+1","Dualcast","Chill","Lockon+1","Undo","Steam","Ball Lightning","Defragment+1","Capacitor","Glacier","Doom and Gloom","Biased Cognition","Seek","Cold Snap","Undo","Reprogram","Melter","Compile Driver","Capacitor+1","Conserve Battery","Coolheaded","Darkness","Loop","Turbo"],"special_seed":0,"relics":["Cracked Core","Kunai","Shovel","Emotion Chip","Question Card","Torii","Pandora\u0027s Box","PreservedInsect","Orichalcum","Shuriken","Lantern"],"potions_floor_usage":[],"damage_taken":[{"damage":1.0,"enemies":"Cultist","floor":1.0,"turns":3.0},{"damage":0.0,"enemies":"Small Slimes","floor":2.0,"turns":3.0},{"damage":2.0,"enemies":"2 Louse","floor":3.0,"turns":3.0},{"damage":3.0,"enemies":"Exordium Wildlife","floor":5.0,"turns":5.0},{"damage":35.0,"enemies":"3 Sentries","floor":7.0,"turns":13.0},{"damage":8.0,"enemies":"Gremlin Nob","floor":11.0,"turns":3.0},{"damage":5.0,"enemies":"3 Sentries","floor":13.0,"turns":7.0},{"damage":1.0,"enemies":"Hexaghost","floor":16.0,"turns":8.0},{"damage":1.0,"enemies":"Chosen","floor":18.0,"turns":6.0},{"damage":1.0,"enemies":"Spheric Guardian","floor":19.0,"turns":4.0},{"damage":44.0,"enemies":"Gremlin Leader","floor":23.0,"turns":8.0},{"damage":0.0,"enemies":"Centurion and Healer","floor":27.0,"turns":10.0},{"damage":7,"enemies":"Cultist and Chosen","floor":28,"turns":8},{"damage":26,"enemies":"Colosseum Slavers","floor":30,"turns":6},{"damage":0,"enemies":"Masked Bandits","floor":31,"turns":2}],"seed_played":"6338073461013796346","potions_obtained":[{"floor":3.0,"key":"PowerPotion"},{"floor":11.0,"key":"EntropicBrew"},{"floor":13.0,"key":"Energy Potion"},{"floor":16.0,"key":"Strength Potion"},{"floor":28,"key":"SkillPotion"}],"is_trial":false,"path_per_floor":["M","M","M","?","M","R","E","R","T","R","E","$","E","$","R","B",null,"M","M","?","T","$","E","R","$","T","M","M","R","?","?"],"character_chosen":"DEFECT","items_purchased":["Capacitor","Glacier","Doom and Gloom"],"campfire_rested":1,"item_purchase_floors":[12,12,12],"current_hp_per_floor":[70,70,68,68,65,65,30,30,30,30,22,22,17,17,17,16,63,62,61,61,61,61,17,40,40,40,40,33,33,7,7],"gold":34,"neow_bonus":"TEN_PERCENT_HP_BONUS","is_prod":false,"is_daily":false,"chose_seed":false,"campfire_upgraded":3,"win_rate":0,"timestamp":1560523801,"path_taken":["M","?","M","?","M","R","E","R","T","R","E","$","E","?","R","BOSS","M","M","?","?","$","E","R","$","T","?","M","R","?","?"],"build_version":"2019-01-23","purchased_purges":2,"victory":false,"max_hp_per_floor":[78,78,78,78,78,78,78,78,78,78,78,78,78,78,78,78,78,78,78,78,78,78,78,78,78,78,78,78,78,78,78],"card_choices":[{"not_picked":["Steam","Beam Cell"],"picked":"Chill","floor":1.0},{"not_picked":["Steam","Redo"],"picked":"Lockon","floor":2.0},{"not_picked":["Streamline","Leap"],"picked":"Undo","floor":3.0},{"not_picked":["Aggregate","Consume","Leap"],"picked":"SKIP","floor":5.0},{"not_picked":["Double Energy","Conserve Battery"],"picked":"Ball Lightning","floor":7.0},{"not_picked":["Blizzard","Steam"],"picked":"Defragment","floor":11.0},{"not_picked":["Gash","Fusion","Streamline"],"picked":"Biased Cognition","floor":13.0},{"not_picked":["Biased Cognition","Multi-Cast","Thunder Strike"],"picked":"Seek","floor":16.0},{"not_picked":["Reprogram","Compile Driver","Hologram"],"picked":"Capacitor+1","floor":18.0},{"not_picked":["Cold Snap+1","Stack","Recycle+1"],"picked":"Conserve Battery","floor":19.0},{"not_picked":["Steam","Hologram","Static Discharge+1"],"picked":"Darkness","floor":23.0},{"not_picked":["Cold Snap","Conserve Battery","FTL"],"picked":"Loop","floor":27.0},{"not_picked":["Redo","Auto Shields","Sweeping Beam"],"picked":"Turbo","floor":28}],"player_experience":1736257,"relics_obtained":[{"floor":7.0,"key":"Kunai"},{"floor":9.0,"key":"Shovel"},{"floor":10.0,"key":"Emotion Chip"},{"floor":11.0,"key":"Question Card"},{"floor":13.0,"key":"Torii"},{"floor":21.0,"key":"PreservedInsect"},{"floor":23.0,"key":"Orichalcum"},{"floor":26.0,"key":"Shuriken"},{"floor":29,"key":"Lantern"}],"event_choices":[{"damage_healed":0.0,"max_hp_gain":0.0,"max_hp_loss":0.0,"gold_gain":0.0,"cards_transformed":["Strike_B"],"event_name":"Transmorgrifier","player_choice":"Transformed","floor":4.0,"gold_loss":0.0,"damage_taken":0.0,"cards_obtained":["Steam"]},{"damage_healed":0.0,"max_hp_gain":0.0,"max_hp_loss":0.0,"gold_gain":0.0,"event_name":"The Library","player_choice":"Read","floor":20.0,"gold_loss":0.0,"damage_taken":0.0,"cards_obtained":["Coolheaded"]},{"damage_healed":0,"gold_gain":0,"player_choice":"Fight","damage_taken":0,"max_hp_gain":0,"max_hp_loss":0,"event_name":"Colosseum","floor":30,"gold_loss":0},{"damage_healed":0,"gold_gain":0,"player_choice":"Fled From Nobs","damage_taken":0,"max_hp_gain":0,"max_hp_loss":0,"event_name":"Colosseum","floor":30,"gold_loss":0},{"damage_healed":0,"gold_gain":0,"player_choice":"Fought Bandits","damage_taken":0,"max_hp_gain":0,"max_hp_loss":0,"event_name":"Masked Bandits","floor":31,"gold_loss":0}],"is_beta":false,"boss_relics":[{"not_picked":["Runic Dome","Tiny House"],"picked":"Pandora\u0027s Box"}],"items_purged_floors":[22,25],"is_endless":false,"potions_floor_spawned":[3,11,13,16,18,23,27,28],"killed_by":"Masked Bandits","ascension_level":20}