{"gold_per_floor":[367,202,202,23,43,71,71,88,113,113,127,145,172,185,185,262,262,274,274,290,28,28,28,53,53,53,80,94,54,71,71,71,146,146,166,166,441,47,67,67,95,95,95,95,129,141,151,168,168,168,168,168,168,84,84],"floor_reached":55,"playtime":4172,"items_purged":["Doubt","Pain","Strike_G","Regret"],"score":2254,"play_id":"42bc51d3-0d4e-410e-9e35-33f1c563cbf8","local_time":"20190303191539","is_ascension_mode":true,"campfire_choices":[{"data":"Deadly Poison","floor":7,"key":"SMITH"},{"floor":10,"key":"REST"},{"data":"Noxious Fumes","floor":15,"key":"SMITH"},{"data":"Footwork","floor":23,"key":"SMITH"},{"floor":32,"key":"REST"},{"data":"Footwork","floor":40,"key":"SMITH"},{"floor":42,"key":"REST"},{"data":"Footwork","floor":44,"key":"SMITH"},{"floor":49,"key":"RECALL"},{"data":"Wraith Form v2","floor":53,"key":"SMITH"}],"neow_cost":"CURSE","seed_source_timestamp":21927071111097,"circlet_count":0,"master_deck":["AscendersBane","Defend_G","Defend_G","Defend_G","Defend_G","Defend_G","Strike_G","Strike_G","Strike_G","Survivor","Neutralize","Deadly Poison+1","Well Laid Plans","Footwork+1","PiercingWail","Footwork+1","Backflip","Poisoned Stab","Noxious Fumes+1","Backstab","Adrenaline","Prepared+1","Backflip","Well Laid Plans","Dodge and Roll","Tactician","Dodge and Roll+1","PiercingWail+1","Reflex+1","Escape Plan+1","Corpse Explosion","Underhanded Strike","Deadly Poison","Footwork+1","Wraith Form v2+1","Reflex+1","Reflex","Tactician+1","Prepared+1","Noxious Fumes"],"relics":["Ring of the Snake","WarpedTongs","Potion Belt","Orichalcum","Dodecahedron","Black Star","Mercury Hourglass","Prayer Wheel","Tingsha","Bag of Marbles","Calipers","Tough Bandages","HoveringKite","Snake Skull","Shovel","Mummified Hand","Regal Pillow","Du-Vu Doll"],"potions_floor_usage":[6,13,24,24,27,27,27,31,33,55,55],"damage_taken":[{"damage":13,"enemies":"Jaw Worm","floor":1,"turns":10},{"damage":0,"enemies":"Cultist","floor":5,"turns":4},{"damage":23,"enemies":"3 Sentries","floor":6,"turns":15},{"damage":12,"enemies":"Small Slimes","floor":8,"turns":4},{"damage":4,"enemies":"Red Slaver","floor":11,"turns":5},{"damage":0,"enemies":"Looter","floor":12,"turns":4},{"damage":17,"enemies":"Gremlin Nob","floor":13,"turns":4},{"damage":4,"enemies":"Gremlin Gang","floor":14,"turns":5},{"damage":0,"enemies":"Hexaghost","floor":16,"turns":10},{"damage":3,"enemies":"Chosen","floor":18,"turns":5},{"damage":10,"enemies":"Shell Parasite","floor":20,"turns":6},{"damage":41,"enemies":"Gremlin Leader","floor":24,"turns":8},{"damage":0,"enemies":"Book of Stabbing","floor":27,"turns":7},{"damage":0,"enemies":"Snake Plant","floor":28,"turns":4},{"damage":0,"enemies":"Sentry and Sphere","floor":30,"turns":5},{"damage":0,"enemies":"Centurion and Healer","floor":31,"turns":1},{"damage":0,"enemies":"Automaton","floor":33,"turns":11},{"damage":0,"enemies":"3 Shapes","floor":35,"turns":4},{"damage":0,"enemies":"3 Darklings","floor":39,"turns":4},{"damage":51,"enemies":"Reptomancer","floor":41,"turns":8},{"damage":0,"enemies":"Nemesis","floor":45,"turns":9},{"damage":0,"enemies":"Writhing Mass","floor":46,"turns":7},{"damage":0,"enemies":"Maw","floor":47,"turns":8},{"damage":2,"enemies":"Transient","floor":48,"turns":6},{"damage":5,"enemies":"Donu and Deca","floor":50,"turns":10},{"damage":18,"enemies":"Time Eater","floor":51,"turns":16},{"damage":52,"enemies":"Shield and Spear","floor":55,"turns":5}],"seed_played":"1662682981039271224","potions_obtained":[{"floor":1,"key":"Regen Potion"},{"floor":8,"key":"Dexterity Potion"},{"floor":13,"key":"Swift Potion"},{"floor":14,"key":"SteroidPotion"},{"floor":16,"key":"Swift Potion"},{"floor":24,"key":"Energy Potion"},{"floor":28,"key":"SkillPotion"},{"floor":29,"key":"SmokeBomb"},{"floor":29,"key":"GamblersBrew"},{"floor":29,"key":"Poison Potion"},{"floor":33,"key":"FairyPotion"},{"floor":35,"key":"Block Potion"}],"is_trial":false,"path_per_floor":["M","$","?","$","M","E","R","M","T","R","M","M","E","M","R","B",null,"M","?","M","$","T","R","E","$","T","E","M","?","M","M","R","B",null,"M","?","?","$","M","R","E","R","T","R","E","M","M","M","R","B","B",null,"R","$","E"],"character_chosen":"THE_SILENT","items_purchased":["Well Laid Plans","Fire Potion","Footwork","Backflip","Well Laid Plans","Snake Skull","Footwork","Noxious Fumes"],"campfire_rested":3,"item_purchase_floors":[2,2,4,21,21,38,38,54],"current_hp_per_floor":[46,46,46,46,46,38,38,26,26,45,41,41,24,20,20,20,55,52,52,42,42,42,42,1,1,1,1,1,1,1,1,20,20,55,55,55,55,55,55,55,4,23,23,23,23,23,23,21,21,16,6,51,51,51,0],"gold":84,"neow_bonus":"TWO_FIFTY_GOLD","is_prod":false,"is_daily":false,"chose_seed":false,"campfire_upgraded":6,"win_rate":0,"timestamp":1551636939,"path_taken":["M","$","?","$","M","E","R","M","T","R","M","M","E","?","R","BOSS","M","?","?","$","?","R","E","$","T","E","?","?","?","M","R","BOSS","M","?","?","$","M","R","E","R","T","R","E","?","M","M","R","BOSS","BOSS","R","$","E"],"build_version":"2019-01-23","purchased_purges":4,"victory":false,"max_hp_per_floor":[66,66,66,66,66,66,66,66,66,66,66,66,66,66,66,66,66,66,66,66,66,66,66,66,66,66,66,66,66,66,66,66,66,66,66,66,66,66,66,66,66,66,66,66,66,66,66,66,66,66,66,66,66,66,66],"card_choices":[{"not_picked":["Backflip","Heel Hook"],"picked":"Deadly Poison","floor":1},{"not_picked":["Dodge and Roll","Heel Hook"],"picked":"PiercingWail","floor":5},{"not_picked":["Dagger Throw","Flying Knee"],"picked":"Footwork","floor":6},{"not_picked":["Deflect","Endless Agony"],"picked":"Backflip","floor":8},{"not_picked":["Expertise","Underhanded Strike"],"picked":"Poisoned Stab","floor":11},{"not_picked":["Cloak And Dagger","Calculated Gamble","Dagger Spray"],"picked":"SKIP","floor":12},{"not_picked":["Poisoned Stab","Quick Slash"],"picked":"Noxious Fumes","floor":13},{"not_picked":["Setup","Phantasmal Killer"],"picked":"Backstab","floor":14},{"not_picked":["Doppelganger","Bullet Time"],"picked":"Adrenaline","floor":16},{"not_picked":["Sucker Punch","Flying Knee","Outmaneuver"],"picked":"SKIP","floor":18},{"not_picked":["Flechettes","Deadly Poison"],"picked":"Prepared+1","floor":20},{"not_picked":["Blade Dance","Terror"],"picked":"Dodge and Roll","floor":24},{"not_picked":["Backstab","Cloak And Dagger"],"picked":"Tactician","floor":27},{"not_picked":["Slice","Terror"],"picked":"Dodge and Roll+1","floor":28},{"not_picked":["Blade Dance","After Image"],"picked":"PiercingWail+1","floor":28},{"not_picked":["Cloak And Dagger+1","Venomology"],"picked":"Reflex+1","floor":30},{"not_picked":["Heel Hook","Outmaneuver"],"picked":"Escape Plan+1","floor":30},{"not_picked":["Burst","After Image"],"picked":"Corpse Explosion","floor":33},{"not_picked":["Skewer","Blade Dance"],"picked":"Underhanded Strike","floor":35},{"not_picked":["PiercingWail","Slice"],"picked":"Deadly Poison","floor":35},{"not_picked":["Accuracy+1","Blade Dance","Flying Knee"],"picked":"SKIP","floor":39},{"not_picked":["PiercingWail","Envenom","Flechettes"],"picked":"SKIP","floor":39},{"not_picked":["Deflect","Bane+1","Dagger Spray"],"picked":"SKIP","floor":41},{"not_picked":["Dagger Spray","Heel Hook","Wraith Form v2"],"picked":"SKIP","floor":45},{"not_picked":["Dagger Spray","Heel Hook"],"picked":"Wraith Form v2","floor":45},{"not_picked":["Skewer","Flying Knee"],"picked":"Reflex+1","floor":46},{"not_picked":["Flying Knee+1","All Out Attack"],"picked":"Reflex","floor":46},{"not_picked":["Flying Knee","Outmaneuver","Slice"],"picked":"SKIP","floor":47},{"not_picked":["Flying Knee","Underhanded Strike+1","Dagger Spray"],"picked":"SKIP","floor":47},{"not_picked":["Predator","Bane"],"picked":"Tactician+1","floor":48},{"not_picked":["Flying Knee","Venomology","Prepared+1"],"picked":"SKIP","floor":48},{"not_picked":["Flying Knee","Venomology"],"picked":"Prepared+1","floor":48}],"player_experience":1360865,"relics_obtained":[{"floor":6,"key":"Potion Belt"},{"floor":9,"key":"Orichalcum"},{"floor":13,"key":"Dodecahedron"},{"floor":22,"key":"Mercury Hourglass"},{"floor":24,"key":"Prayer Wheel"},{"floor":24,"key":"Tingsha"},{"floor":26,"key":"Bag of Marbles"},{"floor":27,"key":"Calipers"},{"floor":27,"key":"Tough Bandages"},{"floor":41,"key":"Shovel"},{"floor":41,"key":"Mummified Hand"},{"floor":45,"key":"Regal Pillow"},{"floor":45,"key":"Du-Vu Doll"}],"event_choices":[{"damage_healed":0,"gold_gain":0,"player_choice":"Rummage","damage_taken":0,"relics_obtained":["WarpedTongs"],"max_hp_gain":0,"max_hp_loss":0,"event_name":"Accursed Blacksmith","floor":3,"gold_loss":0,"cards_obtained":["Pain"]},{"cards_removed":["Strike_G"],"damage_healed":0,"gold_gain":0,"player_choice":"Purged","damage_taken":0,"max_hp_gain":0,"max_hp_loss":0,"event_name":"Purifier","floor":19,"gold_loss":0},{"damage_healed":0,"gold_gain":0,"player_choice":"Bought 3 Potions","damage_taken":0,"max_hp_gain":0,"max_hp_loss":0,"event_name":"The Woman in Blue","floor":29,"gold_loss":0},{"damage_healed":0,"gold_gain":0,"player_choice":"Ignored","damage_taken":0,"max_hp_gain":0,"max_hp_loss":0,"event_name":"Tomb of Lord Red Mask","floor":36,"gold_loss":0},{"damage_healed":0,"gold_gain":275,"player_choice":"Desecrate","damage_taken":0,"max_hp_gain":0,"max_hp_loss":0,"event_name":"Golden Shrine","floor":37,"gold_loss":0,"cards_obtained":["Regret"]}],"is_beta":false,"boss_relics":[{"not_picked":["Pandora\u0027s Box","Tiny House"],"picked":"Black Star"},{"not_picked":["Orrery","Lizard Tail"],"picked":"HoveringKite"}],"items_purged_floors":[2,4,21,38],"is_endless":false,"potions_floor_spawned":[1,8,13,14,16,24,28,30,33,35,39,41],"killed_by":"Shield and Spear","ascension_level":20}