{"gold_per_floor":[112,262,102,119,119,119,134,263,263,263,263,296,196,214,214,288,288,302,302,302,85,95,95,124,141,213,41,74,74],"floor_reached":29,"playtime":3239,"items_purged":["Doubt","Strike_G","Phantasmal Killer"],"score":538,"play_id":"9f6f0741-ebd4-4e54-9af3-e943bb3ec80a","local_time":"20190306213453","is_ascension_mode":true,"campfire_choices":[{"data":"Crippling Poison","floor":6,"key":"SMITH"},{"floor":10,"key":"REST"},{"floor":15,"key":"REST"},{"data":"Noxious Fumes","floor":23,"key":"SMITH"}],"neow_cost":"NONE","seed_source_timestamp":34719976246973,"circlet_count":0,"master_deck":["AscendersBane","Survivor","Neutralize","Crippling Poison+1","Well Laid Plans","Deadly Poison","Dash","Deadly Poison","Dodge and Roll","Die Die Die","Storm of Steel","Bouncing Flask","Caltrops","Riddle With Holes","Tools of the Trade","Cloak And Dagger","Poisoned Stab","Deflect","Crippling Poison","Noxious Fumes+1","Endless Agony","Dodge and Roll","infinitespire:Neurotoxin"],"relics":["Ring of the Snake","NeowsBlessing","Potion Belt","Blue Candle","Anchor","Pandora\u0027s Box","Strawberry","Pantograph","Letter Opener","Bag of Preparation","hubris:AncientText"],"potions_floor_usage":[8,16,24,24,25,25,28,28,28,28],"damage_taken":[{"damage":0,"enemies":"2 Louse","floor":1,"turns":1},{"damage":0,"enemies":"Cultist","floor":4,"turns":1},{"damage":0,"enemies":"Small Slimes","floor":7,"turns":1},{"damage":40,"enemies":"Gremlin Nob","floor":8,"turns":6},{"damage":33,"enemies":"3 Sentries","floor":12,"turns":14},{"damage":8,"enemies":"Exordium Thugs","floor":14,"turns":4},{"damage":20,"enemies":"Hexaghost","floor":16,"turns":11},{"damage":8,"enemies":"3 Byrds","floor":18,"turns":2},{"damage":13,"enemies":"Shell Parasite","floor":22,"turns":5},{"damage":21,"enemies":"Gremlin Leader","floor":24,"turns":7},{"damage":13,"enemies":"Cultist and Chosen","floor":25,"turns":5},{"damage":1,"enemies":"Book of Stabbing","floor":28,"turns":4},{"damage":6,"enemies":"Shelled Parasite and Fungi","floor":29,"turns":2}],"seed_played":"-8361467438648319218","potions_obtained":[{"floor":4,"key":"SkillPotion"},{"floor":8,"key":"FearPotion"},{"floor":12,"key":"Block Potion"},{"floor":16,"key":"Explosive Potion"},{"floor":18,"key":"Dexterity Potion"},{"floor":20,"key":"EntropicBrew"},{"floor":20,"key":"PowerPotion"}],"is_trial":false,"path_per_floor":["M","?","$","M","?","R","M","E","T","R","?","E","$","M","R","B",null,"M","?","?","$","M","R","E","M","T","$","E","M"],"character_chosen":"THE_SILENT","items_purchased":["Well Laid Plans","Crippling Poison","Strawberry","Bag of Preparation"],"campfire_rested":2,"item_purchase_floors":[3,21,21,27],"current_hp_per_floor":[59,59,59,59,59,59,59,19,19,38,43,10,10,2,21,1,50,42,42,42,49,36,36,15,2,2,2,1,0],"gold":74,"neow_bonus":"THREE_ENEMY_KILL","is_prod":false,"is_daily":false,"chose_seed":false,"campfire_upgraded":2,"win_rate":0,"timestamp":1551904493,"path_taken":["M","?","$","M","?","R","?","E","T","R","?","E","$","M","R","BOSS","M","?","?","$","?","R","E","M","T","$","E","M"],"build_version":"2019-01-23","purchased_purges":3,"victory":false,"max_hp_per_floor":[66,66,66,66,66,66,66,66,66,66,66,66,66,66,66,66,66,66,66,66,73,73,73,73,73,73,73,73,73],"card_choices":[{"not_picked":["Dagger Spray","Concentrate"],"picked":"Crippling Poison","floor":1},{"not_picked":["Skewer","Deflect"],"picked":"Deadly Poison","floor":4},{"not_picked":["Masterful Stab","Calculated Gamble"],"picked":"Dash","floor":7},{"not_picked":["Slice","Terror","Cloak And Dagger"],"picked":"SKIP","floor":8},{"not_picked":["Die Die Die","Cloak And Dagger"],"picked":"Deadly Poison","floor":12},{"not_picked":["Skewer","Outmaneuver"],"picked":"Dodge and Roll","floor":14},{"not_picked":["Night Terror","Phantasmal Killer"],"picked":"Die Die Die","floor":16},{"not_picked":["Poisoned Stab","hubris:SlightOfHand"],"picked":"Deflect","floor":18},{"not_picked":["Deadly Poison","Tactician+1"],"picked":"Noxious Fumes","floor":22},{"not_picked":["Reflex","Envenom"],"picked":"Endless Agony","floor":24},{"not_picked":["Dagger Throw","Caltrops"],"picked":"Dodge and Roll","floor":25},{"not_picked":["Infinite Blades","PiercingWail"],"picked":"infinitespire:Neurotoxin","floor":28}],"player_experience":1377634,"relics_obtained":[{"floor":8,"key":"Potion Belt"},{"floor":9,"key":"Blue Candle"},{"floor":12,"key":"Anchor"},{"floor":24,"key":"Pantograph"},{"floor":26,"key":"Letter Opener"},{"floor":28,"key":"hubris:AncientText"}],"event_choices":[{"damage_healed":0,"gold_gain":150,"player_choice":"AGREE","damage_taken":0,"max_hp_gain":0,"max_hp_loss":0,"event_name":"Liars Game","floor":2,"gold_loss":0,"cards_obtained":["Doubt"]},{"damage_healed":0,"gold_gain":0,"cards_transformed":["Strike_G"],"player_choice":"Transformed","damage_taken":0,"max_hp_gain":0,"max_hp_loss":0,"event_name":"Transmorgrifier","floor":5,"gold_loss":0,"cards_obtained":["Underhanded Strike"]},{"cards_removed":["Underhanded Strike"],"damage_healed":5,"gold_gain":0,"player_choice":"Offered Common","damage_taken":0,"max_hp_gain":0,"max_hp_loss":0,"event_name":"Bonfire Elementals","floor":11,"gold_loss":0},{"cards_removed":["Underhanded Strike"],"damage_healed":5,"gold_gain":0,"player_choice":"Offered Special","damage_taken":0,"max_hp_gain":0,"max_hp_loss":0,"event_name":"Bonfire Elementals","floor":11,"gold_loss":0},{"damage_healed":0,"gold_gain":0,"player_choice":"Ignored","damage_taken":0,"max_hp_gain":0,"max_hp_loss":0,"event_name":"Vampires","floor":19,"gold_loss":0},{"damage_healed":0,"gold_gain":0,"player_choice":"Got Potions","damage_taken":0,"max_hp_gain":0,"max_hp_loss":0,"event_name":"Lab","floor":20,"gold_loss":0}],"is_beta":false,"boss_relics":[{"not_picked":["Tiny House","Fusion Hammer"],"picked":"Pandora\u0027s Box"}],"items_purged_floors":[3,13,21],"is_endless":false,"potions_floor_spawned":[4,8,12,16,18,22,25],"killed_by":"Shelled Parasite and Fungi","ascension_level":20}