{"gold_per_floor":[109,109,56,67,80,110,110,139,139,139,159,159,184,109,109,184,184,195,59,75,75,75,75,75],"floor_reached":24,"playtime":729,"items_purged":[],"score":424,"play_id":"0220f885-5df0-4020-b865-2cce8170d4a4","local_time":"20190413191508","is_ascension_mode":true,"campfire_choices":[{"data":"Bash","floor":7.0,"key":"SMITH"},{"floor":12.0,"key":"REST"},{"data":"Spot Weakness","floor":15.0,"key":"SMITH"},{"data":"Corruption","floor":23,"key":"SMITH"}],"neow_cost":"NONE","seed_source_timestamp":6436453807602,"circlet_count":0,"master_deck":["AscendersBane","Strike_R","Strike_R","Defend_R","Defend_R","Defend_R","Defend_R","Bash+1","Rampage","Spot Weakness+1","Thunderclap","Combust","Shrug It Off","Sword Boomerang","Warcry","Reaper","Evolve","Corruption+1","Shrug It Off","Infernal Blade+1"],"special_seed":0,"relics":["Burning Blood","Happy Flower","Question Card","Shuriken","Meat on the Bone","Incense Burner","Cursed Key"],"potions_floor_usage":[16,16,24],"damage_taken":[{"damage":9.0,"enemies":"Jaw Worm","floor":1.0,"turns":5.0},{"damage":1.0,"enemies":"Cultist","floor":4.0,"turns":3.0},{"damage":9.0,"enemies":"2 Louse","floor":5.0,"turns":3.0},{"damage":32.0,"enemies":"Gremlin Nob","floor":6.0,"turns":4.0},{"damage":30.0,"enemies":"Lagavulin","floor":8.0,"turns":6.0},{"damage":8.0,"enemies":"2 Fungi Beasts","floor":11.0,"turns":5.0},{"damage":22.0,"enemies":"3 Sentries","floor":13.0,"turns":6.0},{"damage":31,"enemies":"Hexaghost","floor":16,"turns":6},{"damage":36,"enemies":"3 Byrds","floor":18,"turns":5},{"damage":36,"enemies":"Chosen","floor":20,"turns":7},{"damage":60,"enemies":"Gremlin Leader","floor":24,"turns":5}],"seed_played":"-2167308037793660977","potions_obtained":[{"floor":1.0,"key":"Block Potion"},{"floor":11.0,"key":"Strength Potion"},{"floor":13.0,"key":"Strength Potion"},{"floor":16,"key":"Regen Potion"},{"floor":18,"key":"Energy Potion"},{"floor":22,"key":"PowerPotion"}],"is_trial":false,"path_per_floor":["M","?","$","M","M","E","R","E","T","?","M","R","E","?","R","B",null,"M","$","M","?","?","R","E"],"character_chosen":"IRONCLAD","items_purchased":["AttackPotion","Corruption","Shrug It Off"],"campfire_rested":1,"item_purchase_floors":[3,19,19],"current_hp_per_floor":[65,65,65,70,67,41,41,17,17,10,20,42,38,38,38,25,63,54,54,39,39,39,39,0],"gold":75,"neow_bonus":"RANDOM_COMMON_RELIC","is_prod":false,"is_daily":false,"chose_seed":false,"campfire_upgraded":3,"win_rate":0,"timestamp":1555175708,"path_taken":["M","?","?","M","M","E","R","E","T","?","M","R","E","?","R","BOSS","M","$","M","?","?","R","E"],"build_version":"2019-01-23","purchased_purges":0,"victory":false,"max_hp_per_floor":[75,75,75,75,75,75,75,75,75,75,75,75,75,75,75,75,75,75,75,75,75,75,75,75],"card_choices":[{"not_picked":["True Grit","Twin Strike"],"picked":"Rampage","floor":1.0},{"not_picked":["Carnage","Bloodletting"],"picked":"Spot Weakness","floor":4.0},{"not_picked":["Searing Blow","Dropkick"],"picked":"Thunderclap","floor":5.0},{"not_picked":["Warcry","Headbutt"],"picked":"Combust","floor":6.0},{"not_picked":["Combust","Dual Wield","Searing Blow"],"picked":"Shrug It Off","floor":8.0},{"not_picked":["Perfected Strike","Evolve","Hemokinesis"],"picked":"Sword Boomerang","floor":11.0},{"not_picked":["Pommel Strike","Brutality","Sever Soul"],"picked":"Warcry","floor":13.0},{"not_picked":["Fiend Fire","Exhume","Brutality"],"picked":"Reaper","floor":16},{"not_picked":["Havoc","Flex","Iron Wave"],"picked":"Evolve","floor":18},{"not_picked":["Iron Wave","Searing Blow","Wild Strike"],"picked":"Infernal Blade+1","floor":20}],"player_experience":1593907,"relics_obtained":[{"floor":6.0,"key":"Question Card"},{"floor":8.0,"key":"Shuriken"},{"floor":9.0,"key":"Meat on the Bone"},{"floor":13.0,"key":"Incense Burner"}],"event_choices":[{"cards_removed":["Strike_R"],"damage_healed":0.0,"max_hp_gain":0.0,"max_hp_loss":0.0,"gold_gain":0.0,"event_name":"Purifier","player_choice":"Purged","floor":2.0,"gold_loss":0.0,"damage_taken":0.0},{"cards_removed":["Strike_R"],"damage_healed":0.0,"max_hp_gain":0.0,"max_hp_loss":0.0,"gold_gain":0.0,"event_name":"Golden Wing","player_choice":"Card Removal","floor":10.0,"gold_loss":0.0,"damage_taken":7.0},{"cards_removed":["Strike_R"],"damage_healed":0.0,"max_hp_gain":0.0,"max_hp_loss":0.0,"gold_gain":0.0,"event_name":"The Cleric","player_choice":"Card Removal","floor":14.0,"gold_loss":75.0,"damage_taken":0.0},{"damage_healed":0,"gold_gain":0,"player_choice":"Got Potions","damage_taken":0,"max_hp_gain":0,"max_hp_loss":0,"event_name":"Lab","floor":22,"gold_loss":0}],"is_beta":false,"boss_relics":[{"not_picked":["Calling Bell","Tiny House"],"picked":"Cursed Key"}],"items_purged_floors":[],"is_endless":false,"potions_floor_spawned":[1,11,13,16,18],"killed_by":"Gremlin Leader","ascension_level":20}