{"gold_per_floor":[119,119,194,212,212,267,45,59,83,83,99,127,127,177,177,250,250,268,118,134,149,149,182,182,193,193,217,247,247,277,288,288,361,361,378,33,33,45,45,73,73,89,89,14,49,67,67],"floor_reached":47,"playtime":1565,"items_purged":["Strike_B"],"score":1202,"play_id":"1190cc43-acf6-41aa-a8b4-993141e978a2","local_time":"20190211190515","is_ascension_mode":true,"campfire_choices":[{"data":"Defragment","floor":13.0,"key":"SMITH"},{"data":"Electrodynamics","floor":15.0,"key":"SMITH"},{"floor":24.0,"key":"REST"},{"floor":29.0,"key":"REST"},{"floor":32.0,"key":"REST"},{"data":"Defragment","floor":41.0,"key":"SMITH"}],"neow_cost":"NONE","seed_source_timestamp":0,"circlet_count":0,"master_deck":["AscendersBane","Strike_B+1","Defend_B","Defend_B","Defend_B","Defend_B","Zap+1","Dualcast+1","Conserve Battery+1","Rebound","Hyperbeam","Ball Lightning","Defragment+1","Glacier","Electrodynamics+1","Echo Form","Coolheaded","Defragment+1","Loop","Capacitor","Ball Lightning+1","Consume","White Noise+1","Capacitor+1","Coolheaded+1","Thunder Strike+1","Normality","Darkness","Seek","Clumsy","Storm","Coolheaded","Parasite","Creative AI"],"special_seed":0,"relics":["Cracked Core","NeowsBlessing","Tiny Chest","PreservedInsect","Bag of Preparation","Molten Egg 2","Snecko Eye","Boot","Dodecahedron","Dream Catcher","War Paint","Incense Burner","Cursed Key","Bird Faced Urn","Calipers","Anchor","Unceasing Top"],"potions_floor_usage":[46],"damage_taken":[{"damage":0.0,"enemies":"Small Slimes","floor":1.0,"turns":1.0},{"damage":0.0,"enemies":"Jaw Worm","floor":4.0,"turns":1.0},{"damage":0.0,"enemies":"Lagavulin","floor":6.0,"turns":1.0},{"damage":0.0,"enemies":"Cultist","floor":8.0,"turns":3.0},{"damage":0.0,"enemies":"2 Fungi Beasts","floor":11.0,"turns":2.0},{"damage":0.0,"enemies":"3 Sentries","floor":12.0,"turns":2.0},{"damage":7.0,"enemies":"Slime Boss","floor":16.0,"turns":6.0},{"damage":0.0,"enemies":"Spheric Guardian","floor":18.0,"turns":1.0},{"damage":13.0,"enemies":"Chosen","floor":20.0,"turns":4.0},{"damage":0.0,"enemies":"Sentry and Sphere","floor":21.0,"turns":4.0},{"damage":30.0,"enemies":"Book of Stabbing","floor":23.0,"turns":4.0},{"damage":19.0,"enemies":"Snake Plant","floor":25.0,"turns":7.0},{"damage":15.0,"enemies":"Slavers","floor":28.0,"turns":2.0},{"damage":10.0,"enemies":"Book of Stabbing","floor":30.0,"turns":3.0},{"damage":0.0,"enemies":"Snecko","floor":31.0,"turns":4.0},{"damage":3.0,"enemies":"Champ","floor":33.0,"turns":8.0},{"damage":11.0,"enemies":"Orb Walker","floor":35.0,"turns":2.0},{"damage":0.0,"enemies":"3 Shapes","floor":38.0,"turns":3.0},{"damage":37.0,"enemies":"Giant Head","floor":40.0,"turns":8.0},{"damage":24.0,"enemies":"Spire Growth","floor":42.0,"turns":5.0},{"damage":28.0,"enemies":"Reptomancer","floor":45.0,"turns":5.0},{"damage":12,"enemies":"Writhing Mass","floor":46,"turns":7},{"damage":52,"enemies":"4 Shapes","floor":47,"turns":3}],"seed_played":"9219510353442337927","potions_obtained":[{"floor":6.0,"key":"SneckoOil"},{"floor":8.0,"key":"Ancient Potion"},{"floor":11.0,"key":"EssenceOfSteel"},{"floor":16.0,"key":"Poison Potion"},{"floor":18.0,"key":"FocusPotion"},{"floor":21.0,"key":"PowerPotion"},{"floor":33.0,"key":"Explosive Potion"},{"floor":35.0,"key":"GamblersBrew"},{"floor":46,"key":"Regen Potion"}],"is_trial":false,"path_per_floor":["M","$","?","M","?","E","$","M","T","?","M","E","R","?","R","B",null,"M","$","M","M","?","E","R","M","T","T","E","R","E","M","R","B",null,"M","$","T","M","?","E","R","M","T","$","E","M","M"],"character_chosen":"DEFECT","items_purchased":["PreservedInsect","Ball Lightning","Defragment","Bird Faced Urn","Storm"],"campfire_rested":3,"item_purchase_floors":[7,7,19,36,44],"current_hp_per_floor":[64,64,53,53,53,53,53,53,53,32,32,32,32,32,32,25,60,60,60,47,47,47,17,38,19,19,19,4,25,15,15,36,33,62,51,51,51,55,55,34,34,24,24,24,14,20,0],"gold":67,"neow_bonus":"THREE_ENEMY_KILL","is_prod":false,"is_daily":false,"chose_seed":false,"campfire_upgraded":3,"win_rate":0,"timestamp":1549908315,"path_taken":["M","$","?","M","?","E","$","M","T","?","M","E","R","?","R","BOSS","M","$","M","?","?","E","R","M","T","?","E","R","E","?","R","BOSS","M","$","?","M","?","E","R","M","T","$","E","M","?"],"build_version":"2019-01-23","purchased_purges":1,"victory":false,"max_hp_per_floor":[71,71,71,71,71,71,71,71,71,71,71,71,71,71,71,71,71,71,71,71,71,71,71,71,71,71,71,71,71,71,71,71,71,71,71,71,71,71,67,67,67,67,67,67,67,67,67],"card_choices":[{"not_picked":["Barrage","Reinforced Body"],"picked":"Conserve Battery","floor":1.0},{"not_picked":["Redo","Hello World"],"picked":"Rebound","floor":4.0},{"not_picked":["Steam","Fission"],"picked":"Hyperbeam","floor":6.0},{"not_picked":["Redo","Ball Lightning"],"picked":"Defragment","floor":8.0},{"not_picked":["Gash","Stack"],"picked":"Glacier","floor":11.0},{"not_picked":["Steam Power","Reinforced Body"],"picked":"Electrodynamics","floor":12.0},{"not_picked":["Biased Cognition","All For One+1"],"picked":"Echo Form","floor":16.0},{"not_picked":["Beam Cell+1","Go for the Eyes+1"],"picked":"Coolheaded","floor":18.0},{"not_picked":["Gash+1","Hologram"],"picked":"Loop","floor":20.0},{"not_picked":["Skim","Melter+1","Cold Snap+1"],"picked":"SKIP","floor":21.0},{"not_picked":["Tempest","Stack+1"],"picked":"Consume","floor":23.0},{"not_picked":["Heatsinks","Go for the Eyes+1","Consume"],"picked":"SKIP","floor":25.0},{"not_picked":["Tempest","Redo"],"picked":"White Noise","floor":28.0},{"not_picked":["Streamline+1","Compile Driver+1"],"picked":"Capacitor+1","floor":29.0},{"not_picked":["Cold Snap+1","Hologram","Static Discharge"],"picked":"SKIP","floor":30.0},{"not_picked":["Cold Snap+1","Hello World"],"picked":"Coolheaded+1","floor":31.0},{"not_picked":["Reboot","Core Surge+1"],"picked":"Thunder Strike+1","floor":33.0},{"not_picked":["Conserve Battery","Cold Snap+1","Compile Driver+1"],"picked":"SKIP","floor":35.0},{"not_picked":["Compile Driver+1","Hologram+1"],"picked":"Darkness","floor":38.0},{"not_picked":["Scrape+1","Steam"],"picked":"Seek","floor":40.0},{"not_picked":["Conserve Battery+1","Stack","Sunder+1"],"picked":"SKIP","floor":42.0},{"not_picked":["Streamline+1","Go for the Eyes+1"],"picked":"Coolheaded","floor":45.0},{"not_picked":["Fusion+1","Ball Lightning+1"],"picked":"Creative AI","floor":46}],"player_experience":1238229,"relics_obtained":[{"floor":6.0,"key":"Tiny Chest"},{"floor":9.0,"key":"Bag of Preparation"},{"floor":12.0,"key":"Molten Egg 2"},{"floor":23.0,"key":"Boot"},{"floor":26.0,"key":"Dodecahedron"},{"floor":27.0,"key":"Dream Catcher"},{"floor":28.0,"key":"War Paint"},{"floor":30.0,"key":"Incense Burner"},{"floor":37.0,"key":"Calipers"},{"floor":40.0,"key":"Anchor"},{"floor":45.0,"key":"Unceasing Top"}],"event_choices":[{"damage_healed":0.0,"max_hp_gain":0.0,"max_hp_loss":0.0,"gold_gain":75.0,"event_name":"World of Goop","player_choice":"Gather Gold","floor":3.0,"gold_loss":0.0,"damage_taken":11.0},{"damage_healed":0.0,"max_hp_gain":0.0,"max_hp_loss":0.0,"gold_gain":0.0,"event_name":"Living Wall","player_choice":"Grow","floor":5.0,"gold_loss":0.0,"damage_taken":0.0,"cards_upgraded":["Zap"]},{"damage_healed":0.0,"max_hp_gain":0.0,"max_hp_loss":0.0,"gold_gain":0.0,"event_name":"Shining Light","player_choice":"Entered Light","floor":10.0,"gold_loss":0.0,"damage_taken":21.0,"cards_upgraded":["Conserve Battery","Strike_B"]},{"damage_healed":0.0,"max_hp_gain":0.0,"max_hp_loss":0.0,"gold_gain":50.0,"event_name":"Golden Shrine","player_choice":"Pray","floor":14.0,"gold_loss":0.0,"damage_taken":0.0},{"damage_healed":0.0,"max_hp_gain":0.0,"max_hp_loss":0.0,"gold_gain":0.0,"cards_transformed":["Strike_B","Strike_B"],"event_name":"Drug Dealer","player_choice":"Became Test Subject","floor":22.0,"gold_loss":0.0,"damage_taken":0.0,"cards_obtained":["Capacitor","Ball Lightning"]},{"damage_healed":0.0,"max_hp_gain":0.0,"max_hp_loss":4.0,"gold_gain":0.0,"event_name":"Winding Halls","player_choice":"Max HP","floor":39.0,"gold_loss":0.0,"damage_taken":0.0}],"is_beta":false,"boss_relics":[{"not_picked":["Runic Pyramid","Coffee Dripper"],"picked":"Snecko Eye"},{"not_picked":["Lizard Tail","Philosopher\u0027s Stone"],"picked":"Cursed Key"}],"items_purged_floors":[19],"is_endless":false,"potions_floor_spawned":[6,8,11,16,18,21,25,33,35,40,46],"killed_by":"4 Shapes","ascension_level":20}