{"path_per_floor":["M","$","M","M","M","E","M","?","T","R","M","E","M","?","R"],"character_chosen":"THE_SILENT","items_purchased":["Swift Strike"],"gold_per_floor":[119,25,38,54,70,100,110,285,309,309,325,356,369,369,369,369],"floor_reached":16,"campfire_rested":2,"playtime":917,"current_hp_per_floor":[61,61,59,58,56,37,20,20,20,41,35,5,4,4,25,0],"items_purged":[],"gold":369,"score":131,"play_id":"30c611b3-df32-45e3-b2fb-efe73e7ab7a3","local_time":"20180515174933","is_prod":false,"is_daily":false,"chose_seed":false,"is_ascension_mode":true,"campfire_upgraded":0,"timestamp":1526399373,"path_taken":["M","$","M","M","M","E","M","?","T","R","?","E","M","?","R","BOSS"],"build_version":"2018-05-10","seed_source_timestamp":30709186750266,"purchased_purges":0,"victory":false,"master_deck":["Defend_G","Defend_G","Defend_G","Defend_G","Defend_G","Strike_G","Strike_G","Strike_G","Strike_G","Strike_G","Survivor","Neutralize","Riddle With Holes","Swift Strike","Infinite Blades","Poisoned Stab","Distraction","Dagger Throw","Tactician","Doubt","Deadly Poison","Endless Agony","Dagger Throw","Dash"],"max_hp_per_floor":[70,70,70,70,70,70,70,70,70,70,70,70,70,70,70,70],"relics":["Ring of the Snake","Tingsha","Art of War","Dream Catcher"],"card_choices":[{"not_picked":["Dagger Throw","Outmaneuver"],"picked":"Riddle With Holes","floor":1},{"not_picked":["Backflip","Bane"],"picked":"Infinite Blades","floor":3},{"not_picked":["Choke","Backflip"],"picked":"Poisoned Stab","floor":4},{"not_picked":["Terror","Prepared"],"picked":"Distraction","floor":5},{"not_picked":["Cloak And Dagger","PiercingWail"],"picked":"Dagger Throw","floor":6},{"not_picked":["Underhanded Strike","Deflect"],"picked":"Tactician","floor":7},{"not_picked":["Outmaneuver","Bane"],"picked":"Deadly Poison","floor":11},{"not_picked":["Bane","Well Laid Plans"],"picked":"Endless Agony","floor":12},{"not_picked":["Setup","Backflip"],"picked":"Dagger Throw","floor":13},{"not_picked":["PiercingWail","Dodge and Roll"],"picked":"Dash","floor":15}],"player_experience":94376,"potions_floor_usage":[6,11,11,12,13,16],"damage_taken":[{"damage":9,"enemies":"Jaw Worm","floor":1,"turns":7},{"damage":2,"enemies":"Small Slimes","floor":3,"turns":3},{"damage":1,"enemies":"Cultist","floor":4,"turns":3},{"damage":2,"enemies":"2 Fungi Beasts","floor":5,"turns":3},{"damage":19,"enemies":"3 Sentries","floor":6,"turns":7},{"damage":17,"enemies":"Exordium Wildlife","floor":7,"turns":5},{"damage":6,"enemies":"Exordium Thugs","floor":11,"turns":4},{"damage":30,"enemies":"Gremlin Nob","floor":12,"turns":4},{"damage":1,"enemies":"3 Louse","floor":13,"turns":3},{"damage":26,"enemies":"The Guardian","floor":16,"turns":7}],"event_choices":[{"event_name":"Liars Game","player_choice":"agreed","floor":8,"damage_taken":0},{"event_name":"Shining Light","player_choice":"Ignored","floor":14,"damage_taken":0}],"boss_relics":[],"potions_floor_spawned":[4,5,6,11,12,13],"seed_played":"-6415048131827973615","killed_by":"The Guardian","ascension_level":3,"is_trial":false}