{"path_per_floor":["M","?","?","M","M","R","M","E","T","R","E","M","?","E","R"],"character_chosen":"IRONCLAD","items_purchased":[],"gold_per_floor":[114,114,64,79,94,94,106,137,187,187,222,234,293,322,322,322],"floor_reached":16,"campfire_rested":0,"playtime":1240,"current_hp_per_floor":[77,61,61,67,71,71,75,42,42,42,15,21,21,27,27,0],"items_purged":[],"gold":322,"score":174,"play_id":"67973033-7611-4250-ae02-bc8ffa95d093","local_time":"20180517192259","is_prod":false,"is_daily":false,"chose_seed":false,"is_ascension_mode":true,"campfire_upgraded":3,"timestamp":1526577779,"campfire_choices":[{"data":"Corruption","floor":6,"key":"SMITH"},{"data":"Armaments","floor":10,"key":"SMITH"},{"data":"Bash","floor":15,"key":"SMITH"}],"path_taken":["M","?","?","?","M","R","M","E","T","R","E","M","?","E","R","BOSS"],"build_version":"2018-05-17","seed_source_timestamp":0,"purchased_purges":0,"victory":false,"master_deck":["Strike_R","Strike_R","Strike_R","Strike_R","Defend_R+1","Defend_R","Defend_R+1","Defend_R","Bash+1","Corruption+1","Armaments+1","Entrench","Double Tap","Clash","Offering"],"max_hp_per_floor":[80,80,80,80,80,80,80,80,80,80,80,82,82,82,82,82],"relics":["Burning Blood","Darkstone Periapt","Vajra","Singing Bowl","Centennial Puzzle"],"card_choices":[{"not_picked":["Bloodletting","Power Through"],"picked":"Corruption","floor":1},{"not_picked":["Warcry","Second Wind"],"picked":"Armaments","floor":4},{"not_picked":["Headbutt","Metallicize"],"picked":"Entrench","floor":5},{"not_picked":["Twin Strike","Sword Boomerang","Flex"],"picked":"SKIP","floor":7},{"not_picked":["Seeing Red","Battle Trance"],"picked":"Double Tap","floor":8},{"not_picked":["Flame Barrier","Body Slam"],"picked":"Clash","floor":11},{"not_picked":["Second Wind","Clothesline","Heavy Blade"],"picked":"Singing Bowl","floor":12},{"not_picked":["Whirlwind","Iron Wave"],"picked":"Offering","floor":14}],"player_experience":155137,"potions_floor_usage":[7,7,14,14,14,16],"damage_taken":[{"damage":9,"enemies":"Jaw Worm","floor":1,"turns":6},{"damage":0,"enemies":"2 Louse","floor":4,"turns":3},{"damage":2,"enemies":"Cultist","floor":5,"turns":5},{"damage":2,"enemies":"2 Fungi Beasts","floor":7,"turns":5},{"damage":39,"enemies":"Gremlin Nob","floor":8,"turns":5},{"damage":33,"enemies":"3 Sentries","floor":11,"turns":8},{"damage":2,"enemies":"Exordium Wildlife","floor":12,"turns":3},{"damage":0,"enemies":"Gremlin Nob","floor":14,"turns":3},{"damage":34,"enemies":"The Guardian","floor":16,"turns":6}],"relics_obtained":[{"floor":8,"key":"Darkstone Periapt"},{"floor":9,"key":"Vajra"},{"floor":11,"key":"Singing Bowl"},{"floor":14,"key":"Centennial Puzzle"}],"event_choices":[{"event_name":"Shining Light","player_choice":"Entered Light","floor":2,"damage_taken":0},{"event_name":"The Cleric","player_choice":"Card Removal","floor":3,"damage_taken":0},{"event_name":"Golden Wing","player_choice":"Gained Gold","floor":13,"damage_taken":0}],"boss_relics":[],"potions_floor_spawned":[1,5,8,11,12,14],"seed_played":"7558004604833511798","killed_by":"The Guardian","ascension_level":4,"potions_obtained":[{"floor":1,"key":"Dexterity Potion"},{"floor":5,"key":"SkillPotion"},{"floor":8,"key":"SpeedPotion"},{"floor":11,"key":"FearPotion"},{"floor":12,"key":"PowerPotion"},{"floor":14,"key":"SkillPotion"}],"is_trial":false}