{"gold_per_floor":[119,119,131,131,151,151,185,185,208,208,227,227,241,253,253,349,349,360,102,102,116,129,162,172,186,186,196,196,221,221,241,241,337,337,355,102,102,117,128,128,156,156],"floor_reached":42,"playtime":2478,"items_purged":[],"score":733,"play_id":"f15fe423-5a34-4b8f-89be-03bf1e3629dd","local_time":"20180627125634","is_ascension_mode":true,"campfire_choices":[{"data":"Dualcast","floor":6.0,"key":"SMITH"},{"data":"Self Repair","floor":8.0,"key":"SMITH"},{"data":"FTL","floor":12.0,"key":"SMITH"},{"data":"Hello World","floor":15.0,"key":"SMITH"},{"floor":28.0,"key":"REST"},{"floor":30.0,"key":"REST"},{"floor":32.0,"key":"REST"},{"floor":40,"key":"REST"}],"neow_cost":"","seed_source_timestamp":0,"circlet_count":0,"master_deck":["Strike_B","Strike_B","Strike_B+1","Strike_B","Defend_B","Defend_B","Defend_B","Defend_B","Zap+1","Dualcast+1","AscendersBane","Glacier+1","Self Repair+1","Auto Shields","Conserve Battery","FTL+1","Leap","Hello World+1","Electrodynamics","Redo+1","Apotheosis","Self Repair","Coolheaded+1","Compile Driver","Multi-Cast","Go for the Eyes","Redo","Streamline+1","White Noise+1","Reinforced Body","Amplify","Heatsinks","Tempest","Thunder Strike","Jack Of All Trades","Dark Shackles","Secret Technique","Panache","Consume","Barrage+1","Force Field+1","Consume+1"],"special_seed":0,"relics":["Cracked Core","Regal Pillow","Dream Catcher","Fusion Hammer","Nloth\u0027s Gift","Torii","Vajra","Bottled Flame","Inserter","Bag of Preparation","Darkstone Periapt"],"potions_floor_usage":[41,41,41],"damage_taken":[{"damage":4.0,"enemies":"Small Slimes","floor":1.0,"turns":3.0},{"damage":0.0,"enemies":"2 Louse","floor":3.0,"turns":2.0},{"damage":2.0,"enemies":"Jaw Worm","floor":5.0,"turns":4.0},{"damage":5.0,"enemies":"3 Sentries","floor":7.0,"turns":8.0},{"damage":20.0,"enemies":"Gremlin Gang","floor":11.0,"turns":8.0},{"damage":10.0,"enemies":"Looter","floor":13.0,"turns":3.0},{"damage":4.0,"enemies":"Large Slime","floor":14.0,"turns":7.0},{"damage":41.0,"enemies":"Slime Boss","floor":16.0,"turns":13.0},{"damage":0.0,"enemies":"3 Byrds","floor":18.0,"turns":3.0},{"damage":9.0,"enemies":"Shell Parasite","floor":21.0,"turns":5.0},{"damage":20.0,"enemies":"Snake Plant","floor":22.0,"turns":5.0},{"damage":34.0,"enemies":"Slavers","floor":23.0,"turns":3.0},{"damage":7.0,"enemies":"3 Cultists","floor":24.0,"turns":4.0},{"damage":29.0,"enemies":"Cultist and Chosen","floor":25.0,"turns":8.0},{"damage":18.0,"enemies":"Snake Plant","floor":27.0,"turns":4.0},{"damage":32.0,"enemies":"Book of Stabbing","floor":29.0,"turns":6.0},{"damage":8.0,"enemies":"Snecko","floor":31.0,"turns":5.0},{"damage":100.0,"enemies":"Automaton","floor":33.0,"turns":13.0},{"damage":20.0,"enemies":"Flame Bruiser 1 Orb","floor":35.0,"turns":6.0},{"damage":50.0,"enemies":"3 Darklings","floor":38.0,"turns":5.0},{"damage":15,"enemies":"Flame Bruiser 2 Orb","floor":39,"turns":5},{"damage":68,"enemies":"2 Orb Walkers","floor":41,"turns":4},{"damage":26,"floor":42,"turns":3}],"seed_played":"-1637072843071467548","potions_obtained":[{"floor":5.0,"key":"Explosive Potion"},{"floor":7.0,"key":"LiquidBronze"},{"floor":11.0,"key":"Poison Potion"},{"floor":16.0,"key":"Energy Potion"},{"floor":18.0,"key":"SkillPotion"},{"floor":22.0,"key":"SteroidPotion"},{"floor":24.0,"key":"Fruit Juice"},{"floor":27.0,"key":"FairyPotion"},{"floor":35.0,"key":"Regen Potion"},{"floor":39,"key":"Strength Potion"}],"is_trial":false,"path_per_floor":["M","?","M","?","M","R","E","R","T","?","M","R","M","M","R","B",null,"M","$","?","M","M","E","M","M","T","M","R","E","R","M","R","B",null,"M","$","?","M","M","R","E"],"character_chosen":"DEFECT","items_purchased":["Apotheosis","Self Repair","Bag of Preparation","Jack Of All Trades"],"campfire_rested":4,"item_purchase_floors":[],"current_hp_per_floor":[64,57,57,42,47,47,49,49,49,49,39,39,39,45,45,14,60,70,70,70,75,75,61,71,57,57,59,80,58,80,80,80,38,70,74,74,64,31,26,65,23,0],"gold":156,"neow_bonus":"","is_prod":false,"is_daily":false,"chose_seed":false,"campfire_upgraded":4,"win_rate":0,"timestamp":1530096994,"path_taken":["M","?","M","?","M","R","E","R","T","?","M","R","?","M","R","BOSS","M","$","?","M","M","E","M","M","T","M","R","E","R","M","R","BOSS","M","$","?","M","?","R","E","?"],"build_version":"2018-06-26","purchased_purges":0,"victory":false,"max_hp_per_floor":[75,75,75,75,75,75,75,75,75,75,75,75,75,75,75,75,75,75,75,75,75,75,75,75,80,80,80,80,80,80,80,80,80,80,80,80,80,80,80,80,80,80],"card_choices":[{"not_picked":["Leap","Barrage"],"picked":"Glacier","floor":1.0},{"not_picked":["Fusion","FTL"],"picked":"Self Repair","floor":3.0},{"not_picked":["Coolheaded","Rebound"],"picked":"Auto Shields","floor":5.0},{"not_picked":["Stack","Hologram"],"picked":"Conserve Battery","floor":7.0},{"not_picked":["Barrage","Coolheaded"],"picked":"FTL","floor":11.0},{"not_picked":["Fission","Coolheaded"],"picked":"Leap","floor":13.0},{"not_picked":["Coolheaded","Gash"],"picked":"Hello World","floor":14.0},{"not_picked":["Amplify","Rainbow"],"picked":"Electrodynamics","floor":16.0},{"not_picked":["Fusion","Conserve Battery"],"picked":"Redo+1","floor":18.0},{"not_picked":["Streamline","Aggregate"],"picked":"Coolheaded+1","floor":21.0},{"not_picked":["Undo","Cold Snap"],"picked":"Compile Driver","floor":22.0},{"not_picked":["Steam","Beam Cell"],"picked":"Multi-Cast","floor":23.0},{"not_picked":["Lockon","Streamline"],"picked":"Go for the Eyes","floor":24.0},{"not_picked":["Gash","Cold Snap"],"picked":"Redo","floor":25.0},{"not_picked":["Lockon+1","Go for the Eyes"],"picked":"Streamline+1","floor":27.0},{"not_picked":["Rip and Tear","Sunder+1"],"picked":"White Noise+1","floor":28.0},{"not_picked":["Redo","Leap"],"picked":"Reinforced Body","floor":29.0},{"not_picked":["Steam+1","White Noise"],"picked":"Amplify","floor":30.0},{"not_picked":["Hello World","Conserve Battery+1"],"picked":"Heatsinks","floor":31.0},{"not_picked":["Sweeping Beam","Leap"],"picked":"Tempest","floor":32.0},{"not_picked":["Biased Cognition","Amplify"],"picked":"Thunder Strike","floor":33.0},{"not_picked":["Coolheaded","Hologram","Rebound"],"picked":"SKIP","floor":35.0},{"not_picked":["Finesse","Good Instincts"],"picked":"Dark Shackles","floor":37.0},{"not_picked":["Good Instincts","Trip"],"picked":"Secret Technique","floor":37.0},{"not_picked":["Purity","Good Instincts"],"picked":"Panache","floor":37.0},{"not_picked":["Auto Shields","Conserve Battery+1"],"picked":"Consume","floor":38.0},{"not_picked":["Genetic Algorithm","Conserve Battery"],"picked":"Barrage+1","floor":39},{"not_picked":["Rebound","Steam+1"],"picked":"Force Field+1","floor":40},{"not_picked":["Gash+1","Redo+1"],"picked":"Consume+1","floor":41}],"player_experience":372202,"relics_obtained":[{"floor":7.0,"key":"Regal Pillow"},{"floor":9.0,"key":"Dream Catcher"},{"floor":23.0,"key":"Torii"},{"floor":26.0,"key":"Vajra"},{"floor":29.0,"key":"Bottled Flame"},{"floor":41,"key":"Darkstone Periapt"}],"event_choices":[{"event_name":"Golden Wing","player_choice":"Card Removal","floor":2.0,"damage_taken":0.0},{"event_name":"Shining Light","player_choice":"Entered Light","floor":4.0,"damage_taken":0.0},{"event_name":"Living Wall","player_choice":"Grow","floor":10.0,"damage_taken":0.0},{"event_name":"N\u0027loth","player_choice":"Traded a Turnip","floor":20.0,"damage_taken":0.0},{"event_name":"SensoryStone","player_choice":"Memory 3","floor":37.0,"damage_taken":0.0},{"event_name":"Mysterious Sphere","player_choice":"Fight","floor":42,"damage_taken":0}],"boss_relics":[{"not_picked":["Runic Pyramid","Velvet Choker"],"picked":"Fusion Hammer"},{"not_picked":["Lizard Tail","Coffee Dripper"],"picked":"Inserter"}],"items_purged_floors":[],"is_endless":false,"potions_floor_spawned":[5,7,11,16,18,22,24,27,35,39],"ascension_level":10}