{"gold_per_floor":[110,110,124,142,160,160,170,170,194,206,229,241,271,91,91,91],"floor_reached":16,"playtime":1530,"items_purged":[],"score":94,"play_id":"9598fac6-ff20-4c8f-81ce-bd0e0b6947ec","local_time":"20190917034227","is_ascension_mode":false,"campfire_choices":[{"data":"Outmaneuver","floor":6,"key":"SMITH"},{"data":"Acrobatics","floor":8,"key":"SMITH"},{"data":"Neutralize","floor":10,"key":"SMITH"},{"data":"Deflect","floor":15,"key":"SMITH"}],"neow_cost":"NONE","seed_source_timestamp":453804815377400,"circlet_count":0,"master_deck":["Strike_G","Strike_G","Strike_G","Strike_G","Strike_G","Defend_G","Defend_G","Defend_G","Defend_G","Defend_G","Survivor","Neutralize+1","Crippling Poison","Acrobatics+1","Flying Knee","Outmaneuver+1","Underhanded Strike","Blade Dance","Deflect+1","Underhanded Strike"],"relics":["Ring of the Snake","MawBank","TheAbacus"],"potions_floor_usage":[16],"damage_taken":[{"damage":3,"enemies":"2 Louse","floor":1,"turns":2},{"damage":0,"enemies":"Cultist","floor":3,"turns":5},{"damage":0,"enemies":"Jaw Worm","floor":4,"turns":5},{"damage":4,"enemies":"Looter","floor":5,"turns":5},{"damage":17,"enemies":"Exordium Thugs","floor":7,"turns":6},{"damage":4,"enemies":"Lots of Slimes","floor":11,"turns":3},{"damage":8,"enemies":"3 Louse","floor":13,"turns":3},{"damage":58,"enemies":"The Guardian","floor":16,"turns":13}],"seed_played":"-1274549993682569709","potions_obtained":[{"floor":1,"key":"Weak Potion"},{"floor":2,"key":"SteroidPotion"},{"floor":2,"key":"Weak Potion"}],"is_trial":false,"path_per_floor":["M","?","M","M","M","R","M","R","T","R","M","?","M","$","R","B"],"character_chosen":"THE_SILENT","items_purchased":["TheAbacus"],"campfire_rested":0,"item_purchase_floors":[14],"current_hp_per_floor":[67,67,67,67,63,63,46,46,46,46,42,65,57,57,57,0],"gold":91,"neow_bonus":"THREE_CARDS","is_prod":false,"is_daily":false,"chose_seed":false,"campfire_upgraded":4,"win_rate":0.0,"timestamp":1568702547,"path_taken":["M","?","?","M","M","R","M","R","T","R","M","?","M","$","R","BOSS"],"build_version":"2019-07-17","purchased_purges":0,"victory":false,"max_hp_per_floor":[70,70,70,70,70,70,70,70,70,70,70,70,70,70,70,70],"card_choices":[{"not_picked":["Flying Knee","Underhanded Strike"],"picked":"Crippling Poison","floor":0},{"not_picked":["Choke","Flechettes"],"picked":"Acrobatics","floor":1},{"not_picked":["Underhanded Strike","PiercingWail"],"picked":"Flying Knee","floor":3},{"not_picked":["Sucker Punch","Infinite Blades"],"picked":"Outmaneuver","floor":4},{"not_picked":["Bouncing Flask","Eviscerate"],"picked":"Underhanded Strike","floor":5},{"not_picked":["Slice","Catalyst"],"picked":"Blade Dance","floor":7},{"not_picked":["Dodge and Roll","Blade Dance"],"picked":"Deflect","floor":11},{"not_picked":["Crippling Poison","Deadly Poison"],"picked":"Underhanded Strike","floor":13}],"player_experience":16084,"relics_obtained":[{"floor":9,"key":"MawBank"}],"event_choices":[{"damage_healed":0,"gold_gain":0,"player_choice":"Got Potions","damage_taken":0,"max_hp_gain":0,"max_hp_loss":0,"event_name":"Lab","floor":2,"gold_loss":0},{"damage_healed":23,"gold_gain":0,"player_choice":"Banana","damage_taken":0,"max_hp_gain":0,"max_hp_loss":0,"event_name":"Big Fish","floor":12,"gold_loss":0}],"is_beta":false,"boss_relics":[],"items_purged_floors":[],"is_endless":false,"potions_floor_spawned":[1,3,11],"killed_by":"The Guardian","ascension_level":0}