{"gold_per_floor":[362,273,288,288,299,328,340,372,409,453,309,309,340,393,393,472,472,424,424,359,369,369,369,369],"floor_reached":24,"playtime":968,"items_purged":["Strike_G"],"score":424,"play_id":"fc52035b-6d66-44a2-b1f5-adaa662f2bf7","local_time":"20190211110922","is_ascension_mode":true,"campfire_choices":[{"data":"Footwork","floor":7,"key":"SMITH"},{"data":"Noxious Fumes","floor":12,"key":"SMITH"},{"data":"Deadly Poison","floor":15,"key":"SMITH"},{"data":"Footwork","floor":23,"key":"SMITH"}],"neow_cost":"TEN_PERCENT_HP_LOSS","seed_source_timestamp":4959188442889,"circlet_count":0,"master_deck":["AscendersBane","Defend_G","Defend_G","Defend_G","Defend_G","Defend_G","Strike_G","Strike_G+1","Strike_G","Strike_G","Survivor","Neutralize","Masterful Stab","Noxious Fumes+1","Dagger Throw+1","Leg Sweep","Footwork+1","Deadly Poison+1","Backflip","Footwork+1","Bullet Time","Ghostly","Ghostly","Ghostly","PiercingWail+1"],"relics":["Ring of the Snake","FaceOfCleric","MawBank","Dream Catcher","Strawberry","Whetstone","Ancient Tea Set","Coffee Dripper","Tough Bandages","Bottled Tornado"],"potions_floor_usage":[10,13,24],"damage_taken":[{"damage":4,"enemies":"Cultist","floor":1,"turns":5},{"damage":0,"enemies":"2 Louse","floor":3,"turns":3},{"damage":7,"enemies":"Small Slimes","floor":5,"turns":3},{"damage":14,"enemies":"Lagavulin","floor":6,"turns":10},{"damage":2,"enemies":"Exordium Thugs","floor":8,"turns":6},{"damage":12,"enemies":"3 Sentries","floor":10,"turns":10},{"damage":13,"enemies":"Gremlin Nob","floor":13,"turns":6},{"damage":11,"enemies":"Hexaghost","floor":16,"turns":11},{"damage":14,"enemies":"2 Thieves","floor":18,"turns":5},{"damage":9,"enemies":"Spheric Guardian","floor":21,"turns":8},{"damage":29,"enemies":"Gremlin Leader","floor":24,"turns":5}],"seed_played":"-3192833140983931950","potions_obtained":[{"floor":1,"key":"Swift Potion"},{"floor":8,"key":"FearPotion"},{"floor":10,"key":"SteroidPotion"},{"floor":13,"key":"Weak Potion"}],"is_trial":false,"path_per_floor":["M","$","M","?","M","E","R","M","T","E","$","R","E","T","R","B",null,"M","?","?","M","T","R","E"],"character_chosen":"THE_SILENT","items_purchased":["Noxious Fumes","Footwork"],"campfire_rested":0,"item_purchase_floors":[2,11],"current_hp_per_floor":[55,55,55,55,49,36,36,35,35,31,31,31,19,19,19,9,57,44,37,37,29,29,29,0],"gold":369,"neow_bonus":"TWO_FIFTY_GOLD","is_prod":false,"is_daily":false,"chose_seed":false,"campfire_upgraded":4,"win_rate":0,"timestamp":1549879762,"path_taken":["M","$","M","?","?","E","R","M","T","E","$","R","E","?","R","BOSS","M","?","?","?","?","R","E"],"build_version":"2019-01-23","purchased_purges":1,"victory":false,"max_hp_per_floor":[60,60,60,60,61,62,62,63,63,71,71,71,72,72,72,73,73,74,37,37,38,38,38,38],"card_choices":[{"not_picked":["Expertise","Dodge and Roll"],"picked":"Masterful Stab","floor":1},{"not_picked":["Blade Dance","Endless Agony"],"picked":"Dagger Throw","floor":3},{"not_picked":["Blade Dance","Dodge and Roll"],"picked":"Leg Sweep","floor":5},{"not_picked":["Caltrops","Blade Dance"],"picked":"Footwork","floor":6},{"not_picked":["Expertise","Flying Knee"],"picked":"Deadly Poison","floor":8},{"not_picked":["Poisoned Stab","Dagger Spray"],"picked":"Backflip","floor":10},{"not_picked":["Blade Dance","Venomology","Dagger Spray"],"picked":"SKIP","floor":13},{"not_picked":["A Thousand Cuts","Envenom"],"picked":"Bullet Time","floor":16},{"not_picked":["Infinite Blades+1","Distraction","Reflex"],"picked":"SKIP","floor":18},{"not_picked":["Accuracy","Calculated Gamble"],"picked":"PiercingWail+1","floor":21}],"player_experience":1236459,"relics_obtained":[{"floor":6,"key":"MawBank"},{"floor":9,"key":"Dream Catcher"},{"floor":10,"key":"Strawberry"},{"floor":13,"key":"Whetstone"},{"floor":14,"key":"Ancient Tea Set"},{"floor":22,"key":"Bottled Tornado"}],"event_choices":[{"damage_healed":0,"gold_gain":0,"player_choice":"Trade","damage_taken":0,"relics_obtained":["FaceOfCleric"],"max_hp_gain":0,"max_hp_loss":0,"event_name":"FaceTrader","floor":4,"gold_loss":0},{"damage_healed":0,"gold_gain":0,"player_choice":"Became a Ghost","damage_taken":0,"max_hp_gain":0,"max_hp_loss":37,"event_name":"Ghosts","floor":19,"gold_loss":0,"cards_obtained":["Ghostly","Ghostly","Ghostly"]},{"damage_healed":0,"gold_gain":0,"player_choice":"Paid Gold","damage_taken":0,"relics_obtained":["Tough Bandages"],"max_hp_gain":0,"max_hp_loss":0,"event_name":"WeMeetAgain","floor":20,"gold_loss":65}],"is_beta":false,"boss_relics":[{"not_picked":["WristBlade","Eternal Feather"],"picked":"Coffee Dripper"}],"items_purged_floors":[11],"is_endless":false,"potions_floor_spawned":[1,8,10,13,16,18],"killed_by":"Gremlin Leader","ascension_level":20}