{"gold_per_floor":[110,110,7,7,19,47,47,67,67,99,99,99,110,145,145,145],"floor_reached":16,"playtime":503,"items_purged":["Injury"],"score":236,"play_id":"0f087c3a-ff58-468e-9cd9-4f573966fba8","local_time":"20190906103251","is_ascension_mode":true,"campfire_choices":[{"data":"Feed","floor":7,"key":"SMITH"},{"data":"Bash","floor":12,"key":"SMITH"},{"data":"Flame Barrier","floor":15,"key":"SMITH"}],"neow_cost":"CURSE","seed_source_timestamp":1541869830231,"circlet_count":0,"master_deck":["AscendersBane","Strike_R","Strike_R+1","Strike_R","Strike_R+1","Strike_R","Defend_R","Defend_R","Defend_R+1","Defend_R+1","Bash+1","Bludgeon+1","Thunderclap","Shrug It Off","Feed+1","Hemokinesis","Shrug It Off","Shrug It Off","Flame Barrier+1"],"relics":["Burning Blood","Dodecahedron","Mummified Hand","Ice Cream","Whetstone"],"potions_floor_usage":[14,16,16],"damage_taken":[{"damage":12,"enemies":"Jaw Worm","floor":1,"turns":2},{"damage":0,"enemies":"2 Louse","floor":5,"turns":3},{"damage":15,"enemies":"3 Sentries","floor":6,"turns":7},{"damage":3,"enemies":"Cultist","floor":8,"turns":5},{"damage":20,"enemies":"Lagavulin","floor":10,"turns":5},{"damage":8,"enemies":"Blue Slaver","floor":13,"turns":6},{"damage":30,"enemies":"3 Sentries","floor":14,"turns":8},{"damage":15,"enemies":"Hexaghost","floor":16,"turns":9}],"seed_played":"-3314160883228492815","potions_obtained":[{"floor":5,"key":"AttackPotion"},{"floor":6,"key":"BloodPotion"},{"floor":13,"key":"LiquidBronze"},{"floor":14,"key":"Block Potion"}],"is_trial":false,"path_per_floor":["M","?","$","?","M","E","R","M","T","E","T","R","M","E","R","B"],"character_chosen":"IRONCLAD","items_purchased":["Shrug It Off"],"campfire_rested":0,"item_purchase_floors":[3],"current_hp_per_floor":[62,39,39,39,45,36,36,43,43,33,33,33,35,15,15,0],"gold":145,"neow_bonus":"THREE_RARE_CARDS","is_prod":false,"is_daily":false,"chose_seed":false,"campfire_upgraded":3,"win_rate":0,"timestamp":1567758771,"path_taken":["M","?","$","?","M","E","R","M","T","E","?","R","M","E","R","BOSS"],"build_version":"2019-07-17","purchased_purges":1,"victory":false,"max_hp_per_floor":[75,75,75,75,75,75,75,79,79,83,83,83,87,91,91,91],"card_choices":[{"not_picked":["Barricade","Limit Break"],"picked":"Bludgeon","floor":0},{"not_picked":["Searing Blow","Bloodletting"],"picked":"Thunderclap","floor":1},{"not_picked":["Havoc","Dual Wield","Rupture"],"picked":"SKIP","floor":5},{"not_picked":["Dropkick","Anger"],"picked":"Feed","floor":6},{"not_picked":["Burning Pact","True Grit"],"picked":"Hemokinesis","floor":8},{"not_picked":["Cleave","Armaments"],"picked":"Shrug It Off","floor":10},{"not_picked":["Twin Strike","Thunderclap"],"picked":"Shrug It Off","floor":13},{"not_picked":["Feel No Pain","Shrug It Off"],"picked":"Flame Barrier","floor":14}],"player_experience":2010930,"relics_obtained":[{"floor":6,"key":"Dodecahedron"},{"floor":9,"key":"Mummified Hand"},{"floor":10,"key":"Ice Cream"},{"floor":14,"key":"Whetstone"}],"event_choices":[{"damage_healed":0,"gold_gain":0,"player_choice":"Entered Light","damage_taken":23,"max_hp_gain":0,"max_hp_loss":0,"event_name":"Shining Light","floor":2,"gold_loss":0,"cards_upgraded":["Defend_R","Defend_R"]},{"damage_healed":0,"gold_gain":0,"player_choice":"Grow","damage_taken":0,"max_hp_gain":0,"max_hp_loss":0,"event_name":"Living Wall","floor":4,"gold_loss":0,"cards_upgraded":["Bludgeon"]}],"is_beta":false,"boss_relics":[],"items_purged_floors":[3],"is_endless":false,"potions_floor_spawned":[5,6,13,14],"killed_by":"Hexaghost","ascension_level":20}