{"gold_per_floor":[118,130,130,20,71,96,96,128,128,128,146,49,79,94,94,168,168,182,97,112,37,48,48,77,77,100,117,134,149,161,27,27,27],"floor_reached":33,"playtime":1362,"items_purged":[],"score":577,"play_id":"b49a70df-f849-48d9-b558-0082147bae24","local_time":"20181119221319","is_ascension_mode":true,"campfire_choices":[{"data":"Inflame","floor":7.0,"key":"SMITH"},{"data":"Clothesline","floor":10.0,"key":"SMITH"},{"data":"Discovery","floor":15.0,"key":"SMITH"},{"data":"Offering","floor":23.0,"key":"SMITH"},{"data":"Uppercut","floor":25.0,"key":"SMITH"},{"floor":32,"key":"REST"}],"neow_cost":"NONE","seed_source_timestamp":0,"circlet_count":0,"master_deck":["AscendersBane","Strike_R","Strike_R","Strike_R","Strike_R+1","Defend_R","Defend_R","Defend_R","Defend_R","Bash+1","Sever Soul","Shrug It Off","Inflame+1","Anger","Clothesline+1","Sword Boomerang","Warcry","Discovery+1","Metallicize","Battle Trance","Offering+1","Burning Pact","Uppercut+1","Disarm","Metallicize","Whirlwind","Sword Boomerang","Heavy Blade"],"special_seed":0,"relics":["Burning Blood","NeowsBlessing","Incense Burner","Ornamental Fan","Turnip","Bronze Scales","Philosopher\u0027s Stone","PreservedInsect","Vajra","Centennial Puzzle"],"potions_floor_usage":[29,33],"damage_taken":[{"damage":0.0,"enemies":"Small Slimes","floor":1.0,"turns":1.0},{"damage":0.0,"enemies":"Jaw Worm","floor":2.0,"turns":1.0},{"damage":0.0,"enemies":"Gremlin Nob","floor":6.0,"turns":1.0},{"damage":34.0,"enemies":"3 Sentries","floor":8.0,"turns":9.0},{"damage":2.0,"enemies":"2 Louse","floor":11.0,"turns":3.0},{"damage":15.0,"enemies":"Lagavulin","floor":13.0,"turns":6.0},{"damage":6.0,"enemies":"Blue Slaver","floor":14.0,"turns":3.0},{"damage":17.0,"enemies":"Hexaghost","floor":16.0,"turns":9.0},{"damage":18.0,"enemies":"Chosen","floor":18.0,"turns":4.0},{"damage":13.0,"enemies":"Shell Parasite","floor":20.0,"turns":3.0},{"damage":22.0,"enemies":"Sentry and Sphere","floor":22.0,"turns":4.0},{"damage":34.0,"enemies":"Slavers","floor":24.0,"turns":6.0},{"damage":21.0,"enemies":"Snake Plant","floor":27.0,"turns":3.0},{"damage":18.0,"enemies":"Snecko","floor":28.0,"turns":4.0},{"damage":23,"enemies":"3 Cultists","floor":29,"turns":4},{"damage":0,"enemies":"Centurion and Healer","floor":30,"turns":4},{"damage":50,"enemies":"Automaton","floor":33,"turns":8}],"seed_played":"-5725904103351651339","potions_obtained":[{"floor":1.0,"key":"BloodPotion"},{"floor":2.0,"key":"SneckoOil"},{"floor":13.0,"key":"Regen Potion"},{"floor":14.0,"key":"Explosive Potion"},{"floor":22.0,"key":"Regen Potion"},{"floor":27.0,"key":"Regen Potion"},{"floor":29,"key":"SteroidPotion"}],"is_trial":false,"path_per_floor":["M","M","?","$","?","E","R","E","T","R","M","$","E","M","R","B",null,"M","?","M","?","M","R","E","R","T","M","M","M","M","M","$","R","B"],"character_chosen":"IRONCLAD","items_purchased":["Inflame","Anger","Discovery","Regen Potion","Heavy Blade"],"campfire_rested":1,"item_purchase_floors":[4,4,12,31,31],"current_hp_per_floor":[74,75,52,52,52,58,58,30,30,30,34,34,25,32,32,21,62,50,50,43,43,27,27,39,39,39,24,12,7,13,13,35,0],"gold":27,"neow_bonus":"THREE_ENEMY_KILL","is_prod":false,"is_daily":false,"chose_seed":false,"campfire_upgraded":5,"win_rate":0,"timestamp":1542661999,"path_taken":["M","M","?","$","?","E","R","E","T","R","M","?","E","M","R","BOSS","M","?","M","?","?","R","E","R","T","?","M","M","?","$","R","BOSS"],"build_version":"2018-11-15","purchased_purges":0,"victory":false,"max_hp_per_floor":[75,75,75,75,75,75,75,75,75,75,75,75,75,75,75,75,75,75,75,75,75,75,75,75,75,75,75,75,75,75,75,75,75],"card_choices":[{"not_picked":["Evolve","Thunderclap"],"picked":"Sever Soul","floor":1.0},{"not_picked":["Armaments","Infernal Blade"],"picked":"Shrug It Off","floor":2.0},{"not_picked":["Clash","Intimidate"],"picked":"Clothesline","floor":6.0},{"not_picked":["Warcry","Feel No Pain"],"picked":"Sword Boomerang","floor":8.0},{"not_picked":["Combust","Clash"],"picked":"Warcry","floor":11.0},{"not_picked":["Seeing Red","Brutality"],"picked":"Metallicize","floor":13.0},{"not_picked":["Pommel Strike","Wild Strike"],"picked":"Battle Trance","floor":14.0},{"not_picked":["Double Tap","Brutality"],"picked":"Offering","floor":16.0},{"not_picked":["Sword Boomerang","Flex"],"picked":"Burning Pact","floor":18.0},{"not_picked":["Wild Strike","Armaments"],"picked":"Uppercut","floor":20.0},{"not_picked":["Body Slam","Sword Boomerang"],"picked":"Disarm","floor":22.0},{"not_picked":["Blood for Blood","Iron Wave"],"picked":"Metallicize","floor":24.0},{"not_picked":["Rage","Combust"],"picked":"Whirlwind","floor":27.0},{"not_picked":["Perfected Strike","Pommel Strike","Uppercut"],"picked":"SKIP","floor":28},{"not_picked":["Headbutt","Carnage","Clothesline"],"picked":"SKIP","floor":29},{"not_picked":["Havoc","Whirlwind"],"picked":"Sword Boomerang","floor":30}],"player_experience":836768,"relics_obtained":[{"floor":6.0,"key":"Incense Burner"},{"floor":8.0,"key":"Ornamental Fan"},{"floor":9.0,"key":"Turnip"},{"floor":13.0,"key":"Bronze Scales"},{"floor":24.0,"key":"Vajra"},{"floor":26.0,"key":"Centennial Puzzle"}],"event_choices":[{"damage_healed":0.0,"max_hp_gain":0.0,"max_hp_loss":0.0,"gold_gain":0.0,"event_name":"Shining Light","player_choice":"Entered Light","floor":3.0,"gold_loss":0.0,"damage_taken":23.0,"cards_upgraded":["Strike_R","Bash"]},{"damage_healed":0.0,"max_hp_gain":0.0,"max_hp_loss":0.0,"gold_gain":51.0,"event_name":"Golden Wing","player_choice":"Gained Gold","floor":5.0,"gold_loss":0.0,"damage_taken":0.0},{"damage_healed":0.0,"max_hp_gain":0.0,"max_hp_loss":0.0,"gold_gain":0.0,"event_name":"Addict","player_choice":"Obtained Relic","floor":19.0,"gold_loss":85.0,"damage_taken":0.0,"relics_obtained":["PreservedInsect"]},{"cards_removed":["Strike_R"],"damage_healed":0.0,"max_hp_gain":0.0,"max_hp_loss":0.0,"gold_gain":0.0,"event_name":"Beggar","player_choice":"Gave Gold","floor":21.0,"gold_loss":75.0,"damage_taken":0.0}],"is_beta":true,"boss_relics":[{"not_picked":["Snecko Eye","Cursed Key"],"picked":"Philosopher\u0027s Stone"}],"items_purged_floors":[],"is_endless":false,"potions_floor_spawned":[1,2,13,14,18,22,27,29],"killed_by":"Automaton","ascension_level":17}