{"path_per_floor":["M","M","$","?","M","R","M","E","T","R","?","E","R","M","R","B",null,"M","$","?","?","M","R","E","R","T"],"character_chosen":"THE_SILENT","items_purchased":["Infinite Blades","Medical Kit","Footwork"],"gold_per_floor":[115,135,57,57,73,73,90,125,152,152,152,177,177,196,196,298,298,309,37,37,37,56,56,82,82,136,136],"floor_reached":27,"campfire_rested":3,"playtime":1158,"item_purchase_floors":[3,19,19],"current_hp_per_floor":[70,70,70,70,64,64,55,33,33,33,21,9,30,24,45,28,70,47,47,71,72,72,72,5,26,26,0],"items_purged":[],"gold":136,"score":287,"play_id":"7b8909f5-e463-499f-9f66-58a3f1b6ddbc","local_time":"20180523182247","is_prod":false,"is_daily":false,"chose_seed":false,"is_ascension_mode":true,"campfire_upgraded":3,"win_rate":0.18181819,"timestamp":1527092567,"campfire_choices":[{"data":"Infinite Blades","floor":6,"key":"SMITH"},{"data":"Noxious Fumes","floor":10,"key":"SMITH"},{"floor":13,"key":"REST"},{"floor":15,"key":"REST"},{"data":"Tools of the Trade","floor":23,"key":"SMITH"},{"floor":25,"key":"REST"}],"path_taken":["M","M","$","?","?","R","M","E","T","R","?","E","R","M","R","BOSS","M","$","?","?","M","R","E","R","T","M"],"build_version":"2018-05-22","seed_source_timestamp":36951749498332,"purchased_purges":0,"victory":false,"master_deck":["Defend_G","Defend_G","Defend_G","Defend_G+1","Strike_G","Strike_G","Strike_G","Strike_G","Strike_G","Survivor","Neutralize","Noxious Fumes+1","Dash","Crippling Poison","Flying Knee","Dagger Throw","Deadly Poison+1","Bane","Infinite Blades+1","Grand Finale","Tools of the Trade+1","Underhanded Strike","Reflex","Underhanded Strike","Dagger Spray","Doppelganger","Footwork","Underhanded Strike","A Thousand Cuts"],"max_hp_per_floor":[70,70,70,70,70,70,70,70,70,70,70,70,70,70,70,70,70,72,72,72,72,72,72,72,72,72,72],"relics":["Orrery","Singing Bowl","Juzu Bracelet","Omamori","War Paint","Sozu","Medical Kit","Girya","Potion Belt"],"card_choices":[{"not_picked":["Backstab","Backflip"],"picked":"Noxious Fumes","floor":0},{"not_picked":["Dodge and Roll","Backflip"],"picked":"Dash","floor":0},{"not_picked":["Distraction","Poisoned Stab"],"picked":"Crippling Poison","floor":0},{"not_picked":["Masterful Stab","Quick Slash"],"picked":"Flying Knee","floor":0},{"not_picked":["Underhanded Strike","Poisoned Stab"],"picked":"Dagger Throw","floor":0},{"not_picked":["Deflect","Eviscerate"],"picked":"Deadly Poison","floor":1},{"not_picked":["Prepared","Predator"],"picked":"Bane","floor":2},{"not_picked":["Deflect","Dodge and Roll"],"picked":"Tools of the Trade","floor":5},{"not_picked":["Predator","Acrobatics"],"picked":"Underhanded Strike","floor":7},{"not_picked":["Flying Knee","Deadly Poison"],"picked":"Reflex","floor":8},{"not_picked":["Riddle With Holes","Dodge and Roll"],"picked":"Underhanded Strike","floor":12},{"not_picked":["Slice","Blade Dance"],"picked":"Dagger Spray","floor":14},{"not_picked":["Venomology","Tools of the Trade"],"picked":"Doppelganger","floor":16},{"not_picked":["Poisoned Stab","Sucker Punch","Dodge and Roll"],"picked":"Singing Bowl","floor":18},{"not_picked":["PiercingWail","Bane"],"picked":"Underhanded Strike","floor":22},{"not_picked":["Bouncing Flask+1","Reflex+1"],"picked":"A Thousand Cuts","floor":24}],"player_experience":194782,"potions_floor_usage":[8,12,14],"damage_taken":[{"damage":0,"enemies":"Jaw Worm","floor":1,"turns":4},{"damage":0,"enemies":"Cultist","floor":2,"turns":3},{"damage":6,"enemies":"2 Louse","floor":5,"turns":2},{"damage":9,"enemies":"Looter","floor":7,"turns":3},{"damage":22,"enemies":"Gremlin Nob","floor":8,"turns":5},{"damage":12,"enemies":"3 Sentries","floor":12,"turns":7},{"damage":20,"enemies":"3 Louse","floor":14,"turns":4},{"damage":17,"enemies":"Hexaghost","floor":16,"turns":8},{"damage":25,"enemies":"Chosen","floor":18,"turns":5},{"damage":0,"enemies":"3 Byrds","floor":22,"turns":5},{"damage":67,"enemies":"Book of Stabbing","floor":24,"turns":6},{"damage":32,"enemies":"Centurion and Healer","floor":27,"turns":4}],"relics_obtained":[{"floor":8,"key":"Singing Bowl"},{"floor":9,"key":"Juzu Bracelet"},{"floor":12,"key":"War Paint"},{"floor":24,"key":"Girya"},{"floor":26,"key":"Potion Belt"}],"event_choices":[{"event_name":"Transmorgrifier","player_choice":"Transform","floor":4,"damage_taken":0},{"event_name":"Scrap Ooze","player_choice":"success","floor":11,"damage_taken":12},{"event_name":"The Library","player_choice":"Heal","floor":20,"damage_taken":0},{"event_name":"Wheel of Change","player_choice":"Full Heal","floor":21,"damage_taken":0}],"boss_relics":[{"not_picked":["Tiny House","Calling Bell"],"picked":"Sozu"}],"items_purged_floors":[],"potions_floor_spawned":[5,8,12,18],"seed_played":"7784599716314935289","killed_by":"Centurion and Healer","ascension_level":4,"potions_obtained":[{"floor":5,"key":"EssenceOfSteel"},{"floor":8,"key":"SpeedPotion"},{"floor":12,"key":"Regen Potion"}],"is_trial":false}