{"gold_per_floor":[109,109,14,14,14,46,65,76,76,93,123,48,48,58,58,129,129,147,147,47,67,67,67,67],"floor_reached":24,"playtime":565,"items_purged":["Strike_R","Writhe"],"score":458,"play_id":"c610bddb-523e-43f8-bf44-52118f2389b5","local_time":"20190827144046","is_ascension_mode":true,"campfire_choices":[{"data":"Bash","floor":13,"key":"SMITH"},{"data":"Carnage","floor":15,"key":"SMITH"},{"data":"Battle Trance","floor":23,"key":"SMITH"}],"neow_cost":"NONE","seed_source_timestamp":17479799126003,"circlet_count":0,"master_deck":["AscendersBane","Strike_R","Strike_R+1","Strike_R","Defend_R","Defend_R","Defend_R","Defend_R+1","Bash+1","Sword Boomerang","Combust","Anger","Carnage+1","Ghostly Armor","Heavy Blade","Cleave","Evolve+1","Battle Trance+1","Demon Form+1","Decay","Decay","Shrug It Off"],"relics":["Burning Blood","NeowsBlessing","Frozen Egg 2","Blue Candle","Pen Nib","Calling Bell","Art of War","Gremlin Horn","Calipers","SsserpentHead"],"potions_floor_usage":[24,24],"damage_taken":[{"damage":0,"enemies":"2 Louse","floor":1,"turns":1},{"damage":0,"enemies":"Lagavulin","floor":6,"turns":1},{"damage":0,"enemies":"Jaw Worm","floor":7,"turns":1},{"damage":0,"enemies":"Cultist","floor":8,"turns":3},{"damage":0,"enemies":"2 Fungi Beasts","floor":10,"turns":2},{"damage":29,"enemies":"Gremlin Nob","floor":11,"turns":4},{"damage":5,"enemies":"Lots of Slimes","floor":14,"turns":2},{"damage":34,"enemies":"Hexaghost","floor":16,"turns":9},{"damage":31,"enemies":"2 Thieves","floor":18,"turns":3},{"damage":15,"enemies":"Chosen","floor":21,"turns":5},{"damage":34,"enemies":"Gremlin Leader","floor":24,"turns":2}],"seed_played":"-963573302663220215","potions_obtained":[{"floor":7,"key":"Explosive Potion"},{"floor":10,"key":"AttackPotion"},{"floor":11,"key":"AttackPotion"},{"floor":16,"key":"PowerPotion"}],"is_trial":false,"path_per_floor":["M","?","$","?","?","E","M","M","T","M","E","$","R","M","R","B",null,"M","?","$","M","$","R","E"],"character_chosen":"IRONCLAD","items_purchased":["Combust","Anger"],"campfire_rested":0,"item_purchase_floors":[3,3],"current_hp_per_floor":[74,51,51,51,44,50,56,62,62,68,45,45,45,46,46,18,61,36,36,36,27,27,27,0],"gold":67,"neow_bonus":"THREE_ENEMY_KILL","is_prod":false,"is_daily":false,"chose_seed":false,"campfire_upgraded":3,"win_rate":0,"timestamp":1566909646,"path_taken":["M","?","$","?","?","E","M","M","T","M","E","$","R","M","R","BOSS","M","?","$","M","$","R","E"],"build_version":"2019-07-17","purchased_purges":2,"victory":false,"max_hp_per_floor":[75,75,75,75,75,75,75,75,75,75,75,75,75,75,75,75,75,75,75,75,75,75,75,75],"card_choices":[{"not_picked":["Clash","Clothesline"],"picked":"Sword Boomerang","floor":1},{"not_picked":["Thunderclap","Clothesline"],"picked":"Carnage","floor":6},{"not_picked":["Thunderclap","Power Through"],"picked":"Ghostly Armor","floor":7},{"not_picked":["Body Slam","Warcry"],"picked":"Heavy Blade","floor":8},{"not_picked":["Thunderclap","Iron Wave"],"picked":"Cleave","floor":10},{"not_picked":["Wild Strike","Seeing Red"],"picked":"Evolve+1","floor":11},{"not_picked":["Limit Break","Armaments"],"picked":"Battle Trance","floor":14},{"not_picked":["Fiend Fire","Dark Embrace+1"],"picked":"Demon Form+1","floor":16},{"not_picked":["Headbutt","Heavy Blade"],"picked":"Shrug It Off","floor":18},{"not_picked":["Sword Boomerang","Perfected Strike","Seeing Red"],"picked":"SKIP","floor":21}],"player_experience":1981728,"relics_obtained":[{"floor":6,"key":"Frozen Egg 2"},{"floor":9,"key":"Blue Candle"},{"floor":11,"key":"Pen Nib"},{"floor":17,"key":"Art of War"},{"floor":17,"key":"Gremlin Horn"},{"floor":17,"key":"Calipers"}],"event_choices":[{"damage_healed":0,"gold_gain":0,"player_choice":"Entered Light","damage_taken":23,"max_hp_gain":0,"max_hp_loss":0,"event_name":"Shining Light","floor":2,"gold_loss":0,"cards_upgraded":["Defend_R","Strike_R"]},{"damage_healed":0,"gold_gain":0,"player_choice":"Ignored","damage_taken":0,"max_hp_gain":0,"max_hp_loss":0,"event_name":"Liars Game","floor":4,"gold_loss":0},{"cards_removed":["Strike_R"],"damage_healed":0,"gold_gain":0,"player_choice":"Card Removal","damage_taken":7,"max_hp_gain":0,"max_hp_loss":0,"event_name":"Golden Wing","floor":5,"gold_loss":0},{"damage_healed":0,"gold_gain":0,"player_choice":"Trade","damage_taken":0,"relics_obtained":["SsserpentHead"],"max_hp_gain":0,"max_hp_loss":0,"event_name":"FaceTrader","floor":19,"gold_loss":0}],"is_beta":false,"boss_relics":[{"not_picked":["Lizard Tail","Busted Crown"],"picked":"Calling Bell"}],"items_purged_floors":[12,20],"is_endless":false,"potions_floor_spawned":[7,10,11,16,18],"killed_by":"Gremlin Leader","ascension_level":20}