{"gold_per_floor":[109,122,122,102,117,117,142,157,157,191,207,207,207,207,207,281,281,301,57,77,97,113,113,143,143,143,143],"floor_reached":27,"playtime":1122,"items_purged":["Strike_G"],"score":586,"play_id":"3906cd85-3dc6-470f-ab7b-d20f0cea1c1e","local_time":"20190221202853","is_ascension_mode":true,"campfire_choices":[{"data":"Dagger Spray","floor":6,"key":"SMITH"},{"floor":13,"key":"REST"},{"data":"Neutralize","floor":15,"key":"SMITH"},{"floor":23,"key":"REST"},{"floor":25,"key":"REST"}],"neow_cost":"NONE","seed_source_timestamp":38658823269824,"circlet_count":0,"master_deck":["AscendersBane","Defend_G","Defend_G","Defend_G","Defend_G","Defend_G","Strike_G","Strike_G","Strike_G","Strike_G","Survivor","Neutralize+1","Quick Slash","Dagger Spray+1","Backflip","Bouncing Flask","Well Laid Plans","Crippling Poison+1","Corpse Explosion","Caltrops","Dash","Acrobatics","Backflip","Backflip"],"relics":["Ring of the Snake","Matryoshka","Blue Candle","Boot","Question Card","Mummified Hand","Philosopher\u0027s Stone","Bronze Scales","Art of War","Meat on the Bone","Ornamental Fan"],"potions_floor_usage":[7,10,11,21,27],"damage_taken":[{"damage":1,"enemies":"Small Slimes","floor":1,"turns":6},{"damage":7,"enemies":"Jaw Worm","floor":2,"turns":6},{"damage":0,"enemies":"Cultist","floor":5,"turns":4},{"damage":20,"enemies":"3 Sentries","floor":7,"turns":7},{"damage":1,"enemies":"2 Fungi Beasts","floor":8,"turns":3},{"damage":12,"enemies":"Lagavulin","floor":10,"turns":5},{"damage":11,"enemies":"Large Slime","floor":11,"turns":5},{"damage":0,"enemies":"The Guardian","floor":16,"turns":12},{"damage":13,"enemies":"Shell Parasite","floor":18,"turns":5},{"damage":0,"enemies":"Spheric Guardian","floor":20,"turns":3},{"damage":29,"enemies":"Shelled Parasite and Fungi","floor":21,"turns":3},{"damage":0,"enemies":"Centurion and Healer","floor":22,"turns":3},{"damage":22,"enemies":"Book of Stabbing","floor":24,"turns":5},{"damage":44,"enemies":"Slavers","floor":27,"turns":3}],"seed_played":"-1691760366685613720","potions_obtained":[{"floor":1,"key":"Fire Potion"},{"floor":2,"key":"SteroidPotion"},{"floor":8,"key":"PowerPotion"},{"floor":20,"key":"AttackPotion"},{"floor":21,"key":"Dexterity Potion"}],"is_trial":false,"path_per_floor":["M","M","?","?","M","R","E","M","T","E","M","?","R","?","R","B",null,"M","$","M","M","M","R","E","R","T","E"],"character_chosen":"THE_SILENT","items_purchased":["Bronze Scales"],"campfire_rested":3,"item_purchase_floors":[19],"current_hp_per_floor":[64,57,46,46,46,46,26,25,25,13,2,2,23,23,23,23,60,47,47,47,18,18,39,17,38,38,0],"gold":143,"neow_bonus":"TEN_PERCENT_HP_BONUS","is_prod":false,"is_daily":false,"chose_seed":false,"campfire_upgraded":2,"win_rate":0,"timestamp":1550777333,"path_taken":["M","M","?","?","M","R","E","?","T","E","M","?","R","?","R","BOSS","M","$","M","M","M","R","E","R","T","E"],"build_version":"2019-01-23","purchased_purges":1,"victory":false,"max_hp_per_floor":[72,72,72,72,72,72,72,72,72,72,72,72,72,72,72,72,72,72,72,72,72,72,72,72,72,72,72],"card_choices":[{"not_picked":["Finisher","Infinite Blades"],"picked":"Quick Slash","floor":1},{"not_picked":["Eviscerate","Blade Dance"],"picked":"Dagger Spray","floor":2},{"not_picked":["Escape Plan","Dagger Throw"],"picked":"Backflip","floor":5},{"not_picked":["Bane","Endless Agony","Sucker Punch"],"picked":"SKIP","floor":7},{"not_picked":["Riddle With Holes","Underhanded Strike"],"picked":"Bouncing Flask","floor":8},{"not_picked":["Slice","Setup","Blade Dance"],"picked":"Well Laid Plans","floor":10},{"not_picked":["Prepared","Bane","Glass Knife"],"picked":"Crippling Poison","floor":11},{"not_picked":["Night Terror","Adrenaline","Wraith Form v2"],"picked":"Corpse Explosion","floor":16},{"not_picked":["All Out Attack","Quick Slash","Deflect"],"picked":"Caltrops","floor":18},{"not_picked":["Predator+1","Poisoned Stab","Dodge and Roll"],"picked":"Dash","floor":20},{"not_picked":["Deflect","Outmaneuver","Prepared"],"picked":"Acrobatics","floor":21},{"not_picked":["Blade Dance+1","Sucker Punch","Expertise"],"picked":"Backflip","floor":22},{"not_picked":["Masterful Stab","Deflect","Concentrate+1"],"picked":"Backflip","floor":24}],"player_experience":1326739,"relics_obtained":[{"floor":7,"key":"Blue Candle"},{"floor":9,"key":"Boot"},{"floor":9,"key":"Question Card"},{"floor":10,"key":"Mummified Hand"},{"floor":24,"key":"Art of War"},{"floor":26,"key":"Meat on the Bone"},{"floor":26,"key":"Ornamental Fan"}],"event_choices":[{"damage_healed":0,"gold_gain":0,"player_choice":"Success","damage_taken":11,"relics_obtained":["Matryoshka"],"max_hp_gain":0,"max_hp_loss":0,"event_name":"Scrap Ooze","floor":3,"gold_loss":0},{"damage_healed":0,"gold_gain":0,"player_choice":"Bought 1 Potion","damage_taken":0,"max_hp_gain":0,"max_hp_loss":0,"event_name":"The Woman in Blue","floor":4,"gold_loss":0},{"damage_healed":0,"gold_gain":0,"player_choice":"Searched \u00270\u0027 times","damage_taken":0,"max_hp_gain":0,"max_hp_loss":0,"event_name":"Dead Adventurer","floor":12,"gold_loss":0},{"damage_healed":0,"gold_gain":0,"player_choice":"Forge","damage_taken":0,"max_hp_gain":0,"max_hp_loss":0,"event_name":"Accursed Blacksmith","floor":14,"gold_loss":0,"cards_upgraded":["Crippling Poison"]}],"is_beta":false,"boss_relics":[{"not_picked":["Empty Cage","Runic Pyramid"],"picked":"Philosopher\u0027s Stone"}],"items_purged_floors":[19],"is_endless":false,"potions_floor_spawned":[1,2,8,20,21],"killed_by":"Slavers","ascension_level":20}