{"gold_per_floor":[115,134,151,151,24,24,59,76,129,147,147,157,174,209,209,308,308,322,336,336,336,286,319,319,353,353,387,387,95,114,134,134,134],"floor_reached":33,"playtime":11352,"items_purged":["Strike_G","Strike_G"],"score":396,"play_id":"ece59fde-066f-4569-b57c-adc7cba7dece","local_time":"20190328164955","is_ascension_mode":true,"campfire_choices":[{"data":"Neutralize","floor":6,"key":"SMITH"},{"data":"Crippling Poison","floor":11,"key":"SMITH"},{"data":"Finisher","floor":15,"key":"SMITH"},{"floor":24,"key":"REST"},{"floor":28,"key":"REST"},{"floor":32,"key":"REST"}],"neow_cost":"NONE","seed_source_timestamp":114396655022056,"circlet_count":0,"master_deck":["Defend_G","Defend_G","Defend_G","Defend_G","Defend_G","Strike_G","Strike_G","Survivor","Neutralize+1","Noxious Fumes","Well Laid Plans","After Image","Quick Slash","Crippling Poison+1","Finisher+1","Dash","Underhanded Strike","Well Laid Plans","Leg Sweep+1","Envenom","Deadly Poison+1","Dagger Throw","RitualDagger","Backstab","PiercingWail","Sucker Punch+1","Dodge and Roll","Cloak And Dagger+1"],"relics":["Ring of the Snake","Darkstone Periapt","Smiling Mask","Art of War","Black Star","Omamori","Pocketwatch","Bag of Marbles","Anchor","Mercury Hourglass","Shovel","Orichalcum","War Paint"],"potions_floor_usage":[1,7,12,16,16,16,23,23,23,27,33,33],"damage_taken":[{"damage":0,"enemies":"Cultist","floor":1,"turns":3},{"damage":0,"enemies":"Small Slimes","floor":2,"turns":4},{"damage":0,"enemies":"Jaw Worm","floor":3,"turns":5},{"damage":13,"enemies":"Gremlin Nob","floor":7,"turns":5},{"damage":1,"enemies":"2 Fungi Beasts","floor":8,"turns":4},{"damage":0,"enemies":"Exordium Wildlife","floor":10,"turns":4},{"damage":0,"enemies":"3 Louse","floor":12,"turns":3},{"damage":9,"enemies":"Large Slime","floor":13,"turns":6},{"damage":4,"enemies":"Lagavulin","floor":14,"turns":7},{"damage":5,"enemies":"Slime Boss","floor":16,"turns":15},{"damage":14,"enemies":"Shell Parasite","floor":18,"turns":8},{"damage":12,"enemies":"3 Byrds","floor":19,"turns":5},{"damage":7,"enemies":"Book of Stabbing","floor":23,"turns":7},{"damage":48,"enemies":"Slavers","floor":25,"turns":7},{"damage":3,"enemies":"Book of Stabbing","floor":27,"turns":8},{"damage":0,"enemies":"Shelled Parasite and Fungi","floor":30,"turns":4},{"damage":10,"enemies":"Snake Plant","floor":31,"turns":6},{"damage":51,"enemies":"Collector","floor":33,"turns":6}],"seed_played":"4415091388575135832","potions_obtained":[{"floor":0,"key":"SteroidPotion"},{"floor":0,"key":"EntropicBrew"},{"floor":0,"key":"PowerPotion"},{"floor":1,"key":"SkillPotion"},{"floor":10,"key":"EssenceOfSteel"},{"floor":19,"key":"SpeedPotion"},{"floor":25,"key":"Dexterity Potion"},{"floor":27,"key":"SpeedPotion"},{"floor":30,"key":"SpeedPotion"}],"is_trial":false,"path_per_floor":["M","M","M","?","$","R","E","M","T","M","R","M","M","E","R","B",null,"M","M","?","?","$","E","R","E","T","E","R","$","M","M","R","B"],"character_chosen":"THE_SILENT","items_purchased":["After Image","Quick Slash","War Paint","AttackPotion","Dodge and Roll"],"campfire_rested":3,"item_purchase_floors":[5,5,29,29,29],"current_hp_per_floor":[70,70,70,70,70,70,57,56,56,56,56,56,47,43,43,38,62,48,36,59,53,53,46,67,19,19,16,37,37,37,27,48,0],"gold":134,"neow_bonus":"THREE_SMALL_POTIONS","is_prod":false,"is_daily":false,"chose_seed":false,"campfire_upgraded":3,"win_rate":0,"timestamp":1553816995,"path_taken":["M","M","M","?","$","R","E","M","T","?","R","M","M","E","R","BOSS","M","M","?","?","$","E","R","E","T","E","R","$","M","M","R","BOSS"],"build_version":"2019-01-23","purchased_purges":2,"victory":false,"max_hp_per_floor":[70,70,70,70,70,70,70,70,70,70,70,70,70,70,70,70,70,70,70,70,70,70,70,70,70,70,70,70,70,70,70,70,70],"card_choices":[{"not_picked":["Deadly Poison","PiercingWail"],"picked":"Noxious Fumes","floor":1},{"not_picked":["Slice","Prepared","Blade Dance"],"picked":"SKIP","floor":2},{"not_picked":["Deadly Poison","Bane"],"picked":"Well Laid Plans","floor":3},{"not_picked":["Slice","Riddle With Holes"],"picked":"Crippling Poison","floor":7},{"not_picked":["Well Laid Plans","Terror"],"picked":"Finisher","floor":8},{"not_picked":["Dagger Spray","Skewer"],"picked":"Dash","floor":10},{"not_picked":["Distraction","Crippling Poison"],"picked":"Underhanded Strike","floor":12},{"not_picked":["Infinite Blades","Quick Slash"],"picked":"Well Laid Plans","floor":13},{"not_picked":["Dagger Throw","Well Laid Plans"],"picked":"Leg Sweep","floor":14},{"not_picked":["Tools of the Trade","After Image"],"picked":"Envenom","floor":16},{"not_picked":["Deflect","Slice"],"picked":"Deadly Poison","floor":18},{"not_picked":["Slice","Outmaneuver+1"],"picked":"Dagger Throw","floor":19},{"not_picked":["Deadly Poison+1","Accuracy"],"picked":"Backstab","floor":23},{"not_picked":["Well Laid Plans","Finisher"],"picked":"PiercingWail","floor":25},{"not_picked":["Storm of Steel","Slice"],"picked":"Sucker Punch+1","floor":27},{"not_picked":["Poisoned Stab","Dodge and Roll"],"picked":"Cloak And Dagger+1","floor":30},{"not_picked":["Quick Slash+1","Terror","Cloak And Dagger"],"picked":"SKIP","floor":31}],"player_experience":467700,"relics_obtained":[{"floor":7,"key":"Darkstone Periapt"},{"floor":9,"key":"Smiling Mask"},{"floor":14,"key":"Art of War"},{"floor":23,"key":"Omamori"},{"floor":23,"key":"Pocketwatch"},{"floor":25,"key":"Bag of Marbles"},{"floor":25,"key":"Anchor"},{"floor":26,"key":"Mercury Hourglass"},{"floor":27,"key":"Shovel"},{"floor":27,"key":"Orichalcum"}],"event_choices":[{"cards_removed":["Strike_G"],"damage_healed":0,"gold_gain":0,"player_choice":"Offered Basic","damage_taken":0,"max_hp_gain":0,"max_hp_loss":0,"event_name":"Bonfire Elementals","floor":4,"gold_loss":0},{"damage_healed":23,"gold_gain":0,"player_choice":"Heal","damage_taken":0,"max_hp_gain":0,"max_hp_loss":0,"event_name":"The Library","floor":20,"gold_loss":0},{"damage_healed":0,"gold_gain":0,"player_choice":"Joined the Cult","damage_taken":6,"max_hp_gain":0,"max_hp_loss":0,"event_name":"Nest","floor":21,"gold_loss":0,"cards_obtained":["RitualDagger"]}],"is_beta":false,"boss_relics":[{"not_picked":["Ring of the Serpent","Empty Cage"],"picked":"Black Star"}],"items_purged_floors":[22,29],"is_endless":false,"potions_floor_spawned":[1,2,10,19,25,27,30],"killed_by":"Collector","ascension_level":5}