{"gold_per_floor":[112,112,37,56,71,71,88,88,111,127,24,34,61,61,61,161,161,151,165,165,181,200,200,220,255,326,326,326,326,326,13,13,117,117,136,136],"floor_reached":36,"playtime":1338,"items_purged":["Defend_B"],"score":409,"play_id":"5b354c41-dbac-4ca3-80c0-8531a4d326b6","local_time":"20190704232449","is_ascension_mode":false,"campfire_choices":[{"data":"Zap","floor":6.0,"key":"SMITH"},{"data":"Loop","floor":8.0,"key":"SMITH"},{"floor":15.0,"key":"REST"},{"floor":23.0,"key":"REST"},{"floor":28.0,"key":"REST"},{"data":"Storm","floor":30.0,"key":"SMITH"},{"floor":32.0,"key":"REST"}],"neow_cost":"NONE","seed_source_timestamp":1558644038415233,"circlet_count":0,"master_deck":["Defend_B","Defend_B","Defend_B","Zap+1","Dualcast","Redo","Double Energy","FTL","Loop+1","Go for the Eyes","Conserve Battery","Force Field","Auto Shields","Capacitor","Storm+1","Core Surge","Self Repair","Ball Lightning","Rebound+1","Storm","White Noise","Ball Lightning+1","Bite","Bite","Bite","Bite","Bite","White Noise","Conserve Battery","Self Repair","Core Surge","Go for the Eyes+1"],"special_seed":0,"relics":["Cracked Core","Oddly Smooth Stone","Pen Nib","StoneCalendar","Lizard Tail","Centennial Puzzle","Sundial","Regal Pillow"],"potions_floor_usage":[36,36],"damage_taken":[{"damage":11.0,"enemies":"Jaw Worm","floor":1.0,"turns":3.0},{"damage":0.0,"enemies":"Cultist","floor":4.0,"turns":3.0},{"damage":0.0,"enemies":"2 Louse","floor":5.0,"turns":2.0},{"damage":0.0,"enemies":"Large Slime","floor":7.0,"turns":5.0},{"damage":0.0,"enemies":"2 Fungi Beasts","floor":10.0,"turns":3.0},{"damage":11.0,"enemies":"Gremlin Gang","floor":12.0,"turns":4.0},{"damage":8.0,"enemies":"Lagavulin","floor":13.0,"turns":5.0},{"damage":30.0,"enemies":"Hexaghost","floor":16.0,"turns":9.0},{"damage":26.0,"enemies":"2 Thieves","floor":18.0,"turns":5.0},{"damage":20.0,"enemies":"Shell Parasite","floor":19.0,"turns":7.0},{"damage":40.0,"enemies":"Centurion and Healer","floor":21.0,"turns":6.0},{"damage":4.0,"enemies":"Chosen and Byrds","floor":22.0,"turns":6.0},{"damage":50.0,"enemies":"Cultist and Chosen","floor":24.0,"turns":7.0},{"damage":24.0,"enemies":"Gremlin Leader","floor":25.0,"turns":7.0},{"damage":37.0,"enemies":"Collector","floor":33.0,"turns":9.0},{"damage":17.0,"enemies":"Orb Walker","floor":35.0,"turns":3.0},{"damage":37,"enemies":"3 Darklings","floor":36,"turns":4}],"seed_played":"6062498379368899265","potions_obtained":[{"floor":1.0,"key":"SkillPotion"},{"floor":4.0,"key":"PowerPotion"},{"floor":7.0,"key":"PowerPotion"},{"floor":10.0,"key":"GamblersBrew"},{"floor":18.0,"key":"EssenceOfSteel"},{"floor":19.0,"key":"Fire Potion"},{"floor":24.0,"key":"Block Potion"},{"floor":25.0,"key":"SkillPotion"},{"floor":33.0,"key":"Dexterity Potion"},{"floor":35.0,"key":"Dexterity Potion"}],"is_trial":false,"path_per_floor":["M","?","$","M","M","R","M","R","T","M","$","M","E","$","R","B",null,"M","M","?","M","M","R","M","E","T","?","R","?","R","$","R","B",null,"M","M"],"character_chosen":"DEFECT","items_purchased":["Double Energy","Force Field","Auto Shields","Regal Pillow","Conserve Battery","Self Repair"],"campfire_rested":4,"item_purchase_floors":[3,11,11,31,31,31],"current_hp_per_floor":[64,64,64,64,64,64,64,64,64,64,64,53,45,45,67,37,75,49,36,61,21,24,46,37,20,20,20,35,35,35,35,52,37,52,35,0],"gold":136,"neow_bonus":"RANDOM_COMMON_RELIC","is_prod":false,"is_daily":false,"chose_seed":false,"campfire_upgraded":3,"win_rate":0,"timestamp":1562250289,"path_taken":["M","?","$","M","M","R","M","R","T","?","$","M","E","?","R","BOSS","M","M","?","M","M","R","M","E","T","?","R","?","R","$","R","BOSS","M","M"],"build_version":"2019-07-01","purchased_purges":1,"victory":false,"max_hp_per_floor":[75,75,75,75,75,75,75,75,75,75,75,75,75,75,75,75,75,75,75,75,75,75,75,75,75,75,52,52,52,52,52,52,52,52,52,52],"card_choices":[{"not_picked":["Chaos","Hologram"],"picked":"Redo","floor":1.0},{"not_picked":["Sweeping Beam","Tempest"],"picked":"FTL","floor":4.0},{"not_picked":["Gash","Scrape"],"picked":"Loop","floor":5.0},{"not_picked":["Turbo","Double Energy"],"picked":"Go for the Eyes","floor":7.0},{"not_picked":["Compile Driver","Lockon"],"picked":"Conserve Battery","floor":10.0},{"not_picked":["White Noise","Conserve Battery"],"picked":"Capacitor","floor":12.0},{"not_picked":["Amplify","Static Discharge"],"picked":"Storm","floor":13.0},{"not_picked":["Fission","Rainbow"],"picked":"Core Surge","floor":16.0},{"not_picked":["Steam","Chill"],"picked":"Self Repair","floor":18.0},{"not_picked":["Conserve Battery","Turbo"],"picked":"Ball Lightning","floor":19.0},{"not_picked":["Steam Power+1","Go for the Eyes"],"picked":"Rebound+1","floor":21.0},{"not_picked":["Leap","Cold Snap"],"picked":"Storm","floor":22.0},{"not_picked":["Loop","Rebound"],"picked":"White Noise","floor":24.0},{"not_picked":["Streamline","Chill+1"],"picked":"Ball Lightning+1","floor":25.0},{"not_picked":["Machine Learning","All For One"],"picked":"Core Surge","floor":33.0},{"not_picked":["Cold Snap","FTL"],"picked":"Go for the Eyes+1","floor":35.0}],"player_experience":207534,"relics_obtained":[{"floor":13.0,"key":"StoneCalendar"},{"floor":25.0,"key":"Centennial Puzzle"},{"floor":26.0,"key":"Sundial"}],"event_choices":[{"damage_healed":0.0,"max_hp_gain":0.0,"max_hp_loss":0.0,"gold_gain":0.0,"event_name":"WeMeetAgain","player_choice":"Gave Potion","floor":2.0,"gold_loss":0.0,"damage_taken":0.0,"relics_obtained":["Pen Nib"]},{"damage_healed":25.0,"max_hp_gain":0.0,"max_hp_loss":0.0,"gold_gain":0.0,"event_name":"The Library","player_choice":"Heal","floor":20.0,"gold_loss":0.0,"damage_taken":0.0},{"damage_healed":0.0,"max_hp_gain":0.0,"max_hp_loss":23.0,"gold_gain":0.0,"event_name":"Vampires","player_choice":"Became a vampire","floor":27.0,"gold_loss":0.0,"damage_taken":0.0,"cards_obtained":["Bite","Bite","Bite","Bite","Bite"]},{"damage_healed":0.0,"max_hp_gain":0.0,"max_hp_loss":0.0,"gold_gain":0.0,"event_name":"Duplicator","player_choice":"Copied","floor":29.0,"gold_loss":0.0,"damage_taken":0.0,"cards_obtained":["White Noise"]}],"is_beta":false,"boss_relics":[{"not_picked":["Busted Crown","FrozenCore"],"picked":"Lizard Tail"},{"not_picked":["Velvet Choker","Snecko Eye","Cursed Key"]}],"items_purged_floors":[31],"is_endless":false,"potions_floor_spawned":[1,4,7,10,18,19,24,25,33,35],"killed_by":"3 Darklings","ascension_level":0}