{"gold_per_floor":[119,119,44,61,61,87,87,119,169,188,517,517,535,549,549,652,652,662,673,673,688,700,700,700,700,752,764,796,835,865,877,889,1006,1018,1046,1058,1086,1109,1121,1133,1020,1032,1071,1083,1122,1154,1166,1193,1205,1217],"floor_reached":50,"playtime":1910,"items_purged":["Strike_R"],"score":756,"play_id":"952ca521-626a-4a3c-a652-035fe6f88cbf","local_time":"20181019205227","is_ascension_mode":true,"campfire_choices":[{"data":"Heavy Blade","floor":12.0,"key":"SMITH"},{"data":"Spot Weakness","floor":15.0,"key":"SMITH"},{"data":"Spot Weakness","floor":23.0,"key":"SMITH"},{"floor":25.0,"key":"REST"},{"floor":32.0,"key":"REST"},{"floor":40.0,"key":"REST"},{"data":"Power Through","floor":42.0,"key":"SMITH"},{"data":"Bash","floor":44.0,"key":"SMITH"},{"floor":47.0,"key":"REST"},{"floor":49.0,"key":"REST"}],"neow_cost":"NONE","seed_source_timestamp":0,"circlet_count":0,"master_deck":["Strike_R","Defend_R","Defend_R","Defend_R","Defend_R","Bash+1","Spot Weakness+1","Heavy Blade+1","Pummel","Spot Weakness+1","Power Through+1","Impervious","Evolve+1","Whirlwind+1","Writhe","Impervious","Heavy Blade+1"],"special_seed":0,"relics":["Burning Blood","NeowsBlessing","Red Skull","Bag of Marbles","Art of War","Old Coin","Philosopher\u0027s Stone","MutagenicStrength","MawBank","Gremlin Horn","Mercury Hourglass","Velvet Choker","Ginger","Ancient Tea Set","Blood Vial","Kunai"],"potions_floor_usage":[50],"damage_taken":[{"damage":0.0,"enemies":"Small Slimes","floor":1.0,"turns":1.0},{"damage":0.0,"enemies":"Jaw Worm","floor":4.0,"turns":1.0},{"damage":0.0,"enemies":"3 Sentries","floor":6.0,"turns":2.0},{"damage":35.0,"enemies":"Lagavulin","floor":8.0,"turns":6.0},{"damage":6.0,"enemies":"2 Louse","floor":10.0,"turns":2.0},{"damage":16.0,"enemies":"Gremlin Nob","floor":11.0,"turns":3.0},{"damage":16.0,"enemies":"Exordium Thugs","floor":13.0,"turns":3.0},{"damage":0.0,"enemies":"Blue Slaver","floor":14.0,"turns":1.0},{"damage":7.0,"enemies":"Slime Boss","floor":16.0,"turns":8.0},{"damage":6.0,"enemies":"Chosen","floor":18.0,"turns":3.0},{"damage":18.0,"enemies":"Spheric Guardian","floor":19.0,"turns":4.0},{"damage":24.0,"enemies":"Centurion and Healer","floor":21.0,"turns":5.0},{"damage":18.0,"enemies":"Sentry and Sphere","floor":22.0,"turns":5.0},{"damage":0.0,"enemies":"Snake Plant","floor":28.0,"turns":2.0},{"damage":36.0,"enemies":"Gremlin Leader","floor":29.0,"turns":3.0},{"damage":0.0,"enemies":"Snecko","floor":30.0,"turns":2.0},{"damage":55.0,"enemies":"Automaton","floor":33.0,"turns":7.0},{"damage":7.0,"enemies":"3 Darklings","floor":35.0,"turns":2.0},{"damage":8.0,"enemies":"Orb Walker","floor":37.0,"turns":2.0},{"damage":11.0,"enemies":"Sphere and 2 Shapes","floor":38.0,"turns":2.0},{"damage":22.0,"enemies":"Mind Bloom Boss Battle","floor":39.0,"turns":6.0},{"damage":42.0,"enemies":"Giant Head","floor":45.0,"turns":6.0},{"damage":1.0,"enemies":"Maw","floor":46.0,"turns":4.0},{"damage":0.0,"enemies":"Writhing Mass","floor":48.0,"turns":1.0},{"damage":88,"enemies":"Time Eater","floor":50,"turns":5}],"seed_played":"-153426489574425557","potions_obtained":[{"floor":6.0,"key":"Strength Potion"},{"floor":7.0,"key":"Regen Potion"},{"floor":7.0,"key":"Energy Potion"},{"floor":7.0,"key":"FearPotion"},{"floor":16.0,"key":"SkillPotion"},{"floor":33.0,"key":"Regen Potion"},{"floor":46.0,"key":"Weak Potion"}],"is_trial":false,"path_per_floor":["M","?","$","M","$","E","?","E","T","M","E","R","M","M","R","B",null,"M","M","?","M","M","R","?","R","T","$","M","E","M","?","R","B",null,"M","?","M","M","?","R","?","R","T","R","E","M","R","M","R"],"character_chosen":"IRONCLAD","items_purchased":[],"campfire_rested":5,"item_purchase_floors":[],"current_hp_per_floor":[78,78,78,80,80,80,80,51,51,51,41,41,31,37,37,36,69,69,57,57,39,27,27,27,51,51,51,57,36,42,42,66,17,64,63,63,61,56,40,64,64,64,64,64,30,37,61,69,80,0],"gold":1217,"neow_bonus":"THREE_ENEMY_KILL","is_prod":false,"is_daily":false,"chose_seed":false,"campfire_upgraded":5,"win_rate":0,"timestamp":1539953547,"path_taken":["M","?","?","M","$","E","?","E","T","M","E","R","M","M","R","BOSS","M","M","?","M","M","R","?","R","T","$","M","E","M","?","R","BOSS","M","?","M","M","?","R","?","R","T","R","E","M","R","M","R","BOSS"],"build_version":"2018-10-18","purchased_purges":1,"victory":false,"max_hp_per_floor":[80,80,80,80,80,80,80,80,80,80,80,80,80,80,80,80,80,80,80,80,80,80,80,80,80,80,80,80,80,80,80,80,80,80,80,80,80,80,80,80,80,80,80,80,80,80,80,80,80,80],"card_choices":[{"not_picked":["Armaments","True Grit","Havoc"],"picked":"SKIP","floor":1.0},{"not_picked":["Warcry","Reckless Charge"],"picked":"Spot Weakness","floor":4.0},{"not_picked":["Perfected Strike","Feel No Pain"],"picked":"Heavy Blade","floor":6.0},{"not_picked":["Uppercut","Power Through","Searing Blow"],"picked":"SKIP","floor":8.0},{"not_picked":["Fire Breathing","Brutality"],"picked":"Pummel","floor":10.0},{"not_picked":["Flex","Entrench"],"picked":"Spot Weakness","floor":11.0},{"not_picked":["Headbutt","Corruption"],"picked":"Power Through","floor":13.0},{"not_picked":["Pommel Strike","Body Slam","Armaments"],"picked":"SKIP","floor":14.0},{"not_picked":["Barricade","Fiend Fire"],"picked":"Impervious","floor":16.0},{"not_picked":["Fire Breathing","Iron Wave"],"picked":"Evolve+1","floor":18.0},{"not_picked":["Metallicize","Headbutt","Body Slam"],"picked":"SKIP","floor":19.0},{"not_picked":["Evolve+1","Combust"],"picked":"Whirlwind+1","floor":21.0},{"not_picked":["Infernal Blade","Clash","Perfected Strike"],"picked":"SKIP","floor":22.0},{"not_picked":["Infernal Blade","Clash","Perfected Strike"],"picked":"SKIP","floor":22.0},{"not_picked":["Warcry+1","True Grit","Flex"],"picked":"SKIP","floor":28.0},{"not_picked":["Pommel Strike","Perfected Strike","Sentinel"],"picked":"SKIP","floor":29.0},{"not_picked":["Iron Wave","Bloodletting","Reckless Charge"],"picked":"SKIP","floor":30.0},{"not_picked":["Exhume","Bludgeon"],"picked":"Impervious","floor":33.0},{"not_picked":["Evolve+1","Havoc+1","Infernal Blade+1"],"picked":"SKIP","floor":35.0},{"not_picked":["Uppercut","Iron Wave"],"picked":"Heavy Blade+1","floor":37.0},{"not_picked":["Sentinel","Wild Strike","Fiend Fire"],"picked":"SKIP","floor":38.0},{"not_picked":["Flex","Infernal Blade+1","Thunderclap"],"picked":"SKIP","floor":45.0},{"not_picked":["Thunderclap","Metallicize","Shrug It Off"],"picked":"SKIP","floor":46.0},{"not_picked":["Armaments+1","Fire Breathing+1","Headbutt"],"picked":"SKIP","floor":48.0}],"player_experience":244359,"relics_obtained":[{"floor":6.0,"key":"Red Skull"},{"floor":8.0,"key":"Bag of Marbles"},{"floor":9.0,"key":"Art of War"},{"floor":11.0,"key":"Old Coin"},{"floor":26.0,"key":"MawBank"},{"floor":29.0,"key":"Gremlin Horn"},{"floor":39.0,"key":"Ginger"},{"floor":43.0,"key":"Blood Vial"},{"floor":45.0,"key":"Kunai"}],"event_choices":[{"cards_removed":["Strike_R"],"damage_healed":0.0,"max_hp_gain":0.0,"max_hp_loss":0.0,"gold_gain":0.0,"event_name":"Living Wall","player_choice":"Forget","floor":2.0,"gold_loss":0.0,"damage_taken":0.0},{"damage_healed":0.0,"max_hp_gain":0.0,"max_hp_loss":0.0,"gold_gain":0.0,"event_name":"The Lab","player_choice":"Got Potions","floor":7.0,"gold_loss":0.0,"damage_taken":0.0},{"damage_healed":0.0,"max_hp_gain":0.0,"max_hp_loss":0.0,"gold_gain":0.0,"event_name":"Drug Dealer","player_choice":"Inject Mutagens","floor":20.0,"gold_loss":0.0,"damage_taken":0.0,"relics_obtained":["MutagenicStrength"]},{"cards_removed":["Strike_R"],"damage_healed":0.0,"max_hp_gain":0.0,"max_hp_loss":0.0,"gold_gain":0.0,"event_name":"Bonfire Elementals","player_choice":"Offered Basic","floor":24.0,"gold_loss":0.0,"damage_taken":0.0},{"damage_healed":0.0,"max_hp_gain":0.0,"max_hp_loss":0.0,"gold_gain":0.0,"event_name":"The Mausoleum","player_choice":"Opened","floor":31.0,"gold_loss":0.0,"damage_taken":0.0,"relics_obtained":["Mercury Hourglass"],"cards_obtained":["Writhe"]},{"cards_removed":["Strike_R"],"damage_healed":0.0,"max_hp_gain":0.0,"max_hp_loss":0.0,"gold_gain":0.0,"event_name":"Falling","player_choice":"Removed Attack","floor":36.0,"gold_loss":0.0,"damage_taken":0.0},{"damage_healed":0.0,"max_hp_gain":0.0,"max_hp_loss":0.0,"gold_gain":0.0,"event_name":"MindBloom","player_choice":"Fight","floor":39.0,"gold_loss":0.0,"damage_taken":0.0},{"damage_healed":0.0,"max_hp_gain":0.0,"max_hp_loss":0.0,"gold_gain":0.0,"event_name":"WeMeetAgain","player_choice":"Paid Gold","floor":41.0,"gold_loss":125.0,"damage_taken":0.0,"relics_obtained":["Ancient Tea Set"]}],"is_beta":false,"boss_relics":[{"not_picked":["Coffee Dripper","Runic Cube"],"picked":"Philosopher\u0027s Stone"},{"not_picked":["Cursed Key","Eternal Feather"],"picked":"Velvet Choker"}],"items_purged_floors":[3],"is_endless":false,"potions_floor_spawned":[6,10,11,16,18,21,22,33,38,39,46],"killed_by":"Time Eater","ascension_level":6}