{"gold_per_floor":[110,128,139,154,154,187,187,201,201,126,91,126,26,42,42,140,140,160,160,179,179,199,199,228,228,228,240,255,272,8,8,8,105,105,120,133,148,165,265,290,12,32,32,85,85,85,95,95,95,95,95,95,15,41,41],"floor_reached":56,"playtime":5521,"items_purged":["Strike_G","Strike_G","Strike_G","Deadly Poison"],"score":1473,"play_id":"0a680f4c-75ed-499c-a9d8-4938ded9249b","local_time":"20191001220223","is_ascension_mode":true,"campfire_choices":[{"data":"Neutralize","floor":7,"key":"SMITH"},{"floor":15,"key":"REST"},{"data":"Calculated Gamble","floor":23,"key":"SMITH"},{"data":"After Image","floor":25,"key":"SMITH"},{"data":"Concentrate","floor":32,"key":"SMITH"},{"data":"Acrobatics","floor":45,"key":"SMITH"},{"floor":49,"key":"RECALL"},{"data":"Tactician","floor":52,"key":"SMITH"}],"neow_cost":"NONE","seed_source_timestamp":521384740742100,"circlet_count":0,"master_deck":["Defend_G","Defend_G","Defend_G","Defend_G","Survivor","Neutralize+1","Infinite Blades","Finisher","PiercingWail","Choke+1","Well Laid Plans","Dagger Throw+1","Escape Plan","After Image+1","Flying Knee+1","Concentrate+1","Calculated Gamble+1","Acrobatics+1","Flash of Steel+1","Backflip+1","Finesse","Tactician+1","Expertise"],"relics":["Ring of the Snake","Molten Egg 2","Mummified Hand","Oddly Smooth Stone","Busted Crown","Tough Bandages","Dodecahedron","Kunai","Empty Cage","Nunchaku","Orichalcum","Pocketwatch","Gremlin Horn"],"potions_floor_usage":[4,12,12,22,27,33,44,44,55,55,55],"damage_taken":[{"damage":9,"enemies":"2 Louse","floor":1,"turns":3},{"damage":7,"enemies":"Jaw Worm","floor":2,"turns":6},{"damage":0,"enemies":"Cultist","floor":3,"turns":4},{"damage":13,"enemies":"Exordium Wildlife","floor":4,"turns":6},{"damage":30,"enemies":"Gremlin Nob","floor":6,"turns":5},{"damage":5,"enemies":"Lots of Slimes","floor":8,"turns":4},{"damage":21,"enemies":"Lagavulin","floor":12,"turns":7},{"damage":1,"enemies":"3 Louse","floor":14,"turns":2},{"damage":17,"enemies":"Hexaghost","floor":16,"turns":11},{"damage":20,"enemies":"3 Byrds","floor":18,"turns":6},{"damage":0,"enemies":"Shell Parasite","floor":20,"turns":5},{"damage":0,"enemies":"Snake Plant","floor":22,"turns":4},{"damage":11,"enemies":"Book of Stabbing","floor":24,"turns":8},{"damage":11,"enemies":"Snecko","floor":27,"turns":8},{"damage":4,"enemies":"Shelled Parasite and Fungi","floor":28,"turns":5},{"damage":1,"enemies":"Sentry and Sphere","floor":29,"turns":6},{"damage":8,"enemies":"Collector","floor":33,"turns":8},{"damage":0,"enemies":"3 Darklings","floor":35,"turns":6},{"damage":4,"enemies":"3 Shapes","floor":36,"turns":4},{"damage":0,"enemies":"Writhing Mass","floor":37,"turns":5},{"damage":0,"enemies":"Jaw Worm Horde","floor":38,"turns":4},{"damage":2,"enemies":"Mind Bloom Boss Battle","floor":39,"turns":7},{"damage":0,"enemies":"Nemesis","floor":40,"turns":7},{"damage":21,"enemies":"Sphere and 2 Shapes","floor":42,"turns":6},{"damage":3,"enemies":"2 Orb Walkers","floor":44,"turns":5},{"damage":8,"enemies":"4 Shapes","floor":47,"turns":5},{"damage":26,"enemies":"Time Eater","floor":50,"turns":10},{"damage":0,"enemies":"Shield and Spear","floor":54,"turns":7},{"damage":69,"enemies":"The Heart","floor":55,"turns":11}],"seed_played":"-2312815190687522511","potions_obtained":[{"floor":1,"key":"LiquidBronze"},{"floor":2,"key":"Strength Potion"},{"floor":6,"key":"SkillPotion"},{"floor":8,"key":"SpeedPotion"},{"floor":18,"key":"SneckoOil"},{"floor":22,"key":"Ancient Potion"},{"floor":28,"key":"Swift Potion"},{"floor":33,"key":"Fire Potion"},{"floor":38,"key":"GamblersBrew"},{"floor":44,"key":"GhostInAJar"},{"floor":54,"key":"GamblersBrew"}],"is_trial":false,"path_per_floor":["M","M","M","M","?","E","R","M","T","$","?","E","$","M","R","B",null,"M","?","M","?","M","R","E","R","T","M","M","M","$","?","R","B",null,"M","M","M","M","?","E","$","M","T","?","R","$","M","$","R","B",null,"R","$","E","B",null],"character_chosen":"THE_SILENT","items_purchased":["Acrobatics","Flash of Steel+1","Finesse","Tactician","Expertise"],"campfire_rested":1,"item_purchase_floors":[30,30,41,41,53],"current_hp_per_floor":[68,61,61,48,48,18,18,13,13,13,32,11,11,10,33,16,77,57,57,57,43,43,43,32,32,32,21,17,16,16,16,16,8,77,77,73,73,73,71,71,71,50,50,47,47,47,39,39,39,13,77,77,77,77,8],"gold":41,"neow_bonus":"TEN_PERCENT_HP_BONUS","is_prod":false,"is_daily":false,"chose_seed":false,"campfire_upgraded":6,"win_rate":0,"timestamp":1569978143,"path_taken":["M","M","M","M","?","E","R","M","T","$","?","E","?","M","R","BOSS","M","?","?","?","M","R","E","R","T","?","M","M","$","?","R","BOSS","M","M","?","M","?","E","?","?","T","?","R","$","M","$","R","BOSS","R","$","E","BOSS"],"build_version":"2019-07-17","purchased_purges":4,"victory":true,"max_hp_per_floor":[77,77,77,77,77,77,77,77,77,77,77,77,77,77,77,77,77,77,77,77,77,77,77,77,77,77,77,77,77,77,77,77,77,77,77,77,77,77,77,77,77,77,77,77,77,77,77,77,77,77,77,77,77,77,77],"card_choices":[{"not_picked":["Terror","Prepared"],"picked":"Infinite Blades","floor":1},{"not_picked":["Eviscerate","Flechettes","Slice"],"picked":"SKIP","floor":2},{"not_picked":["Outmaneuver","Predator"],"picked":"Finisher","floor":3},{"not_picked":["Acrobatics","Dodge and Roll"],"picked":"PiercingWail","floor":4},{"not_picked":["Deflect","Heel Hook"],"picked":"Choke","floor":6},{"not_picked":["Slice+1","Flying Knee+1"],"picked":"Well Laid Plans","floor":8},{"not_picked":["Deadly Poison","Sucker Punch+1"],"picked":"Dagger Throw+1","floor":12},{"not_picked":["Reflex","Blade Dance"],"picked":"Escape Plan","floor":14},{"not_picked":["Unload+1","Corpse Explosion"],"picked":"After Image","floor":16},{"not_picked":[],"picked":"Flying Knee+1","floor":18},{"not_picked":[],"picked":"Concentrate","floor":20},{"not_picked":[],"picked":"Calculated Gamble","floor":22},{"not_picked":["Blade Dance"],"picked":"SKIP","floor":24},{"not_picked":["Quick Slash+1"],"picked":"SKIP","floor":27},{"not_picked":["Sucker Punch+1"],"picked":"SKIP","floor":28},{"not_picked":["PiercingWail+1"],"picked":"SKIP","floor":29},{"not_picked":["Flying Knee+1"],"picked":"SKIP","floor":35},{"not_picked":[],"picked":"Backflip+1","floor":36},{"not_picked":["Cloak And Dagger+1"],"picked":"SKIP","floor":37},{"not_picked":["Slice+1"],"picked":"SKIP","floor":38},{"not_picked":["Quick Slash+1"],"picked":"SKIP","floor":40},{"not_picked":["Dagger Spray+1"],"picked":"SKIP","floor":42},{"not_picked":["Sucker Punch+1"],"picked":"SKIP","floor":47},{"not_picked":["Leg Sweep"],"picked":"SKIP","floor":54}],"player_experience":121751,"relics_obtained":[{"floor":6,"key":"Molten Egg 2"},{"floor":9,"key":"Mummified Hand"},{"floor":12,"key":"Oddly Smooth Stone"},{"floor":24,"key":"Dodecahedron"},{"floor":26,"key":"Kunai"},{"floor":39,"key":"Nunchaku"},{"floor":40,"key":"Orichalcum"},{"floor":44,"key":"Pocketwatch"},{"floor":54,"key":"Gremlin Horn"}],"event_choices":[{"damage_healed":0,"gold_gain":0,"player_choice":"Ignored","damage_taken":0,"max_hp_gain":0,"max_hp_loss":0,"event_name":"Liars Game","floor":5,"gold_loss":0},{"damage_healed":19,"gold_gain":0,"player_choice":"Healed","damage_taken":0,"max_hp_gain":0,"max_hp_loss":0,"event_name":"The Cleric","floor":11,"gold_loss":35},{"damage_healed":0,"gold_gain":0,"player_choice":"Gave Potion","damage_taken":0,"relics_obtained":["Tough Bandages"],"max_hp_gain":0,"max_hp_loss":0,"event_name":"WeMeetAgain","floor":19,"gold_loss":0},{"damage_healed":0,"gold_gain":0,"player_choice":"POTION ","damage_taken":14,"max_hp_gain":0,"max_hp_loss":0,"event_name":"Knowing Skull","floor":21,"potions_obtained":["Block Potion"],"gold_loss":0,"cards_obtained":[]},{"damage_healed":0,"gold_gain":0,"cards_transformed":["Strike_G"],"player_choice":"Transformed","damage_taken":0,"max_hp_gain":0,"max_hp_loss":0,"event_name":"Transmorgrifier","floor":31,"gold_loss":0,"cards_obtained":["Deadly Poison"]},{"damage_healed":0,"gold_gain":0,"player_choice":"Fight","damage_taken":0,"max_hp_gain":0,"max_hp_loss":0,"event_name":"MindBloom","floor":39,"gold_loss":0},{"damage_healed":0,"gold_gain":0,"player_choice":"Fight","damage_taken":0,"max_hp_gain":0,"max_hp_loss":0,"event_name":"Mysterious Sphere","floor":44,"gold_loss":0}],"is_beta":false,"boss_relics":[{"not_picked":["Lizard Tail","Velvet Choker"],"picked":"Busted Crown"},{"not_picked":["Eternal Feather","Pandora\u0027s Box"],"picked":"Empty Cage"}],"items_purged_floors":[10,13,30,41],"is_endless":false,"potions_floor_spawned":[1,2,6,8,18,22,28,33,38,39,44,54],"ascension_level":4}