{"gold_per_floor":[118,138,138,155,155,155,171,171,171,189,204,225,150,185,185,276,276,297,297,297,497,497,497,511,511],"floor_reached":25,"playtime":1010,"items_purged":["Strike_R"],"score":355,"play_id":"2619e073-9baa-49e7-935e-5e62e98b848a","local_time":"20181027095035","is_ascension_mode":true,"campfire_choices":[{"data":"Rage","floor":6,"key":"SMITH"},{"data":"Rampage","floor":8,"key":"SMITH"},{"floor":15,"key":"REST"},{"data":"Armaments","floor":23,"key":"SMITH"}],"neow_cost":"NONE","seed_source_timestamp":5811353077427,"circlet_count":0,"master_deck":["Strike_R","Strike_R","Strike_R","Strike_R","Defend_R","Defend_R","Defend_R","Defend_R","Bash","AscendersBane","Heavy Blade","Rage+1","Flex","Rampage+1","Twin Strike","Armaments+1","Sword Boomerang","Heavy Blade","Impervious","Battle Trance","Pain","Offering","Shockwave","RitualDagger","Headbutt"],"relics":["Burning Blood","Vajra","Golden Idol","Darkstone Periapt","Kunai","Runic Dome","WarpedTongs"],"potions_floor_usage":[10,11,16,18],"damage_taken":[{"damage":7,"enemies":"Jaw Worm","floor":1,"turns":5},{"damage":5,"enemies":"2 Louse","floor":2,"turns":3},{"damage":4,"enemies":"Small Slimes","floor":4,"turns":4},{"damage":24,"enemies":"Exordium Wildlife","floor":7,"turns":6},{"damage":19,"enemies":"Exordium Thugs","floor":10,"turns":6},{"damage":5,"enemies":"Gremlin Gang","floor":11,"turns":6},{"damage":6,"enemies":"Blue Slaver","floor":12,"turns":4},{"damage":25,"enemies":"Lagavulin","floor":14,"turns":6},{"damage":30,"enemies":"The Guardian","floor":16,"turns":10},{"damage":12,"enemies":"3 Byrds","floor":18,"turns":4},{"damage":0,"enemies":"Spheric Guardian","floor":24,"turns":2},{"damage":66,"enemies":"Slavers","floor":25,"turns":4}],"seed_played":"2606228806754626356","potions_obtained":[{"floor":1,"key":"Weak Potion"},{"floor":10,"key":"Poison Potion"},{"floor":12,"key":"FearPotion"},{"floor":16,"key":"LiquidBronze"},{"floor":24,"key":"FearPotion"}],"is_trial":false,"path_per_floor":["M","M","?","M","?","R","M","R","T","M","M","M","$","E","R","B",null,"M","?","?","?","?","R","M"],"character_chosen":"IRONCLAD","items_purchased":[],"campfire_rested":1,"item_purchase_floors":[],"current_hp_per_floor":[67,68,68,70,68,68,50,50,50,37,38,38,38,19,39,15,55,49,55,55,55,49,49,55,0],"gold":511,"neow_bonus":"RANDOM_COMMON_RELIC","is_prod":false,"is_daily":false,"chose_seed":false,"campfire_upgraded":3,"win_rate":0,"timestamp":1540626635,"path_taken":["M","M","?","M","?","R","M","R","T","M","?","?","$","E","R","BOSS","M","?","?","?","?","R","M","E"],"build_version":"2018-10-25v2","purchased_purges":1,"victory":false,"max_hp_per_floor":[75,75,75,75,68,68,68,68,68,68,68,68,68,68,68,68,68,68,74,74,74,74,74,74,74],"card_choices":[{"not_picked":["Sever Soul","Havoc"],"picked":"Heavy Blade","floor":1},{"not_picked":["True Grit","Fire Breathing"],"picked":"Rage","floor":2},{"not_picked":["Power Through","Sentinel"],"picked":"Flex","floor":4},{"not_picked":["Warcry","Whirlwind"],"picked":"Rampage","floor":7},{"not_picked":["Anger","Shockwave"],"picked":"Twin Strike","floor":10},{"not_picked":["Carnage","Thunderclap"],"picked":"Armaments","floor":11},{"not_picked":["Body Slam","Flex"],"picked":"Sword Boomerang","floor":12},{"not_picked":["Perfected Strike","Armaments"],"picked":"Heavy Blade","floor":14},{"not_picked":["Feed","Berserk"],"picked":"Impervious","floor":16},{"not_picked":["Twin Strike","Clash"],"picked":"Battle Trance","floor":18},{"not_picked":["Flex","Intimidate"],"picked":"Headbutt","floor":24}],"player_experience":688407,"relics_obtained":[{"floor":9,"key":"Darkstone Periapt"},{"floor":14,"key":"Kunai"}],"event_choices":[{"damage_healed":0,"gold_gain":0,"player_choice":"Ignored","damage_taken":0,"max_hp_gain":0,"max_hp_loss":0,"event_name":"Liars Game","floor":3,"gold_loss":0},{"damage_healed":0,"gold_gain":0,"player_choice":"Lose Max HP","damage_taken":0,"relics_obtained":["Golden Idol"],"max_hp_gain":0,"max_hp_loss":7,"event_name":"Golden Idol","floor":5,"gold_loss":0},{"damage_healed":0,"gold_gain":0,"player_choice":"Rummage","damage_taken":0,"relics_obtained":["WarpedTongs"],"max_hp_gain":0,"max_hp_loss":0,"event_name":"Accursed Blacksmith","floor":19,"gold_loss":0,"cards_obtained":["Pain"]},{"damage_healed":0,"gold_gain":0,"player_choice":"2 cards matched","damage_taken":0,"max_hp_gain":0,"max_hp_loss":0,"event_name":"Match and Keep!","floor":20,"gold_loss":0,"cards_obtained":["Offering","Shockwave"]},{"damage_healed":0,"gold_gain":200,"player_choice":"Gold","damage_taken":0,"max_hp_gain":0,"max_hp_loss":0,"event_name":"Wheel of Change","floor":21,"gold_loss":0},{"damage_healed":0,"gold_gain":0,"player_choice":"Joined the Cult","damage_taken":6,"max_hp_gain":0,"max_hp_loss":0,"event_name":"Nest","floor":22,"gold_loss":0,"cards_obtained":["RitualDagger"]}],"is_beta":true,"boss_relics":[{"not_picked":["Runic Pyramid","Empty Cage"],"picked":"Runic Dome"}],"items_purged_floors":[13],"is_endless":false,"potions_floor_spawned":[1,10,12,16,24],"killed_by":"Slavers","ascension_level":15}