{"gold_per_floor":[118,118,137,0,17,50,62,94,94,104,104,117,117,128,128,203,203,218,218,218,234,253,253,253],"floor_reached":24,"playtime":1426,"items_purged":[],"score":368,"play_id":"4b952988-c9de-4d6a-b08b-b7bd84a161b5","local_time":"20181125073202","is_ascension_mode":true,"campfire_choices":[{"data":"Glass Knife","floor":11,"key":"SMITH"},{"data":"Footwork","floor":13,"key":"SMITH"},{"data":"Footwork","floor":15,"key":"SMITH"},{"floor":23,"key":"RECALL"}],"neow_cost":"NONE","seed_source_timestamp":3152640185699,"circlet_count":0,"master_deck":["AscendersBane","Defend_G","Defend_G","Defend_G","Defend_G","Defend_G","Strike_G","Strike_G","Strike_G","Strike_G","Strike_G","Survivor","Neutralize+1","Footwork+1","PiercingWail","Glass Knife+1","Dagger Throw","Well Laid Plans","Dodge and Roll","Slice","Blade Dance","Footwork+1","Distraction","Die Die Die","Terror","Necronomicurse","Dagger Spray","Noxious Fumes"],"relics":["Ring of the Snake","NeowsBlessing","Meat on the Bone","Pantograph","Coffee Dripper","Necronomicon"],"potions_floor_usage":[6,7,14,16,24],"damage_taken":[{"damage":0,"enemies":"2 Louse","floor":1,"turns":1},{"damage":0,"enemies":"Cultist","floor":3,"turns":1},{"damage":0,"enemies":"Jaw Worm","floor":5,"turns":1},{"damage":27,"enemies":"3 Sentries","floor":6,"turns":10},{"damage":1,"enemies":"3 Louse","floor":7,"turns":5},{"damage":42,"enemies":"Lagavulin","floor":8,"turns":12},{"damage":1,"enemies":"Red Slaver","floor":10,"turns":4},{"damage":1,"enemies":"Looter","floor":12,"turns":4},{"damage":16,"enemies":"Exordium Thugs","floor":14,"turns":5},{"damage":14,"enemies":"The Guardian","floor":16,"turns":16},{"damage":34,"enemies":"Chosen","floor":18,"turns":9},{"damage":6,"enemies":"Spheric Guardian","floor":21,"turns":6},{"damage":22,"enemies":"Centurion and Healer","floor":22,"turns":8},{"damage":13,"enemies":"Snake Plant","floor":24,"turns":5}],"seed_played":"-736763592927019376","potions_obtained":[{"floor":2,"key":"Dexterity Potion"},{"floor":2,"key":"Fire Potion"},{"floor":5,"key":"Explosive Potion"},{"floor":8,"key":"Poison Potion"},{"floor":12,"key":"PowerPotion"},{"floor":18,"key":"GhostInAJar"}],"is_trial":false,"path_per_floor":["M","?","M","$","M","E","M","E","T","M","R","M","R","M","R","B",null,"M","?","?","M","M","R","M"],"character_chosen":"THE_SILENT","items_purchased":["Glass Knife"],"campfire_rested":0,"item_purchase_floors":[4],"current_hp_per_floor":[59,59,59,59,59,32,43,13,13,24,24,35,35,31,31,42,60,38,17,17,23,13,13,0],"gold":253,"neow_bonus":"THREE_ENEMY_KILL","is_prod":false,"is_daily":false,"chose_seed":false,"campfire_upgraded":3,"win_rate":0,"timestamp":1543127522,"path_taken":["M","?","?","$","M","E","M","E","T","M","R","M","R","M","R","BOSS","M","?","?","M","M","R","M"],"build_version":"2018-11-15","purchased_purges":0,"victory":false,"max_hp_per_floor":[66,66,66,66,66,66,66,66,66,66,66,66,66,66,66,66,66,66,66,66,66,66,66,66],"card_choices":[{"not_picked":["Blade Dance","Distraction"],"picked":"Footwork","floor":1},{"not_picked":["Underhanded Strike","Acrobatics"],"picked":"PiercingWail","floor":3},{"not_picked":["Outmaneuver","Calculated Gamble"],"picked":"Dagger Throw","floor":5},{"not_picked":["Night Terror","Flying Knee"],"picked":"Well Laid Plans","floor":6},{"not_picked":["Dagger Spray","Choke"],"picked":"Dodge and Roll","floor":7},{"not_picked":["Choke","Prepared"],"picked":"Slice","floor":8},{"not_picked":["Accuracy","Outmaneuver"],"picked":"Blade Dance","floor":10},{"not_picked":["Accuracy","Cloak And Dagger"],"picked":"Footwork","floor":12},{"not_picked":["Flying Knee","Prepared"],"picked":"Distraction","floor":14},{"not_picked":["Grand Finale","Corpse Explosion"],"picked":"Die Die Die","floor":16},{"not_picked":["Bane+1","PiercingWail"],"picked":"Terror","floor":18},{"not_picked":["Concentrate","Masterful Stab"],"picked":"Dagger Spray","floor":21},{"not_picked":["PiercingWail","Flying Knee"],"picked":"Noxious Fumes","floor":22}],"player_experience":886058,"relics_obtained":[{"floor":6,"key":"Meat on the Bone"},{"floor":8,"key":"Pantograph"},{"floor":19,"key":"Necronomicon"}],"event_choices":[{"damage_healed":0,"gold_gain":0,"player_choice":"Got Potions","damage_taken":0,"max_hp_gain":0,"max_hp_loss":0,"event_name":"Lab","floor":2,"gold_loss":0},{"damage_healed":0,"gold_gain":0,"player_choice":"Obtained Book","damage_taken":21,"max_hp_gain":0,"max_hp_loss":0,"event_name":"Cursed Tome","floor":19,"gold_loss":0},{"damage_healed":0,"gold_gain":0,"player_choice":"Upgraded","damage_taken":0,"max_hp_gain":0,"max_hp_loss":0,"event_name":"Upgrade Shrine","floor":20,"gold_loss":0,"cards_upgraded":["Neutralize"]}],"is_beta":true,"boss_relics":[{"not_picked":["Empty Cage","HoveringKite"],"picked":"Coffee Dripper"}],"items_purged_floors":[],"is_endless":false,"potions_floor_spawned":[3,5,8,12,18],"killed_by":"Snake Plant","ascension_level":15}