{"gold_per_floor":[362,164,164,54,68,68,68,103,103,103,119,151,165,165],"floor_reached":14,"playtime":4119,"items_purged":["Strike_G"],"score":172,"play_id":"73af871f-6ab9-4fae-a5c2-104b83a21337","local_time":"20181124000510","is_ascension_mode":true,"campfire_choices":[{"data":"Noxious Fumes","floor":6,"key":"SMITH"},{"data":"Neutralize","floor":10,"key":"SMITH"}],"neow_cost":"PERCENT_DAMAGE","seed_source_timestamp":8225584485016,"circlet_count":0,"master_deck":["AscendersBane","Defend_G","Defend_G","Defend_G","Defend_G","Defend_G","Strike_G","Strike_G","Strike_G","Survivor","Neutralize+1","Cloak And Dagger","Noxious Fumes+1","Backstab","Flash of Steel","Noxious Fumes","Escape Plan","Well Laid Plans","Sucker Punch+1","Night Terror","Poisoned Stab+1"],"relics":["Ring of the Snake","Shuriken","Molten Egg 2","The Courier"],"potions_floor_usage":[8,12],"damage_taken":[{"damage":0,"enemies":"Jaw Worm","floor":1,"turns":6},{"damage":0,"enemies":"Cultist","floor":5,"turns":3},{"damage":26,"enemies":"Gremlin Nob","floor":8,"turns":4},{"damage":0,"enemies":"2 Louse","floor":11,"turns":2},{"damage":4,"enemies":"Lagavulin","floor":12,"turns":6},{"damage":8,"enemies":"Large Slime","floor":13,"turns":5},{"damage":6,"enemies":"Exordium Thugs","floor":14,"turns":2}],"seed_played":"7208884931399951793","potions_obtained":[{"floor":1,"key":"PowerPotion"},{"floor":8,"key":"AttackPotion"},{"floor":11,"key":"LiquidBronze"}],"is_trial":false,"path_per_floor":["M","$","?","$","M","R","?","E","T","R","M","E","M","M"],"character_chosen":"THE_SILENT","items_purchased":["Noxious Fumes","Backstab","Flash of Steel","Noxious Fumes"],"campfire_rested":0,"item_purchase_floors":[2,2,2,4],"current_hp_per_floor":[44,44,44,44,44,44,44,18,18,18,18,14,6,0],"gold":165,"neow_bonus":"TWO_FIFTY_GOLD","is_prod":false,"is_daily":false,"chose_seed":false,"campfire_upgraded":2,"win_rate":0,"timestamp":1543014310,"path_taken":["M","$","?","?","?","R","?","E","T","R","M","E","M","M"],"build_version":"2018-11-15","purchased_purges":1,"victory":false,"max_hp_per_floor":[66,66,66,66,66,66,66,66,66,66,66,66,66,66],"card_choices":[{"not_picked":["Expertise","Outmaneuver"],"picked":"Cloak And Dagger","floor":1},{"not_picked":["Bane","Acrobatics"],"picked":"Escape Plan","floor":5},{"not_picked":["Concentrate","Blur"],"picked":"Well Laid Plans","floor":8},{"not_picked":["Phantasmal Killer","Bouncing Flask"],"picked":"Sucker Punch+1","floor":11},{"not_picked":["Dagger Throw+1","Underhanded Strike+1"],"picked":"Night Terror","floor":12},{"not_picked":["Bane+1","Skewer+1"],"picked":"Poisoned Stab+1","floor":13}],"player_experience":877193,"relics_obtained":[{"floor":8,"key":"Shuriken"},{"floor":9,"key":"Molten Egg 2"},{"floor":12,"key":"The Courier"}],"event_choices":[{"cards_removed":["Strike_G"],"damage_healed":0,"gold_gain":0,"player_choice":"Offered Basic","damage_taken":0,"max_hp_gain":0,"max_hp_loss":0,"event_name":"Bonfire Elementals","floor":3,"gold_loss":0},{"damage_healed":0,"gold_gain":0,"player_choice":"Ignored","damage_taken":0,"max_hp_gain":0,"max_hp_loss":0,"event_name":"Liars Game","floor":7,"gold_loss":0}],"is_beta":true,"boss_relics":[],"items_purged_floors":[4],"is_endless":false,"potions_floor_spawned":[1,8,11],"killed_by":"Exordium Thugs","ascension_level":15}