{"gold_per_floor":[215,234,128,128,203,203,234,252,330,330,344,344,369,386,386,488,488,507,279,289,289,289,319,319,319,319,349,349,367,386,386,386,483,483,502,502,297,297,202,202,102,128,128,154,166,166,78,78,78,78],"floor_reached":51,"playtime":2666,"items_purged":["Strike_R","Clumsy","Bite","Bite"],"score":1024,"play_id":"ee1fae06-b2a0-46c0-b9e7-1d7c755ae3c1","local_time":"20181203211646","is_ascension_mode":true,"campfire_choices":[{"data":"Inflame","floor":6.0,"key":"SMITH"},{"data":"Sword Boomerang","floor":10.0,"key":"SMITH"},{"floor":12.0,"key":"REST"},{"data":"Demon Form","floor":15.0,"key":"SMITH"},{"data":"Heavy Blade","floor":25,"key":"SMITH"},{"floor":28,"key":"REST"},{"floor":32,"key":"REST"},{"data":"Heavy Blade","floor":40,"key":"SMITH"},{"data":"Offering","floor":46,"key":"SMITH"},{"floor":49,"key":"RECALL"}],"neow_cost":"NONE","seed_source_timestamp":1115257420243356,"circlet_count":0,"master_deck":["Defend_R","Defend_R","Defend_R","Defend_R","Bash","Sword Boomerang+1","Iron Wave","Inflame+1","Heavy Blade+1","Shrug It Off","Offering+1","Demon Form+1","Exhume","Pummel","Bite","Bite","Heavy Blade+1","Reaper","Blind","Ghostly Armor","True Grit"],"special_seed":0,"relics":["Burning Blood","Darkstone Periapt","Bag of Preparation","Cursed Key","PreservedInsect","Question Card","The Courier","Spirit Poop","Boot","Turnip","Nilry\u0027s Codex","Runic Dome","Omamori","Meat on the Bone","Smiling Mask","Dream Catcher"],"potions_floor_usage":[16,27,27,45,50,50,50],"damage_taken":[{"damage":10.0,"enemies":"2 Louse","floor":1.0,"turns":2.0},{"damage":7.0,"enemies":"Jaw Worm","floor":2.0,"turns":3.0},{"damage":25.0,"enemies":"Lagavulin","floor":7.0,"turns":5.0},{"damage":2.0,"enemies":"Small Slimes","floor":8.0,"turns":3.0},{"damage":8.0,"enemies":"Exordium Thugs","floor":11.0,"turns":3.0},{"damage":19.0,"enemies":"3 Sentries","floor":13.0,"turns":6.0},{"damage":6.0,"enemies":"Large Slime","floor":14.0,"turns":4.0},{"damage":22,"enemies":"Hexaghost","floor":16,"turns":6},{"damage":22,"enemies":"Shell Parasite","floor":18,"turns":4},{"damage":6,"enemies":"Chosen","floor":20,"turns":3},{"damage":47,"enemies":"Slavers","floor":23,"turns":4},{"damage":32,"enemies":"Book of Stabbing","floor":27,"turns":4},{"damage":26,"enemies":"Snecko","floor":29,"turns":5},{"damage":15,"enemies":"Cultist and Chosen","floor":30,"turns":5},{"damage":41,"enemies":"Champ","floor":33,"turns":8},{"damage":28,"enemies":"Orb Walker","floor":35,"turns":4},{"damage":30,"enemies":"Nemesis","floor":42,"turns":5},{"damage":55,"enemies":"Reptomancer","floor":44,"turns":5},{"damage":47,"enemies":"3 Darklings","floor":45,"turns":6},{"damage":92,"enemies":"Awakened One","floor":50,"turns":9}],"seed_played":"-6240272350039218229","potions_obtained":[{"floor":1.0,"key":"SkillPotion"},{"floor":11.0,"key":"Block Potion"},{"floor":13.0,"key":"GamblersBrew"},{"floor":14.0,"key":"Weak Potion"},{"floor":27,"key":"BloodPotion"},{"floor":30,"key":"Regen Potion"},{"floor":33,"key":"SkillPotion"}],"is_trial":false,"path_per_floor":["M","M","$","?","?","R","E","M","T","R","M","R","E","M","R","B",null,"M","$","M","?","T","E","?","R","T","E","R","M","M","?","R","B",null,"M","?","$","?","$","R","$","E","T","E","M","R","$","?","R","B",null],"character_chosen":"IRONCLAD","items_purchased":["Inflame","Heavy Blade","PreservedInsect","Omamori","Ghostly Armor","True Grit","Swift Potion"],"campfire_rested":3,"item_purchase_floors":[3,3,19,37,39,39,47],"current_hp_per_floor":[68,67,67,60,49,49,30,36,36,36,36,60,49,51,51,37,69,55,55,57,57,63,34,34,34,40,22,48,36,41,25,51,28,74,58,58,58,58,58,58,58,55,55,33,89,89,89,89,89,48],"gold":78,"neow_bonus":"HUNDRED_GOLD","is_prod":false,"is_daily":false,"chose_seed":false,"campfire_upgraded":6,"win_rate":0,"timestamp":1543843006,"path_taken":["M","M","$","?","?","R","E","M","T","R","M","R","E","M","R","BOSS","M","$","M","?","?","E","?","R","T","E","R","M","?","?","R","BOSS","M","?","$","?","?","R","$","E","T","E","M","R","$","?","R","BOSS"],"build_version":"2018-11-15","purchased_purges":4,"victory":true,"max_hp_per_floor":[80,80,80,80,80,80,80,80,80,80,80,80,80,80,80,80,80,80,80,80,80,86,86,83,83,89,89,89,89,89,89,89,89,89,89,89,89,89,89,89,89,89,89,89,89,89,89,89,89,89],"card_choices":[{"not_picked":["Second Wind","Body Slam"],"picked":"Sword Boomerang","floor":1.0},{"not_picked":["Armaments","Anger"],"picked":"Iron Wave","floor":2.0},{"not_picked":["Headbutt","Searing Blow"],"picked":"Shrug It Off","floor":7.0},{"not_picked":["Flex","Sword Boomerang"],"picked":"Offering","floor":8.0},{"not_picked":["Clash","True Grit","Havoc"],"picked":"SKIP","floor":11.0},{"not_picked":["Sword Boomerang","Disarm","Battle Trance"],"picked":"SKIP","floor":13.0},{"not_picked":["Iron Wave","Heavy Blade"],"picked":"Demon Form","floor":14.0},{"not_picked":["Immolate","Bludgeon"],"picked":"Exhume","floor":16},{"not_picked":["Power Through","Anger","Inflame"],"picked":"SKIP","floor":18},{"not_picked":["Clash","Whirlwind"],"picked":"Pummel","floor":20},{"not_picked":["Body Slam","Warcry","Combust","Reckless Charge"],"picked":"SKIP","floor":23},{"not_picked":["Warcry","Rampage+1","Corruption"],"picked":"Heavy Blade","floor":27},{"not_picked":["Warcry","Wild Strike","Feel No Pain+1","Iron Wave"],"picked":"SKIP","floor":29},{"not_picked":["Body Slam+1","Flex+1","Burning Pact","Bloodletting"],"picked":"SKIP","floor":30},{"not_picked":["Demon Form","Barricade","Brutality"],"picked":"Reaper","floor":33},{"not_picked":["Headbutt+1","Iron Wave+1","Dropkick","Thunderclap"],"picked":"SKIP","floor":35},{"not_picked":["Panacea","Sadistic Nature","Discovery"],"picked":"Blind","floor":36},{"not_picked":["Fiend Fire","Spot Weakness","Headbutt","Armaments+1"],"picked":"SKIP","floor":42},{"not_picked":["Clash","Disarm+1","Warcry+1","Headbutt+1"],"picked":"SKIP","floor":44},{"not_picked":["Barricade","Shrug It Off+1","Cleave+1","Iron Wave+1"],"picked":"SKIP","floor":45}],"player_experience":279125,"relics_obtained":[{"floor":7.0,"key":"Blood Vial"},{"floor":9.0,"key":"Darkstone Periapt"},{"floor":13.0,"key":"Bag of Preparation"},{"floor":22,"key":"Question Card"},{"floor":23,"key":"The Courier"},{"floor":26,"key":"Boot"},{"floor":27,"key":"Turnip"},{"floor":31,"key":"Nilry\u0027s Codex"},{"floor":42,"key":"Meat on the Bone"},{"floor":43,"key":"Smiling Mask"},{"floor":44,"key":"Dream Catcher"}],"event_choices":[{"cards_removed":["Strike_R"],"damage_healed":0.0,"max_hp_gain":0.0,"max_hp_loss":0.0,"gold_gain":0.0,"event_name":"Golden Wing","player_choice":"Card Removal","floor":4.0,"gold_loss":0.0,"damage_taken":7.0},{"damage_healed":0.0,"max_hp_gain":0.0,"max_hp_loss":0.0,"gold_gain":75.0,"event_name":"World of Goop","player_choice":"Gather Gold","floor":5.0,"gold_loss":0.0,"damage_taken":11.0},{"damage_healed":0,"gold_gain":0,"player_choice":"Became a vampire (Vial)","damage_taken":0,"max_hp_gain":0,"max_hp_loss":0,"event_name":"Vampires","floor":21,"relics_lost":["Blood Vial"],"gold_loss":0,"cards_obtained":["Bite","Bite","Bite","Bite","Bite"]},{"cards_removed":["Parasite"],"damage_healed":0,"gold_gain":0,"player_choice":"Offered Curse","damage_taken":0,"relics_obtained":["Spirit Poop"],"max_hp_gain":0,"max_hp_loss":0,"event_name":"Bonfire Elementals","floor":24,"gold_loss":0},{"damage_healed":0,"gold_gain":0,"player_choice":"Obtained Book","damage_taken":16,"max_hp_gain":0,"max_hp_loss":0,"event_name":"Cursed Tome","floor":31,"gold_loss":0},{"damage_healed":0,"gold_gain":0,"player_choice":"Memory 1","damage_taken":0,"max_hp_gain":0,"max_hp_loss":0,"event_name":"SensoryStone","floor":36,"gold_loss":0},{"damage_healed":0,"gold_gain":0,"player_choice":"Ignored","damage_taken":0,"max_hp_gain":0,"max_hp_loss":0,"event_name":"Tomb of Lord Red Mask","floor":38,"gold_loss":0},{"cards_removed":["Bite"],"damage_healed":0,"gold_gain":0,"player_choice":"Removed Attack","damage_taken":0,"max_hp_gain":0,"max_hp_loss":0,"event_name":"Falling","floor":48,"gold_loss":0}],"is_beta":false,"boss_relics":[{"not_picked":["Runic Cube","White Beast Statue"],"picked":"Cursed Key"},{"not_picked":["Black Blood","Coffee Dripper"],"picked":"Runic Dome"}],"items_purged_floors":[19,37,41,47],"is_endless":false,"potions_floor_spawned":[1,11,13,14,27,30,33,35,42],"ascension_level":7}