{"gold_per_floor":[112,122,190,201,201,201,226,236,318,318,347,347,372,372],"floor_reached":14,"playtime":302,"items_purged":[],"score":205,"play_id":"433e10b0-afb6-49dc-98eb-278c3518e844","local_time":"20181114184400","is_ascension_mode":true,"campfire_choices":[{"data":"Defragment","floor":6.0,"key":"SMITH"},{"data":"Zap","floor":10.0,"key":"SMITH"},{"floor":12.0,"key":"REST"}],"neow_cost":"NONE","seed_source_timestamp":0,"circlet_count":0,"master_deck":["AscendersBane","Strike_B","Strike_B","Strike_B","Defend_B","Defend_B","Defend_B","Defend_B","Zap+1","Dualcast","Auto Shields","Melter","Tempest","Defragment+1","Storm","Core Surge","Capacitor","Double Energy"],"special_seed":0,"relics":["Cracked Core","Ginger","Mercury Hourglass","PreservedInsect","Prayer Wheel"],"potions_floor_usage":[14,14],"damage_taken":[{"damage":2.0,"enemies":"Jaw Worm","floor":1.0,"turns":3.0},{"damage":10.0,"enemies":"Small Slimes","floor":2.0,"turns":3.0},{"damage":0.0,"enemies":"Cultist","floor":4.0,"turns":3.0},{"damage":29.0,"enemies":"3 Sentries","floor":7.0,"turns":6.0},{"damage":14.0,"enemies":"3 Louse","floor":8.0,"turns":2.0},{"damage":11.0,"enemies":"Gremlin Nob","floor":11.0,"turns":3.0},{"damage":19.0,"enemies":"Lagavulin","floor":13.0,"turns":4.0},{"damage":12,"enemies":"Lots of Slimes","floor":14,"turns":1}],"seed_played":"-1262106356112500158","potions_obtained":[{"floor":2.0,"key":"Strength Potion"},{"floor":4.0,"key":"FocusPotion"},{"floor":11.0,"key":"Dexterity Potion"}],"is_trial":false,"path_per_floor":["M","M","?","M","?","R","E","M","T","R","E","R","E","M"],"character_chosen":"DEFECT","items_purchased":[],"campfire_rested":1,"item_purchase_floors":[],"current_hp_per_floor":[69,59,59,59,59,59,30,16,16,16,5,28,9,0],"gold":372,"neow_bonus":"TEN_PERCENT_HP_BONUS","is_prod":false,"is_daily":false,"chose_seed":false,"campfire_upgraded":2,"win_rate":0,"timestamp":1542217440,"path_taken":["M","M","?","M","?","R","E","M","T","R","E","R","E","?"],"build_version":"2018-11-13","purchased_purges":0,"victory":false,"max_hp_per_floor":[78,78,78,78,78,78,78,78,78,78,78,78,78,78],"card_choices":[{"not_picked":["Redo","Beam Cell"],"picked":"Auto Shields","floor":1.0},{"not_picked":["Rebound","Gash"],"picked":"Melter","floor":2.0},{"not_picked":["Beam Cell","Force Field"],"picked":"Tempest","floor":4.0},{"not_picked":["Rebound","Beam Cell"],"picked":"Storm","floor":7.0},{"not_picked":["Leap","Coolheaded"],"picked":"Core Surge","floor":8.0},{"not_picked":["Barrage","Conserve Battery"],"picked":"Capacitor","floor":11.0},{"not_picked":["Loop","Barrage"],"picked":"Double Energy","floor":13.0}],"player_experience":804401,"relics_obtained":[{"floor":7.0,"key":"Ginger"},{"floor":9.0,"key":"Mercury Hourglass"},{"floor":11.0,"key":"PreservedInsect"},{"floor":13.0,"key":"Prayer Wheel"}],"event_choices":[{"damage_healed":0.0,"max_hp_gain":0.0,"max_hp_loss":0.0,"gold_gain":68.0,"event_name":"Golden Wing","player_choice":"Gained Gold","floor":3.0,"gold_loss":0.0,"damage_taken":0.0},{"damage_healed":0.0,"max_hp_gain":0.0,"max_hp_loss":0.0,"gold_gain":0.0,"cards_transformed":["Strike_B"],"event_name":"Transmorgrifier","player_choice":"Transformed","floor":5.0,"gold_loss":0.0,"damage_taken":0.0,"cards_obtained":["Defragment"]}],"is_beta":true,"boss_relics":[],"items_purged_floors":[],"is_endless":false,"potions_floor_spawned":[2,4,11,13],"killed_by":"Lots of Slimes","ascension_level":18}