{"path_per_floor":["M","?","M","M","M","E","?","M","T","$","E","R","$","$","R","B",null,"M","?","M","M","M","R","$","R","T","?","M","R","?","$","R"],"character_chosen":"DEFECT","items_purchased":["Sunder","Self Repair","Pen Nib","Capacitor","Happy Flower"],"gold_per_floor":[119,119,137,153,168,196,196,209,257,2,35,35,35,35,35,130,130,147,147,166,186,204,204,155,155,155,155,173,173,173,18,18,18],"floor_reached":33,"campfire_rested":2,"playtime":1367,"current_hp_per_floor":[68,68,68,62,59,43,43,29,29,29,28,28,28,28,50,41,75,73,73,48,47,35,35,35,35,35,21,21,21,21,21,45,0],"items_purged":[],"gold":18,"score":268,"play_id":"70c8673d-e450-4b8b-ac20-6b17f61fbeca","local_time":"20180517113116","is_prod":false,"is_daily":false,"chose_seed":false,"is_ascension_mode":true,"campfire_upgraded":4,"timestamp":1526549476,"campfire_choices":[{"data":"Sunder","floor":12,"key":"SMITH"},{"floor":15,"key":"REST"},{"data":"Electrodynamics","floor":23,"key":"SMITH"},{"data":"Hello World","floor":25,"key":"SMITH"},{"data":"Self Repair","floor":29,"key":"SMITH"},{"floor":32,"key":"REST"}],"path_taken":["M","?","M","?","?","E","?","M","T","$","E","R","?","$","R","BOSS","M","?","M","M","M","R","$","R","T","?","?","R","?","?","R","BOSS"],"build_version":"2018-05-16","seed_source_timestamp":7648843892159,"purchased_purges":0,"victory":false,"master_deck":["Strike_B","Strike_B","Strike_B","Defend_B","Defend_B","Defend_B","Defend_B","Zap","Dualcast","Ball Lightning","Hello World+1","Rebound","Thunder Strike","Barrage","Capacitor","Sunder+1","Self Repair+1","Beam Cell","Machine Learning","Beam Cell","Loop","Fusion","Electrodynamics+1","Ball Lightning","Capacitor","Tempest+1"],"max_hp_per_floor":[75,75,75,75,75,75,75,75,75,75,75,75,75,75,75,75,75,75,75,75,75,75,75,75,75,75,80,80,80,80,80,80,80],"relics":["Cracked Core","Mummified Hand","Bag of Marbles","Pen Nib","Bottled Flame","Nuclear Battery","Sundial","Happy Flower"],"card_choices":[{"not_picked":["Capacitor","Skim"],"picked":"Ball Lightning","floor":1},{"not_picked":["Reinforced Body","Streamline"],"picked":"Hello World","floor":3},{"not_picked":["Steam","Coolheaded"],"picked":"Rebound","floor":4},{"not_picked":["Chill","Reprogram"],"picked":"Thunder Strike","floor":5},{"not_picked":["Blizzard","Skim"],"picked":"Barrage","floor":6},{"not_picked":["Axe Kick","Go for the Eyes"],"picked":"Capacitor","floor":8},{"not_picked":["Leap","Rebound"],"picked":"Beam Cell","floor":11},{"not_picked":["Seek","All For One"],"picked":"Machine Learning","floor":16},{"not_picked":["Hologram","Skim"],"picked":"Beam Cell","floor":18},{"not_picked":["Reprogram","Steam"],"picked":"Fusion","floor":20},{"not_picked":["Beam Cell","Stack"],"picked":"Electrodynamics","floor":21},{"not_picked":["Gash","Steam+1"],"picked":"Ball Lightning","floor":22},{"not_picked":["Stack+1","Gash"],"picked":"Tempest+1","floor":28}],"player_experience":146162,"potions_floor_usage":[6,8,11,11,16,33,33],"damage_taken":[{"damage":7,"enemies":"Jaw Worm","floor":1,"turns":4},{"damage":0,"enemies":"Cultist","floor":3,"turns":3},{"damage":6,"enemies":"2 Louse","floor":4,"turns":3},{"damage":3,"enemies":"Red Slaver","floor":5,"turns":3},{"damage":16,"enemies":"Gremlin Nob","floor":6,"turns":3},{"damage":14,"enemies":"Gremlin Gang","floor":8,"turns":4},{"damage":8,"enemies":"Lagavulin","floor":11,"turns":3},{"damage":16,"enemies":"Slime Boss","floor":16,"turns":6},{"damage":9,"enemies":"3 Byrds","floor":18,"turns":5},{"damage":32,"enemies":"Shell Parasite","floor":20,"turns":5},{"damage":8,"enemies":"Snecko","floor":21,"turns":3},{"damage":19,"enemies":"Centurion and Healer","floor":22,"turns":4},{"damage":0,"enemies":"Snake Plant","floor":28,"turns":1},{"damage":69,"enemies":"Automaton","floor":33,"turns":6}],"relics_obtained":[{"floor":6,"key":"Mummified Hand"},{"floor":9,"key":"Bag of Marbles"},{"floor":11,"key":"Bottled Flame"},{"floor":26,"key":"Sundial"}],"event_choices":[{"event_name":"Bonfire Elementals","player_choice":"BASIC","floor":2,"damage_taken":0},{"event_name":"The Lab","player_choice":"Got Potions","floor":7,"damage_taken":0},{"event_name":"The Library","player_choice":"Read","floor":19,"damage_taken":0},{"event_name":"Forgotten Altar","player_choice":"Shed Blood","floor":27,"damage_taken":0},{"event_name":"Cursed Tome","player_choice":"Ignored","floor":30,"damage_taken":0}],"boss_relics":[{"not_picked":["Sozu","Snecko Eye"],"picked":"Nuclear Battery"}],"potions_floor_spawned":[3,11,21,22,28],"seed_played":"8003048716904953896","killed_by":"Automaton","ascension_level":1,"potions_obtained":[{"floor":3,"key":"AttackPotion"},{"floor":7,"key":"Poison Potion"},{"floor":7,"key":"Fire Potion"},{"floor":7,"key":"FocusPotion"},{"floor":11,"key":"SteroidPotion"},{"floor":21,"key":"Regen Potion"},{"floor":22,"key":"FearPotion"},{"floor":28,"key":"SteroidPotion"}],"is_trial":false}