{"gold_per_floor":[111,111,111,126,144,144,154,154,177,207,219,252,271,296,296,372,372,382,104,122,122,137,137,137,137,137,137,156,182,182,192,192,269,269,289,70,70,70,70,70,84,84,109,158,78,110,126,155,155,155],"floor_reached":50,"playtime":2311,"items_purged":[],"score":965,"play_id":"08444803-8716-41da-9a3a-0c04faec7845","local_time":"20180924102052","is_ascension_mode":true,"campfire_choices":[{"data":"Sweeping Beam","floor":6,"key":"SMITH"},{"data":"Storm","floor":8,"key":"SMITH"},{"floor":15,"key":"REST"},{"data":"Storm","floor":23,"key":"SMITH"},{"data":"Amplify","floor":25,"key":"SMITH"},{"data":"Loop","floor":30,"key":"SMITH"},{"data":"Capacitor","floor":32,"key":"SMITH"},{"data":"Thunder Strike","floor":40,"key":"SMITH"},{"data":"Defragment","floor":42,"key":"SMITH"},{"floor":49,"key":"REST"}],"neow_cost":"NONE","seed_source_timestamp":6085313982663,"circlet_count":0,"master_deck":["Strike_B","Strike_B+1","Strike_B","Defend_B","Defend_B+1","Defend_B","Zap","Dualcast","AscendersBane","Amplify+1","Storm+1","Cold Snap","Sweeping Beam+1","White Noise+1","Lockon","Leap+1","Streamline","Self Repair","Thunder Strike+1","Loop+1","Storm+1","Capacitor+1","Writhe","Thunder Strike","Double Energy","Self Repair+1","Self Repair","Echo Form","Ball Lightning","Loop","FTL","Defragment+1","Loop","Static Discharge","Static Discharge","Stack+1"],"relics":["Cracked Core","Potion Belt","Anchor","StoneCalendar","Orichalcum","Inserter","Meat on the Bone","Bag of Preparation","Shuriken","Red Mask","Nuclear Battery","DataDisk","FossilizedHelix","War Paint","Turnip","Oddly Smooth Stone","Singing Bowl"],"potions_floor_usage":[10,12,16,27,27,33,33,33,46,50,50,50],"damage_taken":[{"damage":1,"enemies":"2 Louse","floor":1,"turns":2},{"damage":10,"enemies":"Small Slimes","floor":4,"turns":2},{"damage":0,"enemies":"Cultist","floor":5,"turns":3},{"damage":8,"enemies":"Exordium Wildlife","floor":7,"turns":2},{"damage":18,"enemies":"Lagavulin","floor":10,"turns":3},{"damage":0,"enemies":"2 Fungi Beasts","floor":11,"turns":3},{"damage":0,"enemies":"3 Sentries","floor":12,"turns":2},{"damage":8,"enemies":"Blue Slaver","floor":13,"turns":3},{"damage":13,"enemies":"The Guardian","floor":16,"turns":8},{"damage":38,"enemies":"2 Thieves","floor":18,"turns":5},{"damage":0,"enemies":"Chosen","floor":20,"turns":4},{"damage":35,"enemies":"Shelled Parasite and Fungi","floor":22,"turns":5},{"damage":33,"enemies":"Slavers","floor":27,"turns":3},{"damage":3,"enemies":"Snecko","floor":28,"turns":3},{"damage":40,"enemies":"Masked Bandits","floor":29,"turns":4},{"damage":8,"enemies":"Snake Plant","floor":31,"turns":2},{"damage":30,"enemies":"Automaton","floor":33,"turns":6},{"damage":0,"enemies":"Orb Walker","floor":35,"turns":2},{"damage":37,"enemies":"Mind Bloom Boss Battle","floor":39,"turns":4},{"damage":24,"enemies":"3 Shapes","floor":41,"turns":2},{"damage":0,"enemies":"Mysterious Sphere","floor":44,"turns":2},{"damage":35,"enemies":"Giant Head","floor":46,"turns":6},{"damage":4,"enemies":"Maw","floor":47,"turns":4},{"damage":47,"enemies":"2 Orb Walkers","floor":48,"turns":4},{"damage":84,"enemies":"Awakened One","floor":50,"turns":3}],"seed_played":"-8719746769721272354","potions_obtained":[{"floor":4,"key":"PowerPotion"},{"floor":5,"key":"SmokeBomb"},{"floor":10,"key":"Explosive Potion"},{"floor":13,"key":"Poison Potion"},{"floor":16,"key":"Dexterity Potion"},{"floor":18,"key":"SpeedPotion"},{"floor":22,"key":"Strength Potion"},{"floor":28,"key":"Swift Potion"},{"floor":44,"key":"Swift Potion"},{"floor":46,"key":"LiquidBronze"},{"floor":47,"key":"Strength Potion"},{"floor":48,"key":"Ancient Potion"}],"is_trial":false,"path_per_floor":["M","?","?","M","M","R","M","R","T","E","M","E","M","T","R","B",null,"M","$","M","?","M","R","?","R","T","E","M","?","R","M","R","B",null,"M","$","?","?","?","R","M","R","T","?","$","E","M","E","R"],"character_chosen":"DEFECT","items_purchased":["Meat on the Bone","Storm","DataDisk","Loop","Static Discharge"],"campfire_rested":2,"item_purchase_floors":[19,19,36,36,45],"current_hp_per_floor":[63,49,54,44,44,44,36,36,36,18,18,18,10,10,32,26,64,33,33,52,52,36,36,61,61,61,54,51,30,30,34,34,57,71,76,76,72,72,72,72,58,58,58,65,65,59,72,49,71,0],"gold":155,"neow_bonus":"TRANSFORM_CARD","is_prod":false,"is_daily":false,"chose_seed":false,"campfire_upgraded":8,"win_rate":0,"timestamp":1537777252,"path_taken":["M","?","?","M","M","R","M","R","T","E","M","E","?","?","R","BOSS","M","$","M","?","M","R","?","R","T","E","M","?","R","M","R","BOSS","M","$","?","?","?","R","M","R","T","?","?","E","M","E","R","BOSS"],"build_version":"2018-09-20","purchased_purges":0,"victory":false,"max_hp_per_floor":[71,71,76,76,76,76,76,76,76,76,76,76,76,76,76,76,76,76,76,76,76,76,76,76,76,76,76,76,76,76,76,76,76,76,76,76,72,72,72,72,72,72,72,72,72,72,72,74,74,74],"card_choices":[{"not_picked":["Redo","Beam Cell"],"picked":"Storm","floor":1},{"not_picked":["Chaos","Undo"],"picked":"Cold Snap","floor":4},{"not_picked":["Stack","Conserve Battery"],"picked":"Sweeping Beam","floor":5},{"not_picked":["Reprogram","Hologram"],"picked":"White Noise","floor":7},{"not_picked":["Streamline","Stack"],"picked":"Lockon","floor":10},{"not_picked":["Coolheaded","Hologram"],"picked":"Leap","floor":11},{"not_picked":["Reprogram","Hologram"],"picked":"Streamline","floor":12},{"not_picked":["Streamline","Compile Driver"],"picked":"Self Repair","floor":13},{"not_picked":["Seek","Machine Learning"],"picked":"Thunder Strike","floor":16},{"not_picked":["Conserve Battery","Stack+1"],"picked":"Loop","floor":18},{"not_picked":["Gash+1","Go for the Eyes"],"picked":"Capacitor","floor":20},{"not_picked":["Gash","Cold Snap+1"],"picked":"Thunder Strike","floor":22},{"not_picked":["Compile Driver+1","Conserve Battery"],"picked":"Double Energy","floor":28},{"not_picked":["Chaos","Stack"],"picked":"Self Repair+1","floor":29},{"not_picked":["Redo+1","Barrage"],"picked":"Self Repair","floor":31},{"not_picked":["Hyperbeam","Thunder Strike"],"picked":"Echo Form","floor":33},{"not_picked":["Rebound","Melter"],"picked":"Ball Lightning","floor":35},{"not_picked":["Steam","Coolheaded"],"picked":"FTL","floor":39},{"not_picked":["Stack","Rip and Tear+1"],"picked":"Defragment","floor":41},{"not_picked":["Gash","Blizzard+1"],"picked":"Loop","floor":44},{"not_picked":["Recycle","Gash"],"picked":"Static Discharge","floor":46},{"not_picked":["Gash","Cold Snap"],"picked":"Stack+1","floor":47},{"not_picked":["Compile Driver","Tempest","Loop"],"picked":"Singing Bowl","floor":48}],"player_experience":510632,"relics_obtained":[{"floor":9,"key":"Potion Belt"},{"floor":10,"key":"Anchor"},{"floor":12,"key":"StoneCalendar"},{"floor":14,"key":"Orichalcum"},{"floor":26,"key":"Shuriken"},{"floor":29,"key":"Red Mask"},{"floor":39,"key":"FossilizedHelix"},{"floor":43,"key":"War Paint"},{"floor":44,"key":"Turnip"},{"floor":46,"key":"Oddly Smooth Stone"},{"floor":48,"key":"Singing Bowl"}],"event_choices":[{"event_name":"Shining Light","player_choice":"Entered Light","floor":2,"damage_taken":0},{"event_name":"Big Fish","player_choice":"Donut","floor":3,"damage_taken":0},{"event_name":"The Mausoleum","player_choice":"Yes","floor":21,"damage_taken":0},{"event_name":"The Library","player_choice":"Heal","floor":24,"damage_taken":0},{"event_name":"Masked Bandits","player_choice":"Fought Bandits","floor":29,"damage_taken":0},{"event_name":"Winding Halls","player_choice":"Max HP","floor":37,"damage_taken":0},{"event_name":"Falling","player_choice":"Removed Attack","floor":38,"damage_taken":0},{"event_name":"MindBloom","player_choice":"Fight","floor":39,"damage_taken":0},{"event_name":"Mysterious Sphere","player_choice":"Fight","floor":44,"damage_taken":0}],"is_beta":true,"boss_relics":[{"not_picked":["Lizard Tail","Black Star"],"picked":"Inserter"},{"not_picked":["Velvet Choker","Astrolabe"],"picked":"Nuclear Battery"}],"items_purged_floors":[],"is_endless":false,"potions_floor_spawned":[4,5,10,13,16,18,22,28,44,46,47,48],"killed_by":"Awakened One","ascension_level":14}