{"gold_per_floor":[115,115,133,58,58,98,98,132,132,132],"floor_reached":10,"playtime":421,"items_purged":["Strike_G"],"score":100,"play_id":"1271eba3-094e-4498-af18-043b2a281167","local_time":"20190905150719","is_ascension_mode":true,"campfire_choices":[{"floor":7.0,"key":"REST"}],"neow_cost":"NONE","seed_source_timestamp":9032160094200,"circlet_count":0,"master_deck":["Strike_G","Strike_G","Strike_G","Strike_G","Defend_G","Defend_G","Defend_G","Defend_G","Defend_G","Survivor","Neutralize","Bouncing Flask+1","PiercingWail"],"special_seed":0,"relics":["HoveringKite","Golden Idol","The Specimen","Ancient Tea Set","Thread and Needle"],"potions_floor_usage":[],"damage_taken":[{"damage":11.0,"enemies":"Jaw Worm","floor":1.0,"turns":5.0},{"damage":2.0,"enemies":"2 Louse","floor":3.0,"turns":2.0},{"damage":18.0,"enemies":"Gremlin Nob","floor":6.0,"turns":5.0},{"damage":29.0,"enemies":"Lagavulin","floor":8.0,"turns":9.0},{"damage":0,"enemies":"3 Sentries","floor":10,"turns":1}],"seed_played":"5213064152180781841","potions_obtained":[{"floor":1.0,"key":"EssenceOfSteel"},{"floor":8.0,"key":"SpeedPotion"}],"is_trial":false,"path_per_floor":["M","?","M","$","?","E","R","E","T","E"],"character_chosen":"THE_SILENT","items_purchased":[],"campfire_rested":1,"item_purchase_floors":[],"current_hp_per_floor":[52,35,33,33,33,15,36,7,7,7],"gold":132,"neow_bonus":"BOSS_RELIC","is_prod":false,"is_daily":false,"chose_seed":false,"campfire_upgraded":0,"win_rate":0,"timestamp":1567667239,"path_taken":["M","?","M","$","?","E","R","E","T","E"],"build_version":"2019-07-17","purchased_purges":1,"victory":false,"max_hp_per_floor":[70,70,70,70,70,70,70,70,70,70],"card_choices":[{"not_picked":["Expertise","Poisoned Stab"],"picked":"Bouncing Flask","floor":1.0},{"not_picked":["Concentrate","Flechettes"],"picked":"PiercingWail","floor":3.0},{"not_picked":["Well Laid Plans","Distraction","Slice"],"picked":"SKIP","floor":6.0},{"not_picked":["Distraction","Flechettes","Dodge and Roll"],"picked":"SKIP","floor":8.0}],"player_experience":299775,"relics_obtained":[{"floor":6.0,"key":"The Specimen"},{"floor":8.0,"key":"Ancient Tea Set"},{"floor":9.0,"key":"Thread and Needle"}],"event_choices":[{"damage_healed":0.0,"max_hp_gain":0.0,"max_hp_loss":0.0,"gold_gain":0.0,"event_name":"Golden Idol","player_choice":"Take Damage","floor":2.0,"gold_loss":0.0,"damage_taken":17.0,"relics_obtained":["Golden Idol"]},{"damage_healed":0.0,"max_hp_gain":0.0,"max_hp_loss":0.0,"gold_gain":0.0,"event_name":"Accursed Blacksmith","player_choice":"Forge","floor":5.0,"gold_loss":0.0,"damage_taken":0.0,"cards_upgraded":["Bouncing Flask"]}],"is_beta":false,"boss_relics":[],"items_purged_floors":[4],"is_endless":false,"potions_floor_spawned":[1,8],"killed_by":"3 Sentries","ascension_level":7}