{"gold_per_floor":[114,131,144,144,126,126,142,174,174,22,37,49,49,83,83,156,156,168,181,44,54,64,64,64],"floor_reached":24,"playtime":1130,"items_purged":["Strike_B"],"score":452,"play_id":"5ee5e4cb-5262-4c3b-951c-fe8d0ac1e863","local_time":"20181018183623","is_ascension_mode":true,"campfire_choices":[{"data":"Zap","floor":6,"key":"SMITH"},{"floor":13,"key":"REST"},{"floor":15,"key":"REST"},{"floor":23,"key":"REST"}],"neow_cost":"NONE","seed_source_timestamp":35210330998888,"circlet_count":0,"master_deck":["Strike_B","Strike_B","Strike_B","Defend_B","Defend_B","Defend_B","Defend_B","Zap+1","Dualcast","AscendersBane","Gash","Gash","Skim","Sweeping Beam","All For One","Leap","Reprogram","Gash","Gash","Rebound","Machine Learning","Coolheaded+1","FTL","Scrape","Leap","Coolheaded","Gash"],"relics":["Cracked Core","GremlinMask","Ice Cream","Cables","Letter Opener","Black Star"],"potions_floor_usage":[11,11,12,14,24],"damage_taken":[{"damage":7,"enemies":"Jaw Worm","floor":1,"turns":3},{"damage":1,"enemies":"Cultist","floor":2,"turns":3},{"damage":10,"enemies":"Small Slimes","floor":3,"turns":3},{"damage":19,"enemies":"Exordium Thugs","floor":5,"turns":4},{"damage":0,"enemies":"Large Slime","floor":7,"turns":5},{"damage":20,"enemies":"3 Sentries","floor":8,"turns":5},{"damage":8,"enemies":"Gremlin Gang","floor":11,"turns":3},{"damage":3,"enemies":"3 Louse","floor":12,"turns":3},{"damage":0,"enemies":"Gremlin Nob","floor":14,"turns":2},{"damage":22,"enemies":"The Guardian","floor":16,"turns":6},{"damage":12,"enemies":"Chosen","floor":18,"turns":3},{"damage":0,"enemies":"Spheric Guardian","floor":19,"turns":3},{"damage":18,"enemies":"3 Cultists","floor":21,"turns":4},{"damage":27,"enemies":"Sentry and Sphere","floor":22,"turns":4},{"damage":36,"enemies":"Slavers","floor":24,"turns":2}],"seed_played":"-6810361064777092061","potions_obtained":[{"floor":3,"key":"FocusPotion"},{"floor":5,"key":"Dexterity Potion"},{"floor":11,"key":"Weak Potion"},{"floor":12,"key":"Swift Potion"},{"floor":16,"key":"FocusPotion"},{"floor":19,"key":"Strength Potion"}],"is_trial":false,"path_per_floor":["M","M","M","?","M","R","M","E","T","$","M","M","R","E","R","B",null,"M","M","$","M","M","R"],"character_chosen":"DEFECT","items_purchased":["Reprogram","Scrape","Leap"],"campfire_rested":3,"item_purchase_floors":[10,20,20],"current_hp_per_floor":[64,63,53,53,34,34,34,14,14,14,6,3,26,26,49,27,65,53,53,53,35,8,31,0],"gold":64,"neow_bonus":"TEN_PERCENT_HP_BONUS","is_prod":false,"is_daily":false,"chose_seed":false,"campfire_upgraded":1,"win_rate":0,"timestamp":1539880583,"path_taken":["M","M","M","?","M","R","M","E","T","?","M","?","R","E","R","BOSS","M","M","$","M","M","R","E"],"build_version":"2018-10-17v3","purchased_purges":1,"victory":false,"max_hp_per_floor":[78,78,78,78,78,78,78,78,78,78,78,78,78,78,78,78,78,78,78,78,78,78,78,78],"card_choices":[{"not_picked":["Turbo","Leap"],"picked":"Gash","floor":1},{"not_picked":["Redo","Streamline"],"picked":"Gash","floor":2},{"not_picked":["Fusion","Aggregate"],"picked":"Skim","floor":3},{"not_picked":["Beam Cell","Turbo"],"picked":"Sweeping Beam","floor":5},{"not_picked":["Double Energy","Coolheaded"],"picked":"All For One","floor":7},{"not_picked":["Capacitor","Aggregate"],"picked":"Leap","floor":8},{"not_picked":["Aggregate","White Noise"],"picked":"Gash","floor":11},{"not_picked":["Cold Snap","Leap"],"picked":"Gash","floor":12},{"not_picked":["Ball Lightning","Hologram"],"picked":"Rebound","floor":14},{"not_picked":["Echo Form","Hyperbeam"],"picked":"Machine Learning","floor":16},{"not_picked":["Ball Lightning","Blizzard"],"picked":"Coolheaded+1","floor":18},{"not_picked":["Static Discharge","Fusion"],"picked":"FTL","floor":19},{"not_picked":["Stack","Leap"],"picked":"Coolheaded","floor":21},{"not_picked":["Recycle","Turbo"],"picked":"Gash","floor":22}],"player_experience":654945,"relics_obtained":[{"floor":8,"key":"Ice Cream"},{"floor":9,"key":"Cables"},{"floor":14,"key":"Letter Opener"}],"event_choices":[{"damage_healed":0,"gold_gain":0,"player_choice":"Trade","damage_taken":0,"relics_obtained":["GremlinMask"],"max_hp_gain":0,"max_hp_loss":0,"event_name":"FaceTrader","floor":4,"gold_loss":0}],"is_beta":true,"boss_relics":[{"not_picked":["White Beast Statue","Tiny House"],"picked":"Black Star"}],"items_purged_floors":[10],"is_endless":false,"potions_floor_spawned":[3,5,11,12,16,19,22],"killed_by":"Slavers","ascension_level":16}