{"gold_per_floor":[114,129,143,143,143,143,184,204,204,204,204,223,257,292,304,316],"floor_reached":16,"playtime":519,"items_purged":[],"score":207,"play_id":"6caa480c-bff5-4e1a-ad8a-ad5070f0886f","local_time":"20181202092026","is_ascension_mode":true,"campfire_choices":[{"data":"Uppercut","floor":6,"key":"SMITH"},{"data":"Pommel Strike","floor":11,"key":"SMITH"},{"data":"Rampage","floor":15,"key":"SMITH"}],"neow_cost":"NONE","seed_source_timestamp":1704231247641,"circlet_count":0,"master_deck":["AscendersBane","Strike_R","Strike_R","Strike_R","Strike_R","Strike_R","Defend_R","Defend_R","Defend_R","Defend_R","Bash","Uppercut+1","Pommel Strike+1","Anger","Havoc","Infernal Blade","Rampage+1","Spot Weakness"],"relics":["Burning Blood","NeowsBlessing","Golden Idol","Blue Candle","Meat on the Bone","Omamori","MawBank"],"potions_floor_usage":[7,16],"damage_taken":[{"damage":0,"enemies":"Cultist","floor":1,"turns":1},{"damage":0,"enemies":"2 Louse","floor":2,"turns":1},{"damage":0,"enemies":"Small Slimes","floor":3,"turns":1},{"damage":20,"enemies":"3 Sentries","floor":7,"turns":6},{"damage":5,"enemies":"2 Fungi Beasts","floor":8,"turns":3},{"damage":7,"enemies":"Looter","floor":12,"turns":4},{"damage":28,"enemies":"Gremlin Nob","floor":13,"turns":4},{"damage":12,"enemies":"Lots of Slimes","floor":14,"turns":5},{"damage":49,"enemies":"Slime Boss","floor":16,"turns":7}],"seed_played":"-156779318787332485","potions_obtained":[{"floor":2,"key":"AttackPotion"},{"floor":3,"key":"Dexterity Potion"},{"floor":12,"key":"LiquidBronze"},{"floor":14,"key":"Strength Potion"}],"is_trial":false,"path_per_floor":["M","M","M","?","?","R","E","M","T","?","R","M","E","M","R","B"],"character_chosen":"IRONCLAD","items_purchased":[],"campfire_rested":0,"item_purchase_floors":[],"current_hp_per_floor":[74,75,75,49,49,49,35,36,36,25,25,36,26,32,32,0],"gold":316,"neow_bonus":"THREE_ENEMY_KILL","is_prod":false,"is_daily":false,"chose_seed":false,"campfire_upgraded":3,"win_rate":0,"timestamp":1543738826,"path_taken":["M","?","?","?","?","R","E","M","T","?","R","M","E","M","R","BOSS"],"build_version":"2018-11-15","purchased_purges":0,"victory":false,"max_hp_per_floor":[75,75,75,75,75,75,75,75,75,75,75,75,75,75,75,75],"card_choices":[{"not_picked":["Clash","Infernal Blade"],"picked":"Uppercut","floor":1},{"not_picked":["Blood for Blood","Cleave"],"picked":"Pommel Strike","floor":2},{"not_picked":["Seeing Red","Blood for Blood"],"picked":"Anger","floor":3},{"not_picked":["Warcry","Evolve"],"picked":"Havoc","floor":7},{"not_picked":["Clash","Havoc"],"picked":"Infernal Blade","floor":8},{"not_picked":["Anger","Perfected Strike"],"picked":"Rampage","floor":12},{"not_picked":["Clothesline","Rage","Bloodletting"],"picked":"SKIP","floor":13},{"not_picked":["Flex","Sentinel"],"picked":"Spot Weakness","floor":14}],"player_experience":934501,"relics_obtained":[{"floor":7,"key":"Blue Candle"},{"floor":9,"key":"Meat on the Bone"},{"floor":13,"key":"MawBank"}],"event_choices":[{"damage_healed":0,"gold_gain":0,"player_choice":"Take Damage","damage_taken":26,"relics_obtained":["Golden Idol"],"max_hp_gain":0,"max_hp_loss":0,"event_name":"Golden Idol","floor":4,"gold_loss":0},{"damage_healed":0,"gold_gain":0,"player_choice":"Ignored","damage_taken":0,"max_hp_gain":0,"max_hp_loss":0,"event_name":"Liars Game","floor":5,"gold_loss":0},{"damage_healed":0,"gold_gain":0,"player_choice":"Success","damage_taken":11,"relics_obtained":["Omamori"],"max_hp_gain":0,"max_hp_loss":0,"event_name":"Scrap Ooze","floor":10,"gold_loss":0}],"is_beta":true,"boss_relics":[],"items_purged_floors":[],"is_endless":false,"potions_floor_spawned":[2,3,12,14],"killed_by":"Slime Boss","ascension_level":17}