{"gold_per_floor":[118,118,135,135,135,169,169,196,196,231,250,280,280,205,205,279,279,294,118,134,146,146,146,181,194,194,194,214,233,264,120,120,199,199,211,231,191,202,213,239,252,252,252,252,283,283,303,332,332,332,332],"floor_reached":51,"playtime":5812,"items_purged":["Strike_G","Strike_G"],"score":1635,"play_id":"74d53470-63f5-4bbe-b3fd-f024b27f5da3","local_time":"20190124150905","is_ascension_mode":true,"campfire_choices":[{"data":"Deadly Poison","floor":7,"key":"SMITH"},{"floor":15,"key":"REST"},{"data":"After Image","floor":23,"key":"SMITH"},{"data":"Footwork","floor":27,"key":"SMITH"},{"data":"Noxious Fumes","floor":32,"key":"SMITH"},{"floor":42,"key":"REST"},{"data":"Noxious Fumes","floor":44,"key":"SMITH"},{"floor":49,"key":"RECALL"}],"neow_cost":"PERCENT_DAMAGE","seed_source_timestamp":10837698117622,"circlet_count":0,"master_deck":["AscendersBane","Defend_G+1","Defend_G+1","Defend_G+1","Defend_G+1","Defend_G+1","Strike_G+1","Strike_G+1","Strike_G+1","Survivor","Neutralize+1","Die Die Die+1","Dagger Throw","Poisoned Stab","Well Laid Plans","Deadly Poison+1","Footwork+1","Leg Sweep","Deadly Poison","After Image+1","Dash+1","Footwork+1","Acrobatics+1","PiercingWail","Well Laid Plans","Doubt","PiercingWail+1","Footwork","Noxious Fumes+1","Backflip","After Image","Noxious Fumes+1","Backflip","Dodge and Roll","Shame","Deflect+1","hubris:Counter+1"],"relics":["Ring of the Snake","Du-Vu Doll","Torii","Ninja Scroll","hubris:SlimyHat","Pen Nib","Cursed Key","hubris:SphereOfDissonance","Mummified Hand","Black Star","Molten Egg 2","Blue Candle","hubris:FunFungus","hubris:ToyBattleship","Bird Faced Urn","Regal Pillow"],"potions_floor_usage":[6],"damage_taken":[{"damage":1,"enemies":"Jaw Worm","floor":1,"turns":5},{"damage":0,"enemies":"Cultist","floor":3,"turns":3},{"damage":7,"enemies":"Gremlin Nob","floor":6,"turns":4},{"damage":10,"enemies":"Lagavulin","floor":8,"turns":8},{"damage":8,"enemies":"Gremlin Nob","floor":10,"turns":3},{"damage":0,"enemies":"Small Slimes","floor":11,"turns":2},{"damage":1,"enemies":"3 Sentries","floor":12,"turns":7},{"damage":1,"enemies":"The Guardian","floor":16,"turns":9},{"damage":0,"enemies":"3 Byrds","floor":18,"turns":5},{"damage":0,"enemies":"Shell Parasite","floor":20,"turns":5},{"damage":0,"enemies":"Snecko","floor":21,"turns":4},{"damage":0,"enemies":"Gremlin Leader","floor":24,"turns":5},{"damage":1,"enemies":"Cultist and Chosen","floor":25,"turns":6},{"damage":0,"enemies":"Snake Plant","floor":28,"turns":1},{"damage":0,"enemies":"Snecko","floor":29,"turns":5},{"damage":7,"enemies":"Slavers","floor":30,"turns":8},{"damage":9,"enemies":"Champ","floor":33,"turns":14},{"damage":6,"enemies":"Orb Walker","floor":35,"turns":3},{"damage":0,"enemies":"3 Shapes","floor":36,"turns":1},{"damage":44,"enemies":"Writhing Mass","floor":38,"turns":7},{"damage":0,"enemies":"Maw","floor":39,"turns":9},{"damage":0,"enemies":"Reptomancer","floor":40,"turns":8},{"damage":0,"enemies":"Transient","floor":41,"turns":6},{"damage":7,"enemies":"Nemesis","floor":45,"turns":7},{"damage":10,"enemies":"3 Darklings","floor":47,"turns":6},{"damage":8,"enemies":"Giant Head","floor":48,"turns":11},{"damage":9,"enemies":"hubris:GrandSnecko","floor":50,"turns":13},{"damage":77,"enemies":"Awakened One","floor":51,"turns":8}],"seed_played":"2185382541538497366","potions_obtained":[{"floor":3,"key":"SpeedPotion"},{"floor":10,"key":"FairyPotion"},{"floor":12,"key":"Explosive Potion"},{"floor":16,"key":"Weak Potion"},{"floor":24,"key":"Poison Potion"}],"is_trial":false,"path_per_floor":["M","?","M","?","?","E","R","E","T","E","M","E","?","$","R","B",null,"M","$","M","M","?","R","E","M","T","R","M","M","E","$","R","B",null,"M","M","$","M","M","E","M","R","T","R","E","?","M","E","R","B","B"],"character_chosen":"THE_SILENT","items_purchased":["Footwork","Noxious Fumes","Backflip","Noxious Fumes"],"campfire_rested":2,"item_purchase_floors":[19,31,31,37],"current_hp_per_floor":[43,43,43,43,43,36,36,26,26,18,18,17,17,17,36,35,58,58,58,58,58,58,58,58,57,57,57,57,57,50,50,50,41,60,54,54,54,10,10,10,10,29,29,29,22,54,48,45,45,53,0],"gold":332,"neow_bonus":"THREE_RARE_CARDS","is_prod":false,"is_daily":false,"chose_seed":false,"campfire_upgraded":5,"win_rate":0,"timestamp":1548338945,"path_taken":["M","?","?","?","?","E","R","E","T","E","?","E","?","$","R","BOSS","M","$","M","?","?","R","E","M","T","R","M","M","E","$","R","BOSS","M","M","$","M","M","E","M","R","T","R","E","?","M","E","R","BOSS","BOSS"],"build_version":"2019-01-23","purchased_purges":2,"victory":false,"max_hp_per_floor":[66,66,66,66,66,66,66,66,66,66,66,66,66,66,66,66,66,66,66,66,66,66,66,66,66,66,66,66,66,66,66,66,66,66,66,66,66,66,66,66,66,66,66,66,66,54,54,54,54,54,54],"card_choices":[{"not_picked":["Storm of Steel","Glass Knife"],"picked":"Die Die Die","floor":0},{"not_picked":["Bane","Escape Plan"],"picked":"Dagger Throw","floor":1},{"not_picked":["Dagger Spray","hubris:Sniper"],"picked":"Well Laid Plans","floor":3},{"not_picked":["Sucker Punch","Acrobatics"],"picked":"Deadly Poison","floor":6},{"not_picked":["Accuracy","hubris:SlightOfHand"],"picked":"Footwork","floor":8},{"not_picked":["hubris:TrickCloak","hubris:SlightOfHand"],"picked":"Leg Sweep","floor":10},{"not_picked":["Concentrate","Dagger Spray","All Out Attack"],"picked":"SKIP","floor":11},{"not_picked":["Accuracy","Masterful Stab"],"picked":"Deadly Poison","floor":12},{"not_picked":["Grand Finale","A Thousand Cuts"],"picked":"After Image","floor":16},{"not_picked":["Poisoned Stab","Dagger Throw"],"picked":"Dash+1","floor":18},{"not_picked":["Deflect+1","Endless Agony"],"picked":"Acrobatics+1","floor":20},{"not_picked":["Underhanded Strike","Bouncing Flask"],"picked":"PiercingWail","floor":21},{"not_picked":["Reflex","Predator"],"picked":"Well Laid Plans","floor":24},{"not_picked":["Skewer","Poisoned Stab","Cloak And Dagger"],"picked":"SKIP","floor":25},{"not_picked":["hubris:SlightOfHand","Prepared"],"picked":"PiercingWail+1","floor":28},{"not_picked":["Outmaneuver","Well Laid Plans","Deflect"],"picked":"SKIP","floor":29},{"not_picked":["Backstab","Tactician"],"picked":"Footwork","floor":30},{"not_picked":["Glass Knife","Burst"],"picked":"After Image","floor":33},{"not_picked":["Slice","Prepared","Sucker Punch"],"picked":"SKIP","floor":35},{"not_picked":["Riddle With Holes","Dagger Spray","Dash"],"picked":"SKIP","floor":36},{"not_picked":["Infinite Blades+1","Dagger Throw+1"],"picked":"Backflip","floor":38},{"not_picked":["After Image","Cloak And Dagger+1"],"picked":"Dodge and Roll","floor":39},{"not_picked":["Setup","Deadly Poison","Slice"],"picked":"SKIP","floor":40},{"not_picked":["Caltrops","Flying Knee+1","Dagger Throw+1"],"picked":"SKIP","floor":41},{"not_picked":["Outmaneuver","Dash+1"],"picked":"Deflect+1","floor":45},{"not_picked":["Deadly Poison","All Out Attack+1","Poisoned Stab+1"],"picked":"SKIP","floor":47},{"not_picked":["Terror","Storm of Steel"],"picked":"hubris:Counter+1","floor":48}],"player_experience":1153354,"relics_obtained":[{"floor":6,"key":"Du-Vu Doll"},{"floor":8,"key":"Torii"},{"floor":9,"key":"Ninja Scroll"},{"floor":10,"key":"hubris:SlimyHat"},{"floor":12,"key":"Pen Nib"},{"floor":26,"key":"hubris:SphereOfDissonance"},{"floor":30,"key":"Mummified Hand"},{"floor":40,"key":"Molten Egg 2"},{"floor":40,"key":"Blue Candle"},{"floor":45,"key":"hubris:FunFungus"},{"floor":45,"key":"hubris:ToyBattleship"},{"floor":48,"key":"Bird Faced Urn"},{"floor":48,"key":"Regal Pillow"}],"event_choices":[{"damage_healed":0,"gold_gain":0,"player_choice":"1 cards matched","damage_taken":0,"max_hp_gain":0,"max_hp_loss":0,"event_name":"Match and Keep!","floor":2,"gold_loss":0,"cards_obtained":["Poisoned Stab"]},{"damage_healed":0,"gold_gain":0,"player_choice":"Grow","damage_taken":0,"max_hp_gain":0,"max_hp_loss":0,"event_name":"Living Wall","floor":4,"gold_loss":0,"cards_upgraded":["Die Die Die"]},{"damage_healed":0,"gold_gain":0,"player_choice":"Upgraded","damage_taken":0,"max_hp_gain":0,"max_hp_loss":0,"event_name":"Upgrade Shrine","floor":5,"gold_loss":0,"cards_upgraded":["Neutralize"]},{"damage_healed":0,"gold_gain":0,"player_choice":"Forge","damage_taken":0,"max_hp_gain":0,"max_hp_loss":0,"event_name":"Accursed Blacksmith","floor":13,"gold_loss":0,"cards_upgraded":["Footwork"]},{"damage_healed":0,"gold_gain":0,"player_choice":"Simplicity","damage_taken":0,"max_hp_gain":0,"max_hp_loss":0,"event_name":"Back to Basics","floor":22,"gold_loss":0,"cards_upgraded":["Defend_G","Defend_G","Defend_G","Defend_G","Defend_G","Strike_G","Strike_G","Strike_G"]},{"damage_healed":54,"gold_gain":0,"player_choice":"Heal","damage_taken":0,"max_hp_gain":0,"max_hp_loss":12,"event_name":"The Moai Head","floor":46,"gold_loss":0}],"is_beta":false,"boss_relics":[{"not_picked":["Ectoplasm","hubris:Stopwatch"],"picked":"Cursed Key"},{"not_picked":["hubris:BlackHole","hubris:CrackedHourglass"],"picked":"Black Star"}],"items_purged_floors":[14,19],"is_endless":false,"potions_floor_spawned":[3,10,12,16,20,24,25,29,36,38,40],"killed_by":"Awakened One","ascension_level":20}