{"gold_per_floor":[119,135,147,72,92,92,127,140,215,33,49,49,49,59,59,163,163,146,158,158,158,169,169,185,31,31,31,41,61,73,100,100,199,199,210,210,63,63,79,79,108,125,125,144,144,160,160,171,171,171],"floor_reached":51,"playtime":2041,"items_purged":["Strike_G","Defend_G","Strike_G"],"score":705,"play_id":"32a653ac-a588-4b1d-bc15-d6abb34d5e84","local_time":"20190911125825","is_ascension_mode":false,"campfire_choices":[{"data":"Dagger Spray","floor":6,"key":"SMITH"},{"data":"Neutralize","floor":12,"key":"SMITH"},{"floor":15,"key":"REST"},{"data":"Noxious Fumes","floor":23,"key":"SMITH"},{"data":"Blur","floor":27,"key":"SMITH"},{"data":"Noxious Fumes","floor":32,"key":"SMITH"},{"data":"Backflip","floor":40,"key":"SMITH"},{"data":"Noxious Fumes","floor":45,"key":"SMITH"},{"floor":47,"key":"REST"},{"floor":49,"key":"REST"}],"neow_cost":"NONE","seed_source_timestamp":239836635777400,"circlet_count":0,"master_deck":["Strike_G","Strike_G","Strike_G","Defend_G","Defend_G","Defend_G","Defend_G","Survivor","Neutralize+1","Predator","Dodge and Roll","Crippling Poison","Dagger Spray+1","Deadly Poison","Noxious Fumes+1","Adrenaline","Clumsy","PiercingWail","Blur+1","After Image","Dodge and Roll+1","Noxious Fumes+1","Noxious Fumes+1","After Image","Backflip+1","Normality"],"relics":["Ring of the Snake","NeowsBlessing","PreservedInsect","Pear","Cursed Key","MutagenicStrength","TwistedFunnel","Torii","Philosopher\u0027s Stone","InkBottle","Bronze Scales"],"potions_floor_usage":[16,16,24,33,42,50],"damage_taken":[{"damage":0,"enemies":"Cultist","floor":1,"turns":1},{"damage":0,"enemies":"2 Louse","floor":2,"turns":1},{"damage":0,"enemies":"Jaw Worm","floor":3,"turns":1},{"damage":9,"enemies":"Large Slime","floor":5,"turns":8},{"damage":21,"enemies":"Gremlin Nob","floor":7,"turns":5},{"damage":3,"enemies":"Looter","floor":8,"turns":3},{"damage":16,"enemies":"Lots of Slimes","floor":11,"turns":3},{"damage":5,"enemies":"Blue Slaver","floor":14,"turns":3},{"damage":33,"enemies":"Slime Boss","floor":16,"turns":10},{"damage":17,"enemies":"2 Thieves","floor":18,"turns":4},{"damage":8,"enemies":"Spheric Guardian","floor":19,"turns":6},{"damage":1,"enemies":"Snecko","floor":22,"turns":8},{"damage":5,"enemies":"Centurion and Healer","floor":24,"turns":7},{"damage":9,"enemies":"Snake Plant","floor":28,"turns":4},{"damage":1,"enemies":"Chosen and Byrds","floor":29,"turns":4},{"damage":0,"enemies":"3 Cultists","floor":30,"turns":3},{"damage":3,"enemies":"Book of Stabbing","floor":31,"turns":5},{"damage":24,"enemies":"Automaton","floor":33,"turns":11},{"damage":1,"enemies":"Orb Walker","floor":35,"turns":5},{"damage":26,"enemies":"3 Darklings","floor":39,"turns":4},{"damage":2,"enemies":"Giant Head","floor":41,"turns":8},{"damage":0,"enemies":"Sphere and 2 Shapes","floor":42,"turns":4},{"damage":1,"enemies":"Writhing Mass","floor":44,"turns":6},{"damage":24,"enemies":"Jaw Worm Horde","floor":46,"turns":4},{"damage":0,"enemies":"4 Shapes","floor":48,"turns":5},{"damage":53,"enemies":"Donu and Deca","floor":50,"turns":9}],"seed_played":"-5823453154142553524","potions_obtained":[{"floor":1,"key":"Weak Potion"},{"floor":3,"key":"Poison Potion"},{"floor":7,"key":"Strength Potion"},{"floor":18,"key":"Weak Potion"},{"floor":19,"key":"Weak Potion"},{"floor":33,"key":"Explosive Potion"},{"floor":41,"key":"SmokeBomb"},{"floor":42,"key":"Ancient Potion"}],"is_trial":false,"path_per_floor":["M","M","M","$","M","R","E","M","T","$","M","R","?","M","R","B",null,"M","M","?","?","M","R","M","$","T","R","M","M","M","E","R","B",null,"M","?","$","?","M","R","E","M","T","M","R","M","R","M","R","B",null],"character_chosen":"THE_SILENT","items_purchased":["Noxious Fumes","TwistedFunnel","Backflip"],"campfire_rested":3,"item_purchase_floors":[10,25,37],"current_hp_per_floor":[70,70,70,70,61,61,40,37,47,47,31,31,31,26,50,17,80,63,55,55,55,54,54,49,49,49,49,40,39,39,36,36,12,80,79,76,76,76,50,50,48,48,48,47,47,23,45,45,67,14],"gold":171,"neow_bonus":"THREE_ENEMY_KILL","is_prod":false,"is_daily":false,"chose_seed":false,"campfire_upgraded":7,"win_rate":0.0,"timestamp":1568177905,"path_taken":["M","M","M","$","M","R","E","M","T","?","M","R","?","?","R","BOSS","M","M","?","?","M","R","M","$","T","R","M","M","M","E","R","BOSS","M","?","$","?","M","R","E","?","T","M","R","M","R","M","R","BOSS"],"build_version":"2019-09-10","purchased_purges":3,"victory":true,"max_hp_per_floor":[70,70,70,70,70,70,70,70,80,80,80,80,80,80,80,80,80,80,80,80,80,80,80,80,80,80,80,80,80,80,80,80,80,80,80,76,76,76,76,76,76,76,76,76,76,76,76,76,76,76],"card_choices":[{"not_picked":["Well Laid Plans","Terror"],"picked":"Predator","floor":1},{"not_picked":["Dash","Underhanded Strike"],"picked":"Dodge and Roll","floor":2},{"not_picked":["Flying Knee","Acrobatics"],"picked":"Crippling Poison","floor":3},{"not_picked":["PiercingWail","Slice"],"picked":"Dagger Spray","floor":5},{"not_picked":["Acrobatics","Dagger Throw"],"picked":"Deadly Poison","floor":7},{"not_picked":["Outmaneuver","Distraction","Leg Sweep"],"picked":"SKIP","floor":8},{"not_picked":["Bouncing Flask","PiercingWail"],"picked":"Adrenaline","floor":11},{"not_picked":["Eviscerate","Acrobatics"],"picked":"Blur","floor":14},{"not_picked":["Die Die Die","Tools of the Trade"],"picked":"After Image","floor":16},{"not_picked":["Sucker Punch","Underhanded Strike","Expertise"],"picked":"SKIP","floor":18},{"not_picked":["Blade Dance","Deflect"],"picked":"Dodge and Roll+1","floor":19},{"not_picked":["Eviscerate","Outmaneuver","Underhanded Strike"],"picked":"SKIP","floor":22},{"not_picked":["Slice","Blade Dance+1","Dodge and Roll"],"picked":"SKIP","floor":24},{"not_picked":["Poisoned Stab+1","Quick Slash","Acrobatics"],"picked":"SKIP","floor":28},{"not_picked":["Dagger Spray","Acrobatics"],"picked":"Noxious Fumes","floor":29},{"not_picked":["Flying Knee","Expertise","Heel Hook"],"picked":"SKIP","floor":30},{"not_picked":["Flechettes+1","Choke"],"picked":"Noxious Fumes","floor":31},{"not_picked":["Bullet Time","Glass Knife"],"picked":"After Image","floor":33},{"not_picked":["Slice+1","Endless Agony+1","Dagger Throw+1"],"picked":"SKIP","floor":35},{"not_picked":["Bouncing Flask+1","Finisher","Terror"],"picked":"SKIP","floor":39},{"not_picked":["Skewer+1","Sucker Punch+1","Caltrops"],"picked":"SKIP","floor":41},{"not_picked":["Deflect+1","Riddle With Holes+1","Quick Slash"],"picked":"SKIP","floor":42},{"not_picked":["Die Die Die","Deadly Poison","Outmaneuver+1"],"picked":"SKIP","floor":44},{"not_picked":["Poisoned Stab+1","Endless Agony","Flechettes+1"],"picked":"SKIP","floor":46},{"not_picked":["Sucker Punch","Leg Sweep","Dagger Throw"],"picked":"SKIP","floor":48}],"player_experience":1693,"relics_obtained":[{"floor":7,"key":"PreservedInsect"},{"floor":9,"key":"Pear"},{"floor":31,"key":"Torii"},{"floor":41,"key":"InkBottle"},{"floor":43,"key":"Bronze Scales"}],"event_choices":[{"damage_healed":0,"gold_gain":0,"player_choice":"2 cards matched","damage_taken":0,"max_hp_gain":0,"max_hp_loss":0,"event_name":"Match and Keep!","floor":13,"gold_loss":0,"cards_obtained":["Clumsy","PiercingWail"]},{"damage_healed":0,"gold_gain":0,"player_choice":"Ignored","damage_taken":0,"max_hp_gain":0,"max_hp_loss":0,"event_name":"Vampires","floor":20,"gold_loss":0},{"damage_healed":0,"gold_gain":0,"player_choice":"Inject Mutagens","damage_taken":0,"relics_obtained":["MutagenicStrength"],"max_hp_gain":0,"max_hp_loss":0,"event_name":"Drug Dealer","floor":21,"gold_loss":0},{"damage_healed":0,"gold_gain":0,"player_choice":"Max HP","damage_taken":0,"max_hp_gain":0,"max_hp_loss":4,"event_name":"Winding Halls","floor":36,"gold_loss":0},{"damage_healed":0,"gold_gain":0,"player_choice":"Ignored","damage_taken":0,"max_hp_gain":0,"max_hp_loss":0,"event_name":"SecretPortal","floor":38,"gold_loss":0}],"is_beta":true,"boss_relics":[{"not_picked":["Calling Bell","Busted Crown"],"picked":"Cursed Key"},{"not_picked":["Runic Dome","Astrolabe"],"picked":"Philosopher\u0027s Stone"}],"items_purged_floors":[4,10,37],"is_endless":false,"potions_floor_spawned":[1,3,7,11,18,19,33,41,42,46],"ascension_level":0}