{"gold_per_floor":[110,110,110,110,110,110,135,135,184,224,224,243,256,289,289,387,387,411,35,35,35,56,56,87,87,160,203,224,6,42,92,92,188,188,201,201,216,240,253,289,289,84,84,3,3,3,26,57,57,57,57,57,57,24,63,63],"floor_reached":57,"playtime":2844,"items_purged":[],"score":3169,"play_id":"807708b5-7b6c-4a22-8634-3065cfbefe0a","local_time":"20190123145007","is_ascension_mode":true,"campfire_choices":[{"data":"Rebound","floor":6.0,"key":"SMITH"},{"data":"Coolheaded","floor":8.0,"key":"SMITH"},{"data":"Dualcast","floor":11.0,"key":"SMITH"},{"data":"Streamline","floor":15.0,"key":"SMITH"},{"data":"hubris:PowerSurge","floor":23.0,"key":"SMITH"},{"data":"Static Discharge","floor":25.0,"key":"SMITH"},{"data":"hubris:DoWhile","floor":32.0,"key":"SMITH"},{"data":"Heatsinks","floor":41,"key":"SMITH"},{"data":"Storm","floor":45,"key":"SMITH"},{"floor":49,"key":"RECALL"},{"data":"Fission","floor":53,"key":"SMITH"}],"neow_cost":"NONE","seed_source_timestamp":0,"circlet_count":0,"master_deck":["AscendersBane","Strike_B","Strike_B","Defend_B","Defend_B","Defend_B","Defend_B","Zap+1","Dualcast+1","Rebound+1","Coolheaded+1","Gash","Cold Snap","Streamline+1","Conserve Battery","Echo Form","Defragment+1","Static Discharge+1","hubris:PowerSurge+1","Chill","hubris:DoWhile+1","Heatsinks+1","Echo Form","Capacitor","Blizzard","Glacier","Heatsinks","Fission+1","Storm+1","Skim","Glacier"],"special_seed":0,"relics":["Cracked Core","NeowsBlessing","Letter Opener","Golden Idol","Centennial Puzzle","Bird Faced Urn","hubris:PeanutButter","hubris:GrandSneckoEye","hubris:CuriousFeather","Dead Branch","hubris:Metronome","hubris:BallOfYels","OrangePellets","Juzu Bracelet","Runic Dome","Regal Pillow","Bottled Lightning","The Courier","hubris:64BitClover"],"potions_floor_usage":[40,50],"damage_taken":[{"damage":0.0,"enemies":"Jaw Worm","floor":1.0,"turns":1.0},{"damage":0.0,"enemies":"Small Slimes","floor":7.0,"turns":1.0},{"damage":0.0,"enemies":"Gremlin Nob","floor":10.0,"turns":1.0},{"damage":5.0,"enemies":"2 Louse","floor":12.0,"turns":2.0},{"damage":3.0,"enemies":"Exordium Wildlife","floor":13.0,"turns":3.0},{"damage":15.0,"enemies":"Lagavulin","floor":14.0,"turns":3.0},{"damage":0.0,"enemies":"The Guardian","floor":16.0,"turns":10.0},{"damage":4.0,"enemies":"Shell Parasite","floor":18.0,"turns":4.0},{"damage":8.0,"enemies":"3 Byrds","floor":22.0,"turns":2.0},{"damage":21.0,"enemies":"Slavers","floor":24.0,"turns":4.0},{"damage":0.0,"enemies":"Gremlin Leader","floor":27.0,"turns":5.0},{"damage":9.0,"enemies":"Shelled Parasite and Fungi","floor":28.0,"turns":4.0},{"damage":1.0,"enemies":"Book of Stabbing","floor":30.0,"turns":3.0},{"damage":0.0,"enemies":"Automaton","floor":33.0,"turns":6.0},{"damage":0,"enemies":"Orb Walker","floor":35,"turns":3},{"damage":31,"enemies":"3 Darklings","floor":37,"turns":3},{"damage":26,"enemies":"Jaw Worm Horde","floor":38,"turns":4},{"damage":9,"enemies":"Sphere and 2 Shapes","floor":39,"turns":4},{"damage":9,"enemies":"Giant Head","floor":40,"turns":5},{"damage":9,"enemies":"Reptomancer","floor":48,"turns":3},{"damage":62,"enemies":"Awakened One","floor":50,"turns":6},{"damage":0,"enemies":"hubris:GrandSnecko","floor":51,"turns":6},{"damage":8,"enemies":"Shield and Spear","floor":55,"turns":3},{"damage":71,"enemies":"The Heart","floor":56,"turns":6}],"seed_played":"1515076939810103051","potions_obtained":[{"floor":1.0,"key":"SteroidPotion"},{"floor":7.0,"key":"Weak Potion"},{"floor":13.0,"key":"AttackPotion"},{"floor":14.0,"key":"FocusPotion"},{"floor":27.0,"key":"PowerPotion"},{"floor":39,"key":"Energy Potion"},{"floor":40,"key":"Ancient Potion"},{"floor":55,"key":"SteroidPotion"}],"is_trial":false,"path_per_floor":["M","?","?","?","?","R","M","R","T","E","R","M","M","E","R","B",null,"M","$","?","?","M","R","E","R","T","E","M","$","E","?","R","B",null,"M","?","M","M","M","E","R","$","T","$","R","$","T","E","R","B","B",null,"R","$","E","B",null],"character_chosen":"DEFECT","items_purchased":["hubris:CuriousFeather","Static Discharge","OrangePellets","Heatsinks","Fission","Storm","Glacier"],"campfire_rested":0,"item_purchase_floors":[19,19,29,42,42,44,54],"current_hp_per_floor":[64,64,57,46,46,46,46,46,46,46,46,41,38,23,23,23,54,52,52,52,52,50,50,33,33,33,43,36,36,47,47,47,59,63,64,64,45,33,42,53,53,53,53,53,53,53,53,57,57,14,36,57,57,57,64,13],"gold":63,"neow_bonus":"THREE_ENEMY_KILL","is_prod":false,"is_daily":false,"chose_seed":false,"campfire_upgraded":10,"win_rate":0,"timestamp":1548251407,"path_taken":["M","?","?","?","?","R","?","R","T","E","R","M","M","E","R","BOSS","M","$","?","?","M","R","E","R","T","E","M","$","E","?","R","BOSS","M","?","M","M","M","E","R","?","T","$","R","$","?","E","R","BOSS","BOSS","R","$","E","BOSS"],"build_version":"2019-01-17v2","purchased_purges":0,"victory":true,"max_hp_per_floor":[71,71,71,71,64,64,64,64,64,64,64,64,64,64,64,64,64,64,64,64,64,64,64,64,64,64,64,64,64,64,64,64,64,64,64,64,64,64,64,64,64,64,64,64,64,64,64,64,64,64,64,64,64,64,64,64],"card_choices":[{"not_picked":["Double Energy","Blizzard"],"picked":"Rebound","floor":1.0},{"not_picked":["Barrage","Undo"],"picked":"Coolheaded","floor":7.0},{"not_picked":["Skim","Chill"],"picked":"Gash","floor":10.0},{"not_picked":["Skim","Sweeping Beam"],"picked":"Cold Snap","floor":12.0},{"not_picked":["Turbo","Lockon"],"picked":"Streamline","floor":13.0},{"not_picked":["Fusion","Compile Driver"],"picked":"Conserve Battery","floor":14.0},{"not_picked":["Thunder Strike","Hyperbeam"],"picked":"Echo Form","floor":16.0},{"not_picked":["White Noise","Barrage+1"],"picked":"Defragment","floor":18.0},{"not_picked":["FTL","Go for the Eyes"],"picked":"hubris:PowerSurge","floor":22.0},{"not_picked":["Skim+1","Hello World"],"picked":"Chill","floor":24.0},{"not_picked":["Stack","Leap","Reprogram"],"picked":"SKIP","floor":27.0},{"not_picked":["Ball Lightning","Gash"],"picked":"hubris:DoWhile","floor":28.0},{"not_picked":["Ball Lightning","Turbo"],"picked":"Heatsinks","floor":30.0},{"not_picked":["hubris:Prefetch","Biased Cognition"],"picked":"Echo Form","floor":33.0},{"not_picked":["Gash","Sweeping Beam"],"picked":"Capacitor","floor":35},{"not_picked":["Blizzard","Stack","Streamline"],"picked":"SKIP","floor":37},{"not_picked":["Aggregate","Stack","Steam+1"],"picked":"SKIP","floor":38},{"not_picked":["Rebound","Gash"],"picked":"Blizzard","floor":39},{"not_picked":["Reinforced Body","Streamline"],"picked":"Glacier","floor":40},{"not_picked":["Sweeping Beam","Multi-Cast"],"picked":"Skim","floor":48},{"not_picked":["Conserve Battery+1","Sweeping Beam+1","Rebound"],"picked":"SKIP","floor":55}],"player_experience":1149795,"relics_obtained":[{"floor":9.0,"key":"Centennial Puzzle"},{"floor":10.0,"key":"Bird Faced Urn"},{"floor":14.0,"key":"hubris:PeanutButter"},{"floor":24.0,"key":"Dead Branch"},{"floor":26.0,"key":"hubris:Metronome"},{"floor":27.0,"key":"hubris:BallOfYels"},{"floor":30.0,"key":"Juzu Bracelet"},{"floor":40,"key":"Regal Pillow"},{"floor":43,"key":"Bottled Lightning"},{"floor":48,"key":"The Courier"},{"floor":55,"key":"hubris:64BitClover"}],"event_choices":[{"damage_healed":0.0,"max_hp_gain":0.0,"max_hp_loss":0.0,"gold_gain":0.0,"event_name":"Living Wall","player_choice":"Grow","floor":2.0,"gold_loss":0.0,"damage_taken":0.0,"cards_upgraded":["Zap"]},{"cards_removed":["Strike_B"],"damage_healed":0.0,"max_hp_gain":0.0,"max_hp_loss":0.0,"gold_gain":0.0,"event_name":"Golden Wing","player_choice":"Card Removal","floor":3.0,"gold_loss":0.0,"damage_taken":7.0},{"damage_healed":0.0,"max_hp_gain":0.0,"max_hp_loss":0.0,"gold_gain":0.0,"event_name":"Scrap Ooze","player_choice":"Success","floor":4.0,"gold_loss":0.0,"damage_taken":11.0,"relics_obtained":["Letter Opener"]},{"damage_healed":0.0,"max_hp_gain":0.0,"max_hp_loss":7.0,"gold_gain":0.0,"event_name":"Golden Idol","player_choice":"Lose Max HP","floor":5.0,"gold_loss":0.0,"damage_taken":0.0,"relics_obtained":["Golden Idol"]},{"damage_healed":0.0,"max_hp_gain":0.0,"max_hp_loss":0.0,"gold_gain":0.0,"event_name":"The Mausoleum","player_choice":"Ignored","floor":20.0,"gold_loss":0.0,"damage_taken":0.0},{"damage_healed":0.0,"max_hp_gain":0.0,"max_hp_loss":0.0,"gold_gain":50.0,"event_name":"Nest","player_choice":"Stole From Cult","floor":31.0,"gold_loss":0.0,"damage_taken":0.0},{"cards_removed":["Strike_B"],"damage_healed":0,"gold_gain":0,"player_choice":"Card Removal","damage_taken":0,"max_hp_gain":0,"max_hp_loss":0,"event_name":"Wheel of Change","floor":36,"gold_loss":0}],"is_beta":false,"boss_relics":[{"not_picked":["hubris:HollowSoul","Sozu"],"picked":"hubris:GrandSneckoEye"},{"not_picked":["Velvet Choker","Lizard Tail"],"picked":"Runic Dome"}],"items_purged_floors":[],"is_endless":false,"potions_floor_spawned":[1,7,13,14,22,27,39,40,55],"ascension_level":20}