{"gold_per_floor":[111,121,121,134,149,149,160,160,160,160,40,73,38,69,69,170,170,180,193,118,128,19,53,53,66,90,90,119,129,149,163,163,163],"floor_reached":33,"playtime":1682,"items_purged":[],"score":419,"play_id":"4eb8c2ad-7b69-4b2a-9e0f-62d9061917e8","local_time":"20190412092444","is_ascension_mode":true,"campfire_choices":[{"data":"Zap","floor":6,"key":"SMITH"},{"floor":8,"key":"REST"},{"data":"Dualcast","floor":15,"key":"SMITH"},{"floor":24,"key":"REST"},{"floor":27,"key":"REST"},{"floor":32,"key":"REST"}],"neow_cost":"PERCENT_DAMAGE","seed_source_timestamp":263599921366927,"circlet_count":0,"master_deck":["Strike_B","Strike_B","Defend_B","Defend_B","Defend_B","Defend_B","Zap+1","Dualcast+1","Echo Form","BootSequence","Ball Lightning","Compile Driver","Genetic Algorithm","Go for the Eyes","Storm","Sunder","Ball Lightning","Rainbow","Ball Lightning","Melter","Sweeping Beam","Self Repair","Tempest","Cold Snap","BootSequence","Cold Snap","Amplify","Defragment+1"],"relics":["Cracked Core","Unceasing Top","Mercury Hourglass","Emotion Chip","Philosopher\u0027s Stone","Omamori","The Courier"],"potions_floor_usage":[12,12,16,21,28,30,31,33],"damage_taken":[{"damage":2,"enemies":"Jaw Worm","floor":1,"turns":3},{"damage":0,"enemies":"Small Slimes","floor":2,"turns":3},{"damage":0,"enemies":"2 Louse","floor":4,"turns":3},{"damage":12,"enemies":"Large Slime","floor":5,"turns":4},{"damage":0,"enemies":"3 Louse","floor":7,"turns":3},{"damage":10,"enemies":"Gremlin Nob","floor":12,"turns":4},{"damage":9,"enemies":"3 Sentries","floor":14,"turns":7},{"damage":13,"enemies":"Hexaghost","floor":16,"turns":8},{"damage":19,"enemies":"Shell Parasite","floor":18,"turns":4},{"damage":8,"enemies":"Spheric Guardian","floor":19,"turns":4},{"damage":15,"enemies":"Snake Plant","floor":21,"turns":3},{"damage":34,"enemies":"Gremlin Leader","floor":23,"turns":6},{"damage":33,"enemies":"Shelled Parasite and Fungi","floor":25,"turns":4},{"damage":19,"enemies":"Slavers","floor":28,"turns":3},{"damage":9,"enemies":"3 Cultists","floor":29,"turns":4},{"damage":14,"enemies":"Centurion and Healer","floor":30,"turns":7},{"damage":1,"enemies":"Cultist and Chosen","floor":31,"turns":5},{"damage":54,"enemies":"Champ","floor":33,"turns":8}],"seed_played":"-5771260308958101081","potions_obtained":[{"floor":2,"key":"FairyPotion"},{"floor":4,"key":"Swift Potion"},{"floor":5,"key":"Block Potion"},{"floor":14,"key":"SkillPotion"},{"floor":16,"key":"Ancient Potion"},{"floor":18,"key":"LiquidBronze"},{"floor":25,"key":"EssenceOfSteel"},{"floor":29,"key":"Dexterity Potion"},{"floor":30,"key":"SkillPotion"}],"is_trial":false,"path_per_floor":["M","M","?","M","M","R","M","R","T","?","$","E","?","E","R","B",null,"M","M","?","M","$","E","R","M","T","R","E","M","M","M","R","B"],"character_chosen":"DEFECT","items_purchased":["Storm","Sunder","Self Repair","Tempest"],"campfire_rested":4,"item_purchase_floors":[11,11,22,22],"current_hp_per_floor":[48,48,53,53,41,41,41,65,65,58,58,48,68,59,59,46,72,53,45,45,30,30,15,39,13,13,37,18,16,9,15,39,0],"gold":163,"neow_bonus":"THREE_RARE_CARDS","is_prod":false,"is_daily":false,"chose_seed":false,"campfire_upgraded":2,"win_rate":0,"timestamp":1555086284,"path_taken":["M","M","?","M","M","R","M","R","T","?","$","E","?","E","R","BOSS","M","M","?","M","$","E","R","M","T","R","E","M","M","M","R","BOSS"],"build_version":"2019-01-23","purchased_purges":0,"victory":false,"max_hp_per_floor":[75,75,80,80,80,80,80,80,80,80,80,80,80,80,80,80,80,80,80,80,80,80,80,80,80,80,80,80,80,80,80,80,80],"card_choices":[{"not_picked":["Seek","Electrodynamics"],"picked":"Echo Form","floor":0},{"not_picked":["Gash","Coolheaded"],"picked":"BootSequence","floor":1},{"not_picked":["Rebound","Cold Snap"],"picked":"Ball Lightning","floor":2},{"not_picked":["Stack","Force Field"],"picked":"Compile Driver","floor":4},{"not_picked":["Turbo","Recycle"],"picked":"Genetic Algorithm","floor":5},{"not_picked":["Beam Cell","Turbo"],"picked":"Go for the Eyes","floor":7},{"not_picked":["Turbo","Undo","Chaos"],"picked":"SKIP","floor":12},{"not_picked":["Hello World","Blizzard"],"picked":"Ball Lightning","floor":14},{"not_picked":["Thunder Strike","Meteor Strike"],"picked":"Rainbow","floor":16},{"not_picked":["Coolheaded","Streamline+1"],"picked":"Ball Lightning","floor":18},{"not_picked":["Redo","Aggregate"],"picked":"Melter","floor":19},{"not_picked":["Hologram","Melter"],"picked":"Sweeping Beam","floor":21},{"not_picked":["Genetic Algorithm+1","Gash"],"picked":"Cold Snap","floor":23},{"not_picked":["Darkness","Consume","Ball Lightning"],"picked":"SKIP","floor":25},{"not_picked":["Steam","Conserve Battery"],"picked":"BootSequence","floor":28},{"not_picked":["Beam Cell","Steam"],"picked":"Cold Snap","floor":29},{"not_picked":["Hologram","Glacier"],"picked":"Amplify","floor":30},{"not_picked":["Coolheaded","Steam"],"picked":"Defragment+1","floor":31}],"player_experience":559952,"relics_obtained":[{"floor":9,"key":"Unceasing Top"},{"floor":12,"key":"Mercury Hourglass"},{"floor":14,"key":"Emotion Chip"},{"floor":23,"key":"Omamori"},{"floor":28,"key":"The Courier"}],"event_choices":[{"damage_healed":0,"gold_gain":0,"player_choice":"Donut","damage_taken":0,"max_hp_gain":5,"max_hp_loss":0,"event_name":"Big Fish","floor":3,"gold_loss":0},{"cards_removed":["Strike_B"],"damage_healed":0,"gold_gain":0,"player_choice":"Card Removal","damage_taken":7,"max_hp_gain":0,"max_hp_loss":0,"event_name":"Golden Wing","floor":10,"gold_loss":0},{"damage_healed":20,"gold_gain":0,"player_choice":"Healed","damage_taken":0,"max_hp_gain":0,"max_hp_loss":0,"event_name":"The Cleric","floor":13,"gold_loss":35},{"cards_removed":["Strike_B"],"damage_healed":0,"gold_gain":0,"player_choice":"Gave Gold","damage_taken":0,"max_hp_gain":0,"max_hp_loss":0,"event_name":"Beggar","floor":20,"gold_loss":75}],"is_beta":false,"boss_relics":[{"not_picked":["Ectoplasm","Empty Cage"],"picked":"Philosopher\u0027s Stone"}],"items_purged_floors":[],"is_endless":false,"potions_floor_spawned":[2,4,5,14,16,18,25,29,30],"killed_by":"Champ","ascension_level":8}