{"gold_per_floor":[116,73,96,124,153,165,207,238,250,294,323,335,361,49,49,127,127,142,142,162,197,197],"floor_reached":22,"playtime":1458,"items_purged":["Strike_B"],"score":392,"play_id":"638551cd-600b-49fa-b634-3252c6040e6b","local_time":"20190102130356","is_ascension_mode":true,"campfire_choices":[{"data":"Genetic Algorithm","floor":6,"key":"SMITH"},{"data":"Loop","floor":12,"key":"SMITH"},{"data":"Turbo","floor":15,"key":"SMITH"}],"neow_cost":"NONE","seed_source_timestamp":6639560596012,"circlet_count":0,"master_deck":["AscendersBane","Strike_B","Strike_B","Strike_B","Defend_B","Defend_B","Defend_B","Defend_B","Zap","Dualcast","Echo Form","Self Repair","Genetic Algorithm+1","Leap","Loop+1","Turbo+1","Reinforced Body","Compile Driver","Chill","Capacitor","Echo Form","Ball Lightning","Barrage+1","Self Repair"],"relics":["Cracked Core","MawBank","Oddly Smooth Stone","Dead Branch","Bronze Scales","Runic Pyramid","Red Mask"],"potions_floor_usage":[7,10,16,21,22],"damage_taken":[{"damage":1,"enemies":"Cultist","floor":1,"turns":3},{"damage":14,"enemies":"Jaw Worm","floor":4,"turns":5},{"damage":11,"enemies":"Small Slimes","floor":5,"turns":4},{"damage":15,"enemies":"Lagavulin","floor":7,"turns":7},{"damage":16,"enemies":"3 Louse","floor":8,"turns":4},{"damage":40,"enemies":"Gremlin Nob","floor":10,"turns":5},{"damage":0,"enemies":"Looter","floor":11,"turns":5},{"damage":6,"enemies":"Gremlin Gang","floor":13,"turns":7},{"damage":17,"enemies":"The Guardian","floor":16,"turns":9},{"damage":0,"enemies":"Chosen","floor":18,"turns":6},{"damage":0,"enemies":"3 Byrds","floor":20,"turns":3},{"damage":55,"enemies":"Masked Bandits","floor":21,"turns":4},{"damage":22,"enemies":"Sentry and Sphere","floor":22,"turns":3}],"seed_played":"8156635265544338481","potions_obtained":[{"floor":0,"key":"Poison Potion"},{"floor":0,"key":"FocusPotion"},{"floor":4,"key":"Fire Potion"},{"floor":11,"key":"SkillPotion"},{"floor":13,"key":"SteroidPotion"},{"floor":18,"key":"Fire Potion"},{"floor":21,"key":"AttackPotion"}],"is_trial":false,"path_per_floor":["M","$","T","M","M","R","E","M","T","E","M","R","M","$","R","B",null,"M","?","M","?","M"],"character_chosen":"DEFECT","items_purchased":["Self Repair","Bronze Scales","Capacitor"],"campfire_rested":0,"item_purchase_floors":[2,14,14],"current_hp_per_floor":[63,63,63,56,59,59,58,49,49,16,23,23,24,24,24,14,57,57,57,64,16,0],"gold":197,"neow_bonus":"THREE_SMALL_POTIONS","is_prod":false,"is_daily":false,"chose_seed":false,"campfire_upgraded":3,"win_rate":0,"timestamp":1546430636,"path_taken":["M","?","?","M","?","R","E","M","T","E","M","R","M","$","R","BOSS","M","?","M","?","M"],"build_version":"2018-12-20","purchased_purges":1,"victory":false,"max_hp_per_floor":[71,71,71,71,71,71,71,71,71,71,71,71,71,71,71,71,71,71,71,71,71,71],"card_choices":[{"not_picked":["Steam","Beam Cell"],"picked":"Echo Form","floor":1},{"not_picked":["Beam Cell","Conserve Battery"],"picked":"Genetic Algorithm","floor":4},{"not_picked":["Redo","Blizzard"],"picked":"Leap","floor":5},{"not_picked":["Redo","Steam Power"],"picked":"Loop","floor":7},{"not_picked":["Compile Driver","Reinforced Body"],"picked":"Turbo","floor":8},{"not_picked":["Go for the Eyes","Hyperbeam"],"picked":"Reinforced Body","floor":10},{"not_picked":["Hologram","Steam"],"picked":"Compile Driver","floor":11},{"not_picked":["Heatsinks","Skim"],"picked":"Chill","floor":13},{"not_picked":["Thunder Strike","Multi-Cast"],"picked":"Echo Form","floor":16},{"not_picked":["Rebound","Sweeping Beam"],"picked":"Ball Lightning","floor":18},{"not_picked":["Rebound","Steam Power"],"picked":"Barrage+1","floor":20},{"not_picked":["Steam","Go for the Eyes"],"picked":"Self Repair","floor":21}],"player_experience":1072657,"relics_obtained":[{"floor":3,"key":"MawBank"},{"floor":7,"key":"Oddly Smooth Stone"},{"floor":10,"key":"Dead Branch"},{"floor":21,"key":"Red Mask"}],"event_choices":[{"damage_healed":0,"gold_gain":0,"player_choice":"Ignored","damage_taken":0,"max_hp_gain":0,"max_hp_loss":0,"event_name":"Vampires","floor":19,"gold_loss":0},{"damage_healed":0,"gold_gain":0,"player_choice":"Fought Bandits","damage_taken":0,"max_hp_gain":0,"max_hp_loss":0,"event_name":"Masked Bandits","floor":21,"gold_loss":0}],"is_beta":false,"boss_relics":[{"not_picked":["Eternal Feather","Fusion Hammer"],"picked":"Runic Pyramid"}],"items_purged_floors":[14],"is_endless":false,"potions_floor_spawned":[4,5,11,13,18,20,21],"killed_by":"Sentry and Sphere","ascension_level":20}