{"gold_per_floor":[116,134,152,152,226,226,261,261,312,346,359,377,402,414,414,488,488,506,431,442,454,454,483,483,518,518,518,536,567,577,590,590,669,669,682,682,693,545,312,344,344,370,394,394,407,419,454,472,472,543,618,618,629,213,228,242,303,334,351,351,351,377,394,410,410,410,410,488,488,501,161,179,195,210,242,157,186,186,186,221,221,111,348,348,422,422,439,439,145,163,176,208,208,236,236,264,264,264,264,334,334,408,485,485,496,606,626,641,601,631,631,1056,1056,1056,1068,1102,1102,1116,1116,1166],"floor_reached":120,"playtime":5150,"items_purged":["Strike_B+1","Strike_B+1","hubris:Compulsion","hubris:Compulsion"],"score":6487,"play_id":"2cefc10b-3873-48aa-9814-16b495075a00","local_time":"20190131214918","is_ascension_mode":true,"campfire_choices":[{"data":"Go for the Eyes","floor":6.0,"key":"SMITH"},{"data":"hubris:PowerSurge","floor":15.0,"key":"SMITH"},{"data":"Loop","floor":24.0,"key":"SMITH"},{"data":"hubris:PowerSurge","floor":27.0,"key":"SMITH"},{"data":"Capacitor","floor":32.0,"key":"SMITH"},{"data":"Electrodynamics","floor":41.0,"key":"SMITH"},{"data":"Defragment","floor":44.0,"key":"SMITH"},{"data":"Static Discharge","floor":49.0,"key":"SMITH"},{"data":"hubris:InfiniteBlow","floor":60.0,"key":"SMITH"},{"data":"hubris:InfiniteBlow+2","floor":67.0,"key":"SMITH"},{"data":"hubris:InfiniteBlow+6","floor":79,"key":"SMITH"},{"data":"hubris:InfiniteBlow+7","floor":81,"key":"SMITH"},{"data":"infinitespire:UltimateForm","floor":84,"key":"SMITH"},{"floor":97,"key":"REST"},{"data":"hubris:InfiniteBlow+8","floor":99,"key":"SMITH"},{"data":"hubris:InfiniteBlow+9","floor":101,"key":"SMITH"},{"data":"hubris:InfiniteBlow+10","floor":111,"key":"SMITH"},{"data":"Storm","floor":119,"key":"SMITH"}],"neow_cost":"NONE","seed_source_timestamp":0,"circlet_count":0,"master_deck":["AscendersBane","Defend_B+1","Defend_B+1","Defend_B+1","Defend_B+1","Zap+1","Dualcast+1","Go for the Eyes+1","Ball Lightning+1","BootSequence","Ball Lightning","Conserve Battery+1","Glacier+1","hubris:PowerSurge+1","Capacitor+1","Thunder Strike+1","Electrodynamics+1","Compile Driver+1","Conserve Battery+1","Loop+1","hubris:PowerSurge+1","Ball Lightning+1","Darkness+1","Coolheaded+1","Reboot+1","Darkness+1","Defragment+1","Panacea+1","Static Discharge+1","Skim+1","Ball Lightning","hubris:InfiniteBlow+6","Echo Form","Storm","White Noise+1","Skim+1","Coolheaded+1","hubris:Ukulele","Rainbow+1","Fission+1","hubris:PowerSurge","hubris:InfiniteBlow+11","hubris:PowerSurge","hubris:DuctTapeCard","infinitespire:UltimateForm+1","Storm+1","hubris:DoWhile+1","Fission+1","Heatsinks","Ball Lightning+1","Tempest+1","Apotheosis+1","Glacier+1","Turbo+1","Rainbow+1","Buffer","Storm","infinitespire:Gouge","Turbo+1","Consume+1"],"special_seed":0,"relics":["Burning Blood","Centennial Puzzle","Smiling Mask","Whetstone","infinitespire:Cubic Diamond","Blood Vial","Vajra","Boot","PreservedInsect","hubris:RunicObelisk","Letter Opener","Toxic Egg 2","Ancient Tea Set","War Paint","Inserter","Bag of Marbles","hubris:ToyBattleship","hubris:Potato","Omamori","infinitespire:Beetle Shell","hubris:RGBLights","infinitespire:Cupcake","hubris:DuctTape","DataDisk","hubris:MobiusCoin","Turnip","hubris:SlimyHat","Juzu Bracelet","Calling Bell","Pen Nib","Darkstone Periapt","hubris:Spice","DollysMirror","Mercury Hourglass","Cursed Key","hubris:BallOfYels","Regal Pillow","Potion Belt","Eternal Feather","Bronze Scales","Lantern"],"potions_floor_usage":[96,120,120,120,120,120],"damage_taken":[{"damage":1.0,"enemies":"Cultist","floor":1.0,"turns":3.0},{"damage":2.0,"enemies":"Jaw Worm","floor":2.0,"turns":3.0},{"damage":3.0,"enemies":"Small Slimes","floor":3.0,"turns":3.0},{"damage":10.0,"enemies":"Lagavulin","floor":7.0,"turns":6.0},{"damage":26.0,"enemies":"Gremlin Nob","floor":10.0,"turns":4.0},{"damage":0.0,"enemies":"2 Fungi Beasts","floor":11.0,"turns":3.0},{"damage":2.0,"enemies":"Blue Slaver","floor":12.0,"turns":3.0},{"damage":1.0,"enemies":"3 Sentries","floor":13.0,"turns":4.0},{"damage":0.0,"enemies":"Large Slime","floor":14.0,"turns":4.0},{"damage":19.0,"enemies":"Hexaghost","floor":16.0,"turns":10.0},{"damage":15.0,"enemies":"Shell Parasite","floor":18.0,"turns":5.0},{"damage":0.0,"enemies":"Chosen","floor":20.0,"turns":3.0},{"damage":6.0,"enemies":"Centurion and Healer","floor":21.0,"turns":4.0},{"damage":6.0,"enemies":"Slavers","floor":23.0,"turns":3.0},{"damage":9.0,"enemies":"Nightmare","floor":25.0,"turns":4.0},{"damage":20.0,"enemies":"Snecko","floor":28.0,"turns":4.0},{"damage":1.0,"enemies":"Slavers","floor":29.0,"turns":4.0},{"damage":6.0,"enemies":"Snake Plant","floor":30.0,"turns":3.0},{"damage":0.0,"enemies":"3 Cultists","floor":31.0,"turns":2.0},{"damage":39.0,"enemies":"hubris:MusketHawk","floor":33.0,"turns":7.0},{"damage":0.0,"enemies":"3 Shapes","floor":35.0,"turns":3.0},{"damage":22.0,"enemies":"3 Darklings","floor":37.0,"turns":3.0},{"damage":24.0,"enemies":"Reptomancer","floor":40.0,"turns":4.0},{"damage":3.0,"enemies":"Giant Head","floor":42.0,"turns":5.0},{"damage":4.0,"enemies":"Maw","floor":45.0,"turns":5.0},{"damage":3.0,"enemies":"Sphere and 2 Shapes","floor":46.0,"turns":4.0},{"damage":18.0,"enemies":"Nightmare","floor":47.0,"turns":6.0},{"damage":0.0,"enemies":"3 Darklings","floor":48.0,"turns":4.0},{"damage":37.0,"enemies":"Time Eater","floor":50.0,"turns":6.0},{"damage":2.0,"enemies":"infinitespire:MassOfShapes","floor":51.0,"turns":7.0},{"damage":0.0,"enemies":"infinitespire:Voidling","floor":53.0,"turns":2.0},{"damage":3.0,"enemies":"Small Slimes","floor":55.0,"turns":3.0},{"damage":0.0,"enemies":"2 Louse","floor":56.0,"turns":3.0},{"damage":24.0,"enemies":"Lagavulin Event","floor":57.0,"turns":6.0},{"damage":27.0,"enemies":"Lagavulin","floor":58.0,"turns":3.0},{"damage":12.0,"enemies":"Large Slime","floor":59.0,"turns":3.0},{"damage":28.0,"enemies":"Nightmare","floor":62.0,"turns":5.0},{"damage":0.0,"enemies":"Red Slaver","floor":63.0,"turns":2.0},{"damage":0.0,"enemies":"2 Fungi Beasts","floor":64.0,"turns":2.0},{"damage":2.0,"enemies":"Hexaghost","floor":68.0,"turns":4.0},{"damage":16.0,"enemies":"2 Thieves","floor":70.0,"turns":3.0},{"damage":0.0,"enemies":"Chosen","floor":72.0,"turns":2.0},{"damage":11.0,"enemies":"Snake Plant","floor":73.0,"turns":4.0},{"damage":0.0,"enemies":"Sentry and Sphere","floor":74.0,"turns":3.0},{"damage":13,"enemies":"Nightmare","floor":75,"turns":4},{"damage":0,"enemies":"Book of Stabbing","floor":77,"turns":2},{"damage":0,"enemies":"Gremlin Leader","floor":80,"turns":2},{"damage":0,"enemies":"Cultist and Chosen","floor":83,"turns":3},{"damage":13,"enemies":"Champ","floor":85,"turns":4},{"damage":7,"enemies":"Orb Walker","floor":87,"turns":2},{"damage":0,"enemies":"3 Shapes","floor":90,"turns":1},{"damage":0,"enemies":"3 Darklings","floor":91,"turns":2},{"damage":0,"enemies":"Giant Head","floor":92,"turns":4},{"damage":0,"enemies":"Reptomancer","floor":94,"turns":2},{"damage":37,"enemies":"Nemesis","floor":96,"turns":3},{"damage":0,"enemies":"Spire Growth","floor":100,"turns":1},{"damage":0,"enemies":"Time Eater","floor":102,"turns":3},{"damage":22,"enemies":"infinitespire:MassOfShapes","floor":103,"turns":4},{"damage":0,"enemies":"Small Slimes","floor":105,"turns":2},{"damage":0,"enemies":"Jaw Worm","floor":106,"turns":1},{"damage":0,"enemies":"Cultist","floor":107,"turns":2},{"damage":0,"enemies":"3 Louse","floor":108,"turns":2},{"damage":0,"enemies":"Nightmare","floor":110,"turns":4},{"damage":0,"enemies":"3 Sentries","floor":112,"turns":2},{"damage":0,"enemies":"Exordium Thugs","floor":115,"turns":1},{"damage":0,"enemies":"Lagavulin","floor":116,"turns":2},{"damage":0,"enemies":"Gremlin Gang","floor":118,"turns":2},{"damage":54,"enemies":"LordOfAnnihilation","floor":120,"turns":10}],"seed_played":"2370362424179417689","potions_obtained":[{"floor":1.0,"key":"SpeedPotion"},{"floor":2.0,"key":"PowerPotion"},{"floor":10.0,"key":"GamblersBrew"},{"floor":25.0,"key":"infinitespire:BlackPotion"},{"floor":47.0,"key":"infinitespire:BlackPotion"},{"floor":62.0,"key":"infinitespire:BlackPotion"},{"floor":96,"key":"LiquidBronze"},{"floor":100,"key":"FearPotion"},{"floor":102,"key":"Fire Potion"},{"floor":109,"key":"EntropicBrew"},{"floor":109,"key":"FairyPotion"}],"is_trial":false,"path_per_floor":["M","M","M","?","T","R","E","?","T","E","M","M","E","M","R","B",null,"M","?","M","M","?","E","R","NM","T","R","M","E","M","M","R","B",null,"M","?","M","?","$","E","R","E","T","R","M","M","NM","M","R","B","B",null,"M","$","M","M","?","E","M","R","T","NM","M","M","?","?","R","B",null,"M","$","M","M","M","NM","?","E","T","R","E","R","?","M","R","B",null,"M","?","$","M","M","E","?","E","T","E","R","?","R","M","R","B","B",null,"M","M","M","M","?","NM","R","E","T","?","M","E","?","M","R","B"],"character_chosen":"DEFECT","items_purchased":["Defragment","Panacea+1","hubris:DuctTape","Storm","hubris:PowerSurge","DollysMirror","hubris:BallOfYels","Heatsinks"],"campfire_rested":1,"item_purchase_floors":[39,39,54,54,71,71,89,89],"current_hp_per_floor":[63,61,58,37,37,37,27,27,27,9,17,23,30,38,38,27,60,53,53,61,63,63,65,65,64,64,64,52,59,61,69,69,38,63,71,71,55,55,55,39,39,44,44,44,48,53,43,51,51,22,28,60,68,68,71,71,53,34,30,30,30,10,18,26,26,26,26,32,69,61,61,69,66,74,77,77,79,71,71,63,63,63,63,63,56,61,62,62,62,63,63,55,45,53,53,22,52,52,52,53,53,53,37,49,53,37,37,37,37,37,37,29,29,29,29,21,21,21,21,0],"gold":1166,"neow_bonus":"RANDOM_COMMON_RELIC","is_prod":false,"is_daily":false,"chose_seed":false,"campfire_upgraded":17,"win_rate":0,"timestamp":1548967758,"path_taken":["M","M","M","?","?","R","E","?","T","E","M","M","E","M","R","BOSS","M","?","M","M","?","E","R","NM","T","R","M","E","M","M","R","BOSS","M","?","M","?","$","E","R","E","T","R","M","M","NM","M","R","BOSS","BOSS","M","$","?","M","?","E","M","R","T","NM","M","M","?","?","R","BOSS","M","$","M","M","M","NM","?","E","T","R","E","R","?","M","R","BOSS","M","?","$","M","M","E","?","E","T","E","R","?","R","M","R","BOSS","BOSS","M","M","M","M","?","NM","R","E","T","?","M","E","?","M","R","BOSS"],"build_version":"2019-01-23","purchased_purges":4,"victory":false,"max_hp_per_floor":[71,71,71,71,71,71,71,71,71,71,71,71,71,71,71,71,71,71,71,71,71,71,71,71,71,71,71,71,71,71,71,71,71,71,71,71,71,71,71,71,71,71,71,71,71,71,71,71,71,71,71,71,71,71,71,71,71,71,71,71,71,71,71,71,71,71,71,71,79,79,79,79,79,79,87,79,79,71,71,63,63,63,63,63,63,63,63,63,63,63,63,55,55,55,53,53,53,53,53,53,53,53,53,53,53,37,37,37,37,37,37,29,29,29,29,21,21,21,21,21],"card_choices":[{"not_picked":["Skim","Steam Power"],"picked":"Go for the Eyes","floor":1.0},{"not_picked":["Barrage","Heatsinks"],"picked":"Ball Lightning","floor":2.0},{"not_picked":["Fusion","Rebound"],"picked":"BootSequence","floor":3.0},{"not_picked":["Rainbow","Streamline"],"picked":"Ball Lightning","floor":7.0},{"not_picked":["Rebound","Double Energy"],"picked":"Conserve Battery","floor":10.0},{"not_picked":["Blizzard","Streamline"],"picked":"Glacier","floor":11.0},{"not_picked":["Blizzard","Stack"],"picked":"hubris:PowerSurge","floor":12.0},{"not_picked":["Gash","Stack"],"picked":"Capacitor","floor":13.0},{"not_picked":["Stack","Capacitor"],"picked":"Thunder Strike","floor":14.0},{"not_picked":["Amplify","Biased Cognition"],"picked":"Electrodynamics","floor":16.0},{"not_picked":["Undo","Streamline"],"picked":"Compile Driver+1","floor":18.0},{"not_picked":["Streamline","Aggregate","Recycle"],"picked":"SKIP","floor":20.0},{"not_picked":["Sweeping Beam+1","Doom and Gloom"],"picked":"Conserve Battery+1","floor":21.0},{"not_picked":["BootSequence","Steam Power"],"picked":"Loop","floor":23.0},{"not_picked":["Stack","Scrape"],"picked":"hubris:PowerSurge","floor":25.0},{"not_picked":["Fusion+1","Self Repair"],"picked":"Ball Lightning+1","floor":28.0},{"not_picked":["Meteor Strike","Steam+1","Redo+1"],"picked":"SKIP","floor":29.0},{"not_picked":["Rebound","Turbo+1"],"picked":"Darkness+1","floor":30.0},{"not_picked":["Chaos+1","Sunder"],"picked":"Coolheaded+1","floor":31.0},{"not_picked":["Meteor Strike","Machine Learning"],"picked":"Reboot+1","floor":33.0},{"not_picked":["Heatsinks","Aggregate+1"],"picked":"Darkness+1","floor":35.0},{"not_picked":["Streamline","Turbo+1","Capacitor+1"],"picked":"SKIP","floor":37.0},{"not_picked":["FTL","Hello World"],"picked":"Static Discharge","floor":40.0},{"not_picked":["Recycle+1","Leap+1"],"picked":"Skim+1","floor":42.0},{"not_picked":["Reprogram+1","Fusion+1","Cold Snap"],"picked":"SKIP","floor":45.0},{"not_picked":["Force Field+1","Stack+1","Go for the Eyes+1"],"picked":"SKIP","floor":46.0},{"not_picked":["Leap+1","Hyperbeam"],"picked":"Chill+1","floor":47.0},{"not_picked":["Barrage","Steam+1"],"picked":"Ball Lightning","floor":48.0},{"not_picked":["Thunder Strike","Amplify+1"],"picked":"Echo Form","floor":50.0},{"not_picked":["infinitespire:NeuralNetwork","infinitespire:DeathsTouch"],"picked":"hubris:InfiniteBlow","floor":51.0},{"not_picked":["Hyperbeam","Thunder Strike"],"picked":"Echo Form","floor":51.0},{"not_picked":["Turbo+1","Barrage","Force Field+1"],"picked":"SKIP","floor":53.0},{"not_picked":["Steam+1","Melter","Redo+1"],"picked":"SKIP","floor":55.0},{"not_picked":["Force Field+1","Chaos+1","FTL"],"picked":"SKIP","floor":56.0},{"not_picked":["Streamline","Chaos+1"],"picked":"White Noise+1","floor":57.0},{"not_picked":["Leap+1","hubris:SpecializedCircuitry"],"picked":"Machine Learning","floor":58.0},{"not_picked":["Redo+1","Ball Lightning"],"picked":"Skim+1","floor":59.0},{"not_picked":["Ball Lightning","Sunder","Hello World"],"picked":"SKIP","floor":62.0},{"not_picked":["Melter","Fusion+1"],"picked":"Coolheaded+1","floor":63.0},{"not_picked":["Conserve Battery+1","Redo+1"],"picked":"hubris:Ukulele","floor":64.0},{"not_picked":["Meteor Strike","Reboot+1"],"picked":"Rainbow+1","floor":68.0},{"not_picked":["hubris:Ukulele","Barrage"],"picked":"Fission+1","floor":70.0},{"not_picked":["Turbo+1","hubris:Ukulele","Reprogram+1"],"picked":"SKIP","floor":72.0},{"not_picked":["Conserve Battery+1","Undo+1","Hologram+1"],"picked":"SKIP","floor":73.0},{"not_picked":["Steam+1","Consume+1"],"picked":"hubris:PowerSurge","floor":74.0},{"not_picked":["hubris:Fate","infinitespire:Collect"],"picked":"infinitespire:UltimateForm","floor":75},{"not_picked":["Turbo+1","Stack+1","Beam Cell"],"picked":"SKIP","floor":75},{"not_picked":["Doom and Gloom","Compile Driver"],"picked":"Storm","floor":77},{"not_picked":["Auto Shields+1","Go for the Eyes"],"picked":"hubris:DoWhile+1","floor":80},{"not_picked":["Conserve Battery+1","Barrage","Steam+1"],"picked":"SKIP","floor":83},{"not_picked":["Reboot+1","hubris:DoWhile+1"],"picked":"Fission+1","floor":85},{"not_picked":["Steam+1","Chaos+1","hubris:SpiceAddiction"],"picked":"SKIP","floor":87},{"not_picked":["Gash","hubris:SpiceAddiction"],"picked":"Ball Lightning+1","floor":90},{"not_picked":["Barrage","Fusion+1","hubris:SpiceAddiction"],"picked":"SKIP","floor":91},{"not_picked":["hubris:SpiceAddiction","hubris:SpiceAddiction"],"picked":"Tempest+1","floor":92},{"not_picked":["Madness+1","Enlightenment+1"],"picked":"Apotheosis+1","floor":93},{"not_picked":["Capacitor","hubris:SpiceAddiction","hubris:SpiceAddiction"],"picked":"SKIP","floor":94},{"not_picked":["Genetic Algorithm+1","hubris:SpiceAddiction"],"picked":"Glacier+1","floor":96},{"not_picked":["Cold Snap+1","Hologram+1"],"picked":"Turbo+1","floor":100},{"not_picked":["Core Surge","hubris:DoWhile+1"],"picked":"Rainbow+1","floor":102},{"not_picked":["Biased Cognition","Amplify+1"],"picked":"Buffer","floor":103},{"not_picked":["Gash","Cold Snap","hubris:SpiceAddiction"],"picked":"SKIP","floor":105},{"not_picked":["Doom and Gloom","Rebound","Gash"],"picked":"SKIP","floor":106},{"not_picked":["Steam+1","hubris:SpiceAddiction","Undo+1"],"picked":"SKIP","floor":107},{"not_picked":["hubris:SpiceAddiction","Heatsinks"],"picked":"Storm","floor":108},{"not_picked":["infinitespire:NeuralNetwork","infinitespire:Execution"],"picked":"infinitespire:Gouge","floor":110},{"not_picked":["hubris:SpiceAddiction","hubris:SpiceAddiction","Beam Cell"],"picked":"SKIP","floor":110},{"not_picked":["hubris:SpiceAddiction","Compile Driver","All For One"],"picked":"SKIP","floor":112},{"not_picked":["Gash","hubris:SpiceAddiction"],"picked":"Turbo+1","floor":115},{"not_picked":["Lockon","Streamline"],"picked":"Consume+1","floor":116},{"not_picked":["Go for the Eyes","hubris:SpiceAddiction","hubris:SpiceAddiction"],"picked":"SKIP","floor":118}],"player_experience":1205118,"relics_obtained":[{"floor":5.0,"key":"Smiling Mask"},{"floor":7.0,"key":"Whetstone"},{"floor":9.0,"key":"Blood Vial"},{"floor":10.0,"key":"Vajra"},{"floor":13.0,"key":"PreservedInsect"},{"floor":23.0,"key":"Letter Opener"},{"floor":25.0,"key":"Toxic Egg 2"},{"floor":26.0,"key":"Ancient Tea Set"},{"floor":29.0,"key":"War Paint"},{"floor":40.0,"key":"hubris:ToyBattleship"},{"floor":42.0,"key":"hubris:Potato"},{"floor":43.0,"key":"Omamori"},{"floor":47.0,"key":"infinitespire:Beetle Shell"},{"floor":57.0,"key":"DataDisk"},{"floor":58.0,"key":"hubris:MobiusCoin"},{"floor":61.0,"key":"Turnip"},{"floor":62.0,"key":"hubris:SlimyHat"},{"floor":69.0,"key":"Pen Nib"},{"floor":69.0,"key":"Darkstone Periapt"},{"floor":69.0,"key":"hubris:Spice"},{"floor":75,"key":"hubris:Spice"},{"floor":77,"key":"Mercury Hourglass"},{"floor":78,"key":"hubris:Spice"},{"floor":80,"key":"hubris:Spice"},{"floor":92,"key":"hubris:Spice"},{"floor":94,"key":"Regal Pillow"},{"floor":95,"key":"hubris:Spice"},{"floor":110,"key":"Bronze Scales"},{"floor":112,"key":"Lantern"},{"floor":116,"key":"hubris:Spice"}],"event_choices":[{"damage_healed":0.0,"max_hp_gain":0.0,"max_hp_loss":0.0,"gold_gain":0.0,"event_name":"Shining Light","player_choice":"Entered Light","floor":4.0,"gold_loss":0.0,"damage_taken":21.0,"cards_upgraded":["Ball Lightning","Zap"]},{"cards_removed":["Strike_B"],"damage_healed":0.0,"max_hp_gain":0.0,"max_hp_loss":0.0,"gold_gain":0.0,"event_name":"Beggar","player_choice":"Gave Gold","floor":19.0,"gold_loss":75.0,"damage_taken":0.0},{"damage_healed":0.0,"max_hp_gain":0.0,"max_hp_loss":0.0,"gold_gain":0.0,"event_name":"Back to Basics","player_choice":"Simplicity","floor":22.0,"gold_loss":0.0,"damage_taken":0.0,"cards_upgraded":["Strike_B","Defend_B","Defend_B","Defend_B","Defend_B"]},{"damage_healed":0.0,"max_hp_gain":0.0,"max_hp_loss":0.0,"gold_gain":0.0,"event_name":"Upgrade Shrine","player_choice":"Upgraded","floor":36.0,"gold_loss":0.0,"damage_taken":0.0,"cards_upgraded":["Thunder Strike"]},{"damage_healed":0.0,"max_hp_gain":0.0,"max_hp_loss":0.0,"gold_gain":0.0,"event_name":"WeMeetAgain","player_choice":"Paid Gold","floor":38.0,"gold_loss":148.0,"damage_taken":0.0,"relics_obtained":["Bag of Marbles"]},{"damage_healed":0.0,"max_hp_gain":0.0,"max_hp_loss":0.0,"gold_gain":30.0,"event_name":"Dead Adventurer","player_choice":"Searched \u00273\u0027 times","floor":57.0,"gold_loss":0.0,"damage_taken":0.0},{"damage_healed":0.0,"max_hp_gain":0.0,"max_hp_loss":0.0,"gold_gain":0.0,"event_name":"Living Wall","player_choice":"Grow","floor":65.0,"gold_loss":0.0,"damage_taken":0.0,"cards_upgraded":["hubris:InfiniteBlow"]},{"damage_healed":0.0,"max_hp_gain":0.0,"max_hp_loss":0.0,"gold_gain":0.0,"event_name":"Big Fish","player_choice":"Box","floor":66.0,"gold_loss":0.0,"damage_taken":0.0,"relics_obtained":["Juzu Bracelet"],"cards_obtained":["Regret"]},{"damage_healed":0,"gold_gain":0,"player_choice":"Obtained Relic","damage_taken":0,"relics_obtained":["hubris:Spice"],"max_hp_gain":0,"max_hp_loss":0,"event_name":"Addict","floor":76,"gold_loss":85},{"cards_removed":["Strike_B"],"damage_healed":0,"gold_gain":0,"player_choice":"Upgrade and Remove","damage_taken":0,"max_hp_gain":0,"max_hp_loss":0,"event_name":"Designer","floor":82,"gold_loss":110,"cards_upgraded":["Glacier"]},{"damage_healed":0,"gold_gain":0,"player_choice":"Ignored","damage_taken":0,"max_hp_gain":0,"max_hp_loss":0,"event_name":"Tomb of Lord Red Mask","floor":88,"gold_loss":0},{"damage_healed":0,"gold_gain":0,"player_choice":"Memory 3","damage_taken":10,"max_hp_gain":0,"max_hp_loss":0,"event_name":"SensoryStone","floor":93,"gold_loss":0},{"cards_removed":["Machine Learning"],"damage_healed":0,"gold_gain":0,"player_choice":"Removed Power","damage_taken":0,"max_hp_gain":0,"max_hp_loss":0,"event_name":"Falling","floor":98,"gold_loss":0},{"damage_healed":0,"gold_gain":0,"player_choice":"Bought 3 Potions","damage_taken":0,"max_hp_gain":0,"max_hp_loss":0,"event_name":"The Woman in Blue","floor":109,"gold_loss":0},{"cards_removed":["infinitespire:Pacifist"],"damage_healed":0,"gold_gain":0,"player_choice":"Forget","damage_taken":0,"max_hp_gain":0,"max_hp_loss":0,"event_name":"Living Wall","floor":114,"gold_loss":0},{"damage_healed":0,"gold_gain":0,"player_choice":"Ignored","damage_taken":0,"max_hp_gain":0,"max_hp_loss":0,"event_name":"Liars Game","floor":117,"gold_loss":0}],"is_beta":false,"boss_relics":[{"not_picked":["Calling Bell","Ectoplasm"],"picked":"hubris:RunicObelisk"},{"not_picked":["Nuclear Battery","Tiny House"],"picked":"Inserter"},{"not_picked":["hubris:CrackedHourglass","Eternal Feather"],"picked":"infinitespire:Cupcake"},{"not_picked":["hubris:HollowSoul","Lizard Tail"],"picked":"Calling Bell"},{"not_picked":["hubris:Spice","Sozu"],"picked":"Cursed Key"},{"not_picked":["hubris:Spice","hubris:Spice"],"picked":"Eternal Feather"}],"items_purged_floors":[39,54,71,89],"is_endless":true,"potions_floor_spawned":[1,2,10,12,14,20,25,28,29,30,35,42,46,47,50,51,53,55,64,73,80,85,87,90,96,100,102,105,110,112,118],"killed_by":"LordOfAnnihilation","ascension_level":20}