{"gold_per_floor":[113,113,113,132,147,178,188,199,222,241,273,292,292,311,311,412,412,432,347,119,132,143,157,157,157],"floor_reached":25,"playtime":2577,"items_purged":[],"score":294,"play_id":"bdadcbb1-8802-4743-98b5-1b49d4c15a72","local_time":"20190910112233","is_ascension_mode":false,"campfire_choices":[{"data":"TalkToTheHand","floor":13.0,"key":"SMITH"},{"data":"DevaForm","floor":15.0,"key":"SMITH"},{"data":"Unraveling","floor":24.0,"key":"SMITH"}],"neow_cost":"NONE","seed_source_timestamp":0,"circlet_count":0,"master_deck":["Eruption","Vigilance","PathToVictory","DeceiveReality","SignatureMove","Conclude","PathToVictory","Worship","TalkToTheHand+1","Swivel","EmptyFist","DevaForm+1","ReachHeaven","Unraveling","FlyingSleeves","EmptyMind","Omniscience","Scrawl","Unraveling+1","CleanseEvil","SpiritShield","FlyingSleeves","MasterReality","Crescendo","FlurryOfBlows"],"special_seed":0,"relics":["PureWater","Bag of Marbles","Centennial Puzzle","Vajra","Art of War","Pandora\u0027s Box","Pen Nib","Melange"],"potions_floor_usage":[],"damage_taken":[{"damage":3.0,"enemies":"2 Louse","floor":1.0,"turns":4.0},{"damage":0.0,"enemies":"Cultist","floor":4.0,"turns":2.0},{"damage":0.0,"enemies":"Small Slimes","floor":5.0,"turns":1.0},{"damage":35.0,"enemies":"3 Sentries","floor":6.0,"turns":14.0},{"damage":13.0,"enemies":"2 Fungi Beasts","floor":7.0,"turns":2.0},{"damage":0.0,"enemies":"Looter","floor":8.0,"turns":1.0},{"damage":0.0,"enemies":"Lots of Slimes","floor":10.0,"turns":1.0},{"damage":0.0,"enemies":"Lagavulin","floor":11.0,"turns":4.0},{"damage":0.0,"enemies":"Gremlin Gang","floor":12.0,"turns":3.0},{"damage":0.0,"enemies":"Looter","floor":14.0,"turns":2.0},{"damage":0.0,"enemies":"The Guardian","floor":16.0,"turns":11.0},{"damage":7.0,"enemies":"Chosen","floor":18.0,"turns":3.0},{"damage":0.0,"enemies":"Spheric Guardian","floor":21.0,"turns":5.0},{"damage":35.0,"enemies":"3 Cultists","floor":22.0,"turns":7.0},{"damage":13.0,"enemies":"Chosen and Byrds","floor":23.0,"turns":5.0},{"damage":20,"enemies":"Book of Stabbing","floor":25,"turns":7}],"seed_played":"-3769011462602222513","potions_obtained":[{"floor":1.0,"key":"StancePotion"},{"floor":4.0,"key":"FearPotion"},{"floor":7.0,"key":"PowerPotion"},{"floor":10.0,"key":"Ancient Potion"},{"floor":12.0,"key":"PowerPotion"},{"floor":22.0,"key":"GamblersBrew"}],"is_trial":false,"path_per_floor":["M","?","?","M","M","E","M","M","T","M","E","M","R","M","R","B",null,"M","?","$","M","M","M","R","E"],"character_chosen":"WATCHER","items_purchased":["MasterReality","Melange"],"campfire_rested":0,"item_purchase_floors":[20,20],"current_hp_per_floor":[62,59,75,75,75,40,27,27,27,27,27,27,27,27,27,27,75,68,68,68,68,33,20,20,0],"gold":157,"neow_bonus":"ONE_RANDOM_RARE_CARD","is_prod":false,"is_daily":false,"chose_seed":false,"campfire_upgraded":3,"win_rate":0.0,"timestamp":1568107353,"path_taken":["M","?","?","M","M","E","?","M","T","M","E","M","R","M","R","BOSS","M","?","$","M","M","M","R","E"],"build_version":"2019-09-09v2","purchased_purges":0,"victory":false,"max_hp_per_floor":[65,65,75,75,75,75,75,75,75,75,75,75,75,75,75,75,75,75,75,75,75,75,75,75,75],"card_choices":[{"not_picked":["Vengeance","Weave"],"picked":"PathToVictory","floor":1.0},{"not_picked":["Weave","CutThroughFate"],"picked":"DeceiveReality","floor":4.0},{"not_picked":["ClearTheMind","Worship"],"picked":"SignatureMove","floor":5.0},{"not_picked":["ClearTheMind","WaveOfTheHand"],"picked":"Conclude","floor":6.0},{"not_picked":["Consecrate","SpiritShield"],"picked":"PathToVictory","floor":7.0},{"not_picked":["Consecrate","ThirdEye"],"picked":"Worship","floor":8.0},{"not_picked":["WaveOfTheHand","Fasting"],"picked":"TalkToTheHand","floor":10.0},{"not_picked":["Worship","WaveOfTheHand"],"picked":"Swivel","floor":11.0},{"not_picked":["Swivel","InnerPeace"],"picked":"EmptyFist","floor":12.0},{"not_picked":["Protect","CrushJoints"],"picked":"DevaForm","floor":14.0},{"not_picked":["Brilliance","FlowState"],"picked":"ReachHeaven","floor":16.0},{"not_picked":["Sanctity","Consecrate"],"picked":"FlyingSleeves","floor":18.0},{"not_picked":["EmptyMind","DeceiveReality"],"picked":"Crescendo","floor":21.0},{"not_picked":["DeceiveReality","CutThroughFate+1"],"picked":"FlurryOfBlows","floor":22.0},{"not_picked":["FlyingSleeves","CutThroughFate","Protect"],"picked":"SKIP","floor":23.0}],"player_experience":2012417,"relics_obtained":[{"floor":6.0,"key":"Centennial Puzzle"},{"floor":9.0,"key":"Vajra"},{"floor":11.0,"key":"Art of War"}],"event_choices":[{"damage_healed":0.0,"max_hp_gain":0.0,"max_hp_loss":0.0,"gold_gain":0.0,"event_name":"Scrap Ooze","player_choice":"Success","floor":2.0,"gold_loss":0.0,"damage_taken":3.0,"relics_obtained":["Bag of Marbles"]},{"cards_removed":["Omniscience"],"damage_healed":6.0,"max_hp_gain":10.0,"max_hp_loss":0.0,"gold_gain":0.0,"event_name":"Bonfire Elementals","player_choice":"Offered Rare","floor":3.0,"gold_loss":0.0,"damage_taken":0.0},{"damage_healed":0.0,"max_hp_gain":0.0,"max_hp_loss":0.0,"gold_gain":0.0,"event_name":"Addict","player_choice":"Obtained Relic","floor":19.0,"gold_loss":85.0,"damage_taken":0.0,"relics_obtained":["Pen Nib"]}],"is_beta":true,"boss_relics":[{"not_picked":["Tiny House","Runic Pyramid"],"picked":"Pandora\u0027s Box"}],"items_purged_floors":[],"is_endless":false,"potions_floor_spawned":[1,4,7,10,12,21,22],"killed_by":"Book of Stabbing","ascension_level":0}