{"gold_per_floor":[365,57,81,393,419,431,469,481,493,535,547,559,536,559,571,682,694,720,732,744,776,806,818,830,842,879,891,918,965,231,231,231,331,331,349,369,369,385,134,134,147,207,207,207,207,222,222,250,250,250],"floor_reached":51,"playtime":2356,"items_purged":[],"score":1190,"play_id":"8f2bdf9d-e97b-424d-9029-89378356d315","local_time":"20181002193517","is_ascension_mode":true,"campfire_choices":[{"data":"Terror","floor":6,"key":"SMITH"},{"data":"Neutralize","floor":8,"key":"SMITH"},{"data":"Leg Sweep","floor":15,"key":"SMITH"},{"floor":23,"key":"REST"},{"data":"Backstab","floor":25,"key":"SMITH"},{"data":"Backstab","floor":27,"key":"SMITH"},{"floor":32,"key":"REST"},{"data":"Electrodynamics","floor":40,"key":"SMITH"},{"data":"Footwork","floor":45,"key":"SMITH"},{"floor":47,"key":"REST"},{"floor":49,"key":"REST"}],"neow_cost":"TEN_PERCENT_HP_LOSS","seed_source_timestamp":33784247347096,"circlet_count":0,"master_deck":["Defend_G+1","Defend_G+1","Defend_G+1","Defend_G+1","Defend_G+1","Strike_G+1","Strike_G+1","Strike_G+1","Strike_G+1","Strike_G+1","Survivor","Neutralize+1","AscendersBane","Backstab+1","Backstab+1","Terror+1","Noxious Fumes+1","Dagger Throw","Underhanded Strike","Leg Sweep+1","Backstab","Unload","Cloak And Dagger+1","Quick Slash","PiercingWail+1","Backstab","Footwork+1","Electrodynamics+1","Body Slam+1","Dramatic Entrance","Anger+1","Loop+1"],"relics":["Ring of the Snake","MawBank","Old Coin","Pantograph","StoneCalendar","Centennial Puzzle","Sozu","MutagenicStrength","Art of War","Anchor","PrismaticShard","Nunchaku","Meat on the Bone","Orichalcum","WristBlade","Dead Branch","Matryoshka","Tiny Chest","Letter Opener","Sundial","Happy Flower"],"potions_floor_usage":[7,16,50],"damage_taken":[{"damage":0,"enemies":"Jaw Worm","floor":1,"turns":6},{"damage":0,"enemies":"2 Louse","floor":3,"turns":1},{"damage":0,"enemies":"Small Slimes","floor":5,"turns":3},{"damage":7,"enemies":"Gremlin Nob","floor":7,"turns":3},{"damage":16,"enemies":"3 Sentries","floor":10,"turns":7},{"damage":5,"enemies":"3 Louse","floor":14,"turns":2},{"damage":10,"enemies":"The Guardian","floor":16,"turns":11},{"damage":11,"enemies":"Spheric Guardian","floor":18,"turns":3},{"damage":14,"enemies":"3 Byrds","floor":21,"turns":4},{"damage":11,"enemies":"Sentry and Sphere","floor":22,"turns":4},{"damage":2,"enemies":"Centurion and Healer","floor":28,"turns":4},{"damage":14,"enemies":"Gremlin Leader","floor":29,"turns":5},{"damage":32,"enemies":"Collector","floor":33,"turns":9},{"damage":0,"enemies":"Orb Walker","floor":35,"turns":1},{"damage":21,"enemies":"3 Darklings","floor":36,"turns":7},{"damage":0,"enemies":"Mind Bloom Boss Battle","floor":37,"turns":2},{"damage":0,"enemies":"4 Shapes","floor":38,"turns":5},{"damage":5,"enemies":"Spire Growth","floor":41,"turns":3},{"damage":22,"enemies":"Giant Head","floor":42,"turns":7},{"damage":0,"enemies":"Sphere and 2 Shapes","floor":46,"turns":3},{"damage":6,"enemies":"Nemesis","floor":48,"turns":5},{"damage":61,"enemies":"Awakened One","floor":50,"turns":14}],"seed_played":"7053021617231209381","potions_obtained":[{"floor":1,"key":"FearPotion"},{"floor":5,"key":"PowerPotion"},{"floor":7,"key":"SpeedPotion"}],"is_trial":false,"path_per_floor":["M","$","M","?","M","R","E","R","T","E","$","?","?","M","R","B",null,"M","?","?","M","M","R","?","R","T","R","M","E","$","?","R","B",null,"M","M","?","M","$","R","M","E","T","?","R","M","R","E","R","B"],"character_chosen":"THE_SILENT","items_purchased":["Backstab","Terror","MawBank","PrismaticShard","Nunchaku","Meat on the Bone","Matryoshka"],"campfire_rested":4,"item_purchase_floors":[2,2,2,30,30,30,39],"current_hp_per_floor":[63,63,63,45,45,45,38,38,38,22,22,22,37,32,32,47,59,48,48,48,34,23,41,41,41,41,41,39,25,25,25,43,43,58,58,37,62,62,62,62,57,35,35,35,35,35,53,47,63,14],"gold":250,"neow_bonus":"TWO_FIFTY_GOLD","is_prod":false,"is_daily":false,"chose_seed":false,"campfire_upgraded":7,"win_rate":0,"timestamp":1538501717,"path_taken":["M","$","M","?","M","R","E","R","T","E","$","?","?","?","R","BOSS","M","?","?","M","M","R","?","R","T","R","?","E","$","?","R","BOSS","M","?","?","M","?","R","M","E","T","?","R","M","R","E","R","BOSS"],"build_version":"2018-10-01","purchased_purges":0,"victory":true,"max_hp_per_floor":[63,63,63,63,63,63,63,63,63,63,63,63,63,63,63,63,63,63,63,63,63,63,63,63,63,63,63,63,63,63,63,63,63,63,63,63,63,63,63,63,63,63,63,63,63,63,63,63,63,63],"card_choices":[{"not_picked":["Catalyst","Blade Dance"],"picked":"Backstab","floor":1},{"not_picked":["Endless Agony","Tactician"],"picked":"Noxious Fumes","floor":3},{"not_picked":["Slice","Tactician"],"picked":"Dagger Throw","floor":5},{"not_picked":["Concentrate","Quick Slash"],"picked":"Underhanded Strike","floor":7},{"not_picked":["Concentrate","Flechettes"],"picked":"Leg Sweep","floor":10},{"not_picked":["Slice","Backflip"],"picked":"Backstab","floor":14},{"not_picked":["Grand Finale","Night Terror"],"picked":"Unload","floor":16},{"not_picked":["Blade Dance","Expertise"],"picked":"Cloak And Dagger","floor":18},{"not_picked":["Bane+1","Flying Knee"],"picked":"Quick Slash","floor":21},{"not_picked":["Sucker Punch","Underhanded Strike"],"picked":"PiercingWail+1","floor":22},{"not_picked":["Underhanded Strike","Blade Dance"],"picked":"Backstab","floor":28},{"not_picked":["Grand Finale","Blade Dance+1"],"picked":"Footwork","floor":29},{"not_picked":["HandOfGreed","The Bomb"],"picked":"Electrodynamics","floor":33},{"not_picked":["Streamline+1","Gash","Barrage"],"picked":"SKIP","floor":35},{"not_picked":["Havoc+1","Barrage+1","Hologram+1"],"picked":"SKIP","floor":36},{"not_picked":["Spot Weakness","Doom and Gloom+1"],"picked":"Body Slam+1","floor":37},{"not_picked":["BootSequence","Sever Soul"],"picked":"Dramatic Entrance","floor":38},{"not_picked":["Good Instincts","Armaments+1","Doom and Gloom"],"picked":"SKIP","floor":41},{"not_picked":["Deflect","Grand Finale"],"picked":"Anger+1","floor":42},{"not_picked":["Cleave","Prepared"],"picked":"Loop+1","floor":46},{"not_picked":["Evolve+1","Shrug It Off","Warcry"],"picked":"SKIP","floor":48}],"player_experience":575482,"relics_obtained":[{"floor":7,"key":"Pantograph"},{"floor":9,"key":"StoneCalendar"},{"floor":10,"key":"Centennial Puzzle"},{"floor":26,"key":"Art of War"},{"floor":29,"key":"Anchor"},{"floor":37,"key":"Dead Branch"},{"floor":42,"key":"Tiny Chest"},{"floor":43,"key":"Letter Opener"},{"floor":43,"key":"Sundial"},{"floor":48,"key":"Happy Flower"}],"event_choices":[{"event_name":"Scrap Ooze","player_choice":"success","floor":4,"damage_taken":18},{"event_name":"Living Wall","player_choice":"Grow","floor":12,"damage_taken":0},{"event_name":"The Cleric","player_choice":"Healed","floor":13,"damage_taken":0},{"event_name":"Drug Dealer","player_choice":"Inject Mutagens","floor":19,"damage_taken":0},{"event_name":"Upgrade Shrine","player_choice":"Upgraded","floor":20,"damage_taken":0},{"event_name":"Back to Basics","player_choice":"Simplicity","floor":24,"damage_taken":0},{"event_name":"The Mausoleum","player_choice":"Yes","floor":31,"damage_taken":0},{"event_name":"MindBloom","player_choice":"Fight","floor":37,"damage_taken":0},{"event_name":"Purifier","player_choice":"One Purge","floor":44,"damage_taken":0}],"is_beta":true,"boss_relics":[{"not_picked":["Pandora\u0027s Box","Lizard Tail"],"picked":"Sozu"},{"not_picked":["Eternal Feather","White Beast Statue"],"picked":"WristBlade"}],"items_purged_floors":[],"is_endless":false,"potions_floor_spawned":[1,5,7,10,18,22,29,35,36,42,46],"ascension_level":12}