{"gold_per_floor":[113,113,132,58,81,117,117,136,136,156,181,181,202,217,217,346,346,365,379,222,257,182,215,115,135,158,158,177,177],"floor_reached":29,"playtime":2057,"items_purged":["Defend_B","Defend_B"],"score":299,"play_id":"65467530-7376-4fff-9299-d90b922134c3","local_time":"20181125200637","is_ascension_mode":true,"campfire_choices":[{"floor":12.0,"key":"REST"},{"floor":15.0,"key":"REST"},{"data":"Defragment","floor":27,"key":"SMITH"}],"neow_cost":"NONE","seed_source_timestamp":0,"circlet_count":0,"master_deck":["Strike_B","Strike_B","Strike_B","Strike_B+1","Defend_B","Defend_B","Zap","Dualcast","Leap","Conserve Battery","Seek","Ball Lightning","Defragment+1","Glacier","FTL","Cold Snap+1","Seek","Coolheaded","Coolheaded+1","Coolheaded+1"],"special_seed":0,"relics":["Cracked Core","Golden Idol","Bottled Lightning","Darkstone Periapt","Sozu","Art of War","Red Mask","Cables","Whetstone"],"potions_floor_usage":[19,23],"damage_taken":[{"damage":3.0,"enemies":"Jaw Worm","floor":1.0,"turns":5.0},{"damage":1.0,"enemies":"Small Slimes","floor":3.0,"turns":4.0},{"damage":3.0,"enemies":"Cultist","floor":5.0,"turns":5.0},{"damage":41.0,"enemies":"Gremlin Nob","floor":6.0,"turns":5.0},{"damage":4.0,"enemies":"Blue Slaver","floor":8.0,"turns":4.0},{"damage":13.0,"enemies":"Large Slime","floor":10.0,"turns":6.0},{"damage":1.0,"enemies":"Exordium Thugs","floor":11.0,"turns":5.0},{"damage":5.0,"enemies":"Exordium Wildlife","floor":13.0,"turns":4.0},{"damage":6.0,"enemies":"Looter","floor":14.0,"turns":3.0},{"damage":18.0,"enemies":"The Guardian","floor":16.0,"turns":14.0},{"damage":10.0,"enemies":"Spheric Guardian","floor":18.0,"turns":4.0},{"damage":0,"enemies":"Chosen","floor":19,"turns":4},{"damage":25,"enemies":"Masked Bandits","floor":21,"turns":6},{"damage":12,"enemies":"Slavers","floor":23,"turns":8},{"damage":11,"enemies":"Snake Plant","floor":25,"turns":5},{"damage":0,"enemies":"Sentry and Sphere","floor":28,"turns":7},{"damage":36,"enemies":"Gremlin Leader","floor":29,"turns":7}],"seed_played":"8837150437844525270","potions_obtained":[{"floor":1.0,"key":"SteroidPotion"},{"floor":3.0,"key":"Swift Potion"},{"floor":7.0,"key":"FairyPotion"},{"floor":7.0,"key":"AttackPotion"},{"floor":7.0,"key":"SmokeBomb"},{"floor":11.0,"key":"Explosive Potion"}],"is_trial":false,"path_per_floor":["M","?","M","$","M","E","?","M","T","M","M","R","M","M","R","B",null,"M","M","M","$","?","$","E","$","M","T","R","M","E"],"character_chosen":"DEFECT","items_purchased":["Seek","Art of War"],"campfire_rested":2,"item_purchase_floors":[4,20],"current_hp_per_floor":[79,59,58,58,55,14,14,10,10,8,7,31,26,20,44,26,82,72,72,72,47,47,35,35,24,24,24,24,0],"gold":177,"neow_bonus":"TEN_PERCENT_HP_BONUS","is_prod":false,"is_daily":false,"chose_seed":false,"campfire_upgraded":1,"win_rate":0,"timestamp":1543147597,"path_taken":["M","?","M","$","M","E","?","M","T","?","M","R","M","M","R","BOSS","M","M","$","?","$","E","$","M","T","R","M","E"],"build_version":"2018-11-15","purchased_purges":2,"victory":false,"max_hp_per_floor":[82,82,82,82,82,82,82,82,82,82,82,82,82,82,82,82,82,82,82,82,82,82,82,82,82,82,82,82,82],"card_choices":[{"not_picked":["Blizzard","Melter"],"picked":"Leap","floor":1.0},{"not_picked":["Rebound","Barrage"],"picked":"Conserve Battery","floor":3.0},{"not_picked":["Steam","Gash"],"picked":"Ball Lightning","floor":5.0},{"not_picked":["Hologram","Biased Cognition"],"picked":"Defragment","floor":6.0},{"not_picked":["Storm","Gash"],"picked":"Glacier","floor":8.0},{"not_picked":["Rebound","White Noise"],"picked":"FTL","floor":10.0},{"not_picked":["Aggregate","Redo","Go for the Eyes"],"picked":"SKIP","floor":11.0},{"not_picked":["Hologram","Rebound","Chaos"],"picked":"SKIP","floor":13.0},{"not_picked":["Stack","Chaos"],"picked":"Cold Snap","floor":14.0},{"not_picked":["Amplify","Reboot"],"picked":"Seek","floor":16.0},{"not_picked":["Go for the Eyes","Steam Power+1","Beam Cell"],"picked":"SKIP","floor":18},{"not_picked":["Doom and Gloom","Ball Lightning"],"picked":"Coolheaded","floor":19},{"not_picked":["Sweeping Beam+1","All For One"],"picked":"Coolheaded+1","floor":23},{"not_picked":["Stack","Barrage","Streamline+1"],"picked":"SKIP","floor":25},{"not_picked":["Leap+1","Heatsinks"],"picked":"Coolheaded+1","floor":28}],"player_experience":275805,"relics_obtained":[{"floor":6.0,"key":"Bottled Lightning"},{"floor":9.0,"key":"Darkstone Periapt"},{"floor":21,"key":"Red Mask"},{"floor":23,"key":"Cables"},{"floor":26,"key":"Whetstone"}],"event_choices":[{"damage_healed":0.0,"max_hp_gain":0.0,"max_hp_loss":0.0,"gold_gain":0.0,"event_name":"Golden Idol","player_choice":"Take Damage","floor":2.0,"gold_loss":0.0,"damage_taken":20.0,"relics_obtained":["Golden Idol"]},{"damage_healed":0.0,"max_hp_gain":0.0,"max_hp_loss":0.0,"gold_gain":0.0,"event_name":"Lab","player_choice":"Got Potions","floor":7.0,"gold_loss":0.0,"damage_taken":0.0},{"damage_healed":0,"gold_gain":0,"player_choice":"Fought Bandits","damage_taken":0,"max_hp_gain":0,"max_hp_loss":0,"event_name":"Masked Bandits","floor":21,"gold_loss":0}],"is_beta":false,"boss_relics":[{"not_picked":["White Beast Statue","Inserter"],"picked":"Sozu"}],"items_purged_floors":[22,24],"is_endless":false,"potions_floor_spawned":[1,3,8,11,16,18,21,28],"killed_by":"Gremlin Leader","ascension_level":4}