{"gold_per_floor":[113,113,133,143,158,158,188,188,188,218,218,293,324,342,342,440,440,455,468,11,28,128,160,160,189,189,189,219,219,245,0,0,101,101,116,116,128,148,158,185,185,220,220,283,307,335,375,462,474,486],"floor_reached":51,"playtime":2123,"items_purged":["Strike_B","Strike_B"],"score":1107,"play_id":"d5df8d5c-a3d2-4ede-9a19-5fd7bd7c9944","local_time":"20190313105006","is_ascension_mode":true,"campfire_choices":[{"data":"Zap","floor":6,"key":"SMITH"},{"data":"Coolheaded","floor":8,"key":"SMITH"},{"data":"Blizzard","floor":11,"key":"SMITH"},{"data":"Darkness","floor":15,"key":"SMITH"},{"data":"Creative AI","floor":24,"key":"SMITH"},{"data":"White Noise","floor":27,"key":"SMITH"},{"data":"Buffer","floor":29,"key":"SMITH"},{"data":"Electrodynamics","floor":32,"key":"SMITH"},{"data":"Consume","floor":41,"key":"SMITH"},{"data":"Reboot","floor":49,"key":"SMITH"}],"neow_cost":"NONE","seed_source_timestamp":2933353181403,"circlet_count":0,"master_deck":["Strike_B","Strike_B","Defend_B","Defend_B+1","Defend_B","Defend_B","Zap+1","Dualcast","Sweeping Beam","Self Repair","Chill+1","Blizzard+1","Coolheaded+1","Reboot+1","Cold Snap","Darkness+1","Electrodynamics+1","White Noise+1","Genetic Algorithm","Coolheaded","Creative AI+1","Buffer+1","Coolheaded","Turbo+1","Panache","Static Discharge","Echo Form","Consume+1","Heatsinks+1","Double Energy+1","Consume+1","Rainbow","Doom and Gloom+1"],"relics":["Cracked Core","Ancient Tea Set","Happy Flower","Dead Branch","Matryoshka","Meat on the Bone","Gambling Chip","Runic Dome","DataDisk","Runic Capacitor","Oddly Smooth Stone","Orichalcum","Strawberry","Bronze Scales","Lantern","The Courier","Runic Pyramid","War Paint","Regal Pillow","Mercury Hourglass","MawBank","Turnip","Boot"],"potions_floor_usage":[13,33,50],"damage_taken":[{"damage":7,"enemies":"2 Louse","floor":1,"turns":2},{"damage":1,"enemies":"Jaw Worm","floor":3,"turns":3},{"damage":1,"enemies":"Cultist","floor":4,"turns":3},{"damage":1,"enemies":"2 Fungi Beasts","floor":5,"turns":4},{"damage":25,"enemies":"Lagavulin","floor":7,"turns":9},{"damage":4,"enemies":"3 Sentries","floor":10,"turns":5},{"damage":12,"enemies":"Lagavulin","floor":13,"turns":7},{"damage":0,"enemies":"Blue Slaver","floor":14,"turns":3},{"damage":33,"enemies":"Slime Boss","floor":16,"turns":7},{"damage":0,"enemies":"2 Thieves","floor":18,"turns":3},{"damage":8,"enemies":"Shell Parasite","floor":19,"turns":5},{"damage":0,"enemies":"Sentry and Sphere","floor":21,"turns":3},{"damage":16,"enemies":"Book of Stabbing","floor":23,"turns":4},{"damage":11,"enemies":"Gremlin Leader","floor":25,"turns":5},{"damage":0,"enemies":"Book of Stabbing","floor":28,"turns":5},{"damage":0,"enemies":"Slavers","floor":30,"turns":4},{"damage":0,"enemies":"Automaton","floor":33,"turns":7},{"damage":31,"enemies":"3 Darklings","floor":35,"turns":6},{"damage":4,"enemies":"Orb Walker","floor":37,"turns":4},{"damage":19,"enemies":"Jaw Worm Horde","floor":38,"turns":2},{"damage":0,"enemies":"4 Shapes","floor":39,"turns":4},{"damage":3,"enemies":"Reptomancer","floor":40,"turns":3},{"damage":0,"enemies":"Giant Head","floor":42,"turns":10},{"damage":0,"enemies":"2 Orb Walkers","floor":44,"turns":3},{"damage":0,"enemies":"Maw","floor":45,"turns":4},{"damage":0,"enemies":"Writhing Mass","floor":46,"turns":4},{"damage":19,"enemies":"Nemesis","floor":47,"turns":7},{"damage":0,"enemies":"Donu and Deca","floor":50,"turns":7}],"seed_played":"690258541370030950","potions_obtained":[{"floor":4,"key":"Energy Potion"},{"floor":5,"key":"SmokeBomb"},{"floor":10,"key":"Poison Potion"},{"floor":18,"key":"Weak Potion"},{"floor":30,"key":"FocusPotion"},{"floor":35,"key":"Dexterity Potion"},{"floor":42,"key":"FocusPotion"}],"is_trial":false,"path_per_floor":["M","?","M","M","M","R","E","R","T","E","R","?","E","M","R","B",null,"M","M","$","M","?","E","R","E","T","R","E","R","E","$","R","B",null,"M","T","M","M","M","E","R","E","T","?","M","M","E","?","R","B",null],"character_chosen":"DEFECT","items_purchased":["DataDisk","Runic Capacitor","Coolheaded","Panache","Static Discharge"],"campfire_rested":0,"item_purchase_floors":[20,20,20,31,31],"current_hp_per_floor":[68,65,64,70,75,75,57,57,57,60,60,49,56,63,63,49,75,75,74,74,74,74,65,65,54,61,61,68,68,75,75,75,82,82,58,58,54,47,47,51,51,65,65,72,82,82,70,62,62,69],"gold":498,"neow_bonus":"RANDOM_COMMON_RELIC","is_prod":false,"is_daily":false,"chose_seed":false,"campfire_upgraded":10,"win_rate":0,"timestamp":1552470606,"path_taken":["M","?","M","M","M","R","E","R","T","E","R","?","E","M","R","BOSS","M","M","$","M","?","E","R","E","T","R","E","R","E","$","R","BOSS","M","?","M","M","M","E","R","E","T","?","M","M","E","?","R","BOSS"],"build_version":"2019-01-23","purchased_purges":2,"victory":true,"max_hp_per_floor":[75,75,75,75,75,75,75,75,75,75,75,75,75,75,75,75,75,75,75,75,75,75,75,75,75,82,82,82,82,82,82,82,82,82,82,82,82,82,82,82,82,82,82,82,82,82,82,82,82,82],"card_choices":[{"not_picked":["Rebound","Redo"],"picked":"Sweeping Beam","floor":1},{"not_picked":["Leap","Sweeping Beam"],"picked":"Self Repair","floor":3},{"not_picked":["Heatsinks","Steam"],"picked":"Chill","floor":4},{"not_picked":["Undo","Reinforced Body"],"picked":"Blizzard","floor":5},{"not_picked":["Melter","Loop"],"picked":"Coolheaded","floor":7},{"not_picked":["Compile Driver","Meteor Strike"],"picked":"Reboot","floor":10},{"not_picked":["Compile Driver","Steam"],"picked":"Cold Snap","floor":13},{"not_picked":["Force Field","Stack"],"picked":"Darkness","floor":14},{"not_picked":["Machine Learning","All For One"],"picked":"Electrodynamics","floor":16},{"not_picked":["Darkness","Conserve Battery"],"picked":"White Noise","floor":18},{"not_picked":["Fusion+1","Go for the Eyes+1"],"picked":"Genetic Algorithm","floor":19},{"not_picked":["Auto Shields","Beam Cell","Melter+1"],"picked":"SKIP","floor":21},{"not_picked":["Cold Snap","White Noise"],"picked":"Creative AI","floor":23},{"not_picked":["Fusion+1","Genetic Algorithm+1"],"picked":"Buffer","floor":25},{"not_picked":["Darkness","Ball Lightning"],"picked":"Coolheaded","floor":28},{"not_picked":["Hologram+1","Barrage+1"],"picked":"Turbo+1","floor":30},{"not_picked":["Machine Learning","Multi-Cast"],"picked":"Echo Form","floor":33},{"not_picked":["Sweeping Beam+1","Chill"],"picked":"Consume","floor":35},{"not_picked":["Hologram+1","Beam Cell+1"],"picked":"Heatsinks+1","floor":37},{"not_picked":["Chaos","Hologram","Rebound"],"picked":"SKIP","floor":38},{"not_picked":["Streamline","Reinforced Body+1"],"picked":"Double Energy+1","floor":39},{"not_picked":["Sunder+1","Hello World"],"picked":"Consume+1","floor":40},{"not_picked":["BootSequence+1","Hello World"],"picked":"Rainbow","floor":42},{"not_picked":["Streamline+1","Blizzard","Steam Power+1"],"picked":"SKIP","floor":45},{"not_picked":["Stack+1","Fusion","Gash+1"],"picked":"SKIP","floor":46},{"not_picked":["Gash","Rebound"],"picked":"Doom and Gloom+1","floor":47}],"player_experience":1399968,"relics_obtained":[{"floor":7,"key":"Dead Branch"},{"floor":9,"key":"Matryoshka"},{"floor":10,"key":"Meat on the Bone"},{"floor":13,"key":"Gambling Chip"},{"floor":23,"key":"Oddly Smooth Stone"},{"floor":25,"key":"Orichalcum"},{"floor":26,"key":"Strawberry"},{"floor":26,"key":"Bronze Scales"},{"floor":28,"key":"Lantern"},{"floor":30,"key":"The Courier"},{"floor":36,"key":"War Paint"},{"floor":40,"key":"Regal Pillow"},{"floor":42,"key":"Mercury Hourglass"},{"floor":43,"key":"MawBank"},{"floor":44,"key":"Turnip"},{"floor":47,"key":"Boot"}],"event_choices":[{"damage_healed":0,"gold_gain":0,"player_choice":"Success","damage_taken":3,"relics_obtained":["Happy Flower"],"max_hp_gain":0,"max_hp_loss":0,"event_name":"Scrap Ooze","floor":2,"gold_loss":0},{"damage_healed":0,"gold_gain":75,"player_choice":"Gather Gold","damage_taken":11,"max_hp_gain":0,"max_hp_loss":0,"event_name":"World of Goop","floor":12,"gold_loss":0},{"damage_healed":0,"gold_gain":100,"player_choice":"Pray","damage_taken":0,"max_hp_gain":0,"max_hp_loss":0,"event_name":"Golden Shrine","floor":22,"gold_loss":0},{"damage_healed":0,"gold_gain":0,"player_choice":"Fight","damage_taken":0,"max_hp_gain":0,"max_hp_loss":0,"event_name":"Mysterious Sphere","floor":44,"gold_loss":0},{"damage_healed":0,"gold_gain":75,"player_choice":"Touch","damage_taken":8,"max_hp_gain":0,"max_hp_loss":0,"event_name":"FaceTrader","floor":48,"gold_loss":0}],"is_beta":false,"boss_relics":[{"not_picked":["Tiny House","White Beast Statue"],"picked":"Runic Dome"},{"not_picked":["Philosopher\u0027s Stone","Cursed Key"],"picked":"Runic Pyramid"}],"items_purged_floors":[20,31],"is_endless":false,"potions_floor_spawned":[4,5,10,18,23,28,30,35,38,42,45],"ascension_level":1}