{"gold_per_floor":[114,127,137,152,152,152,182,182,182,182],"floor_reached":10,"playtime":1052,"items_purged":[],"score":68,"play_id":"a190b854-21cb-4985-b922-3287eee3c86e","local_time":"20190307112925","is_ascension_mode":false,"campfire_choices":[{"data":"Neutralize","floor":6,"key":"SMITH"},{"data":"Prepared","floor":8,"key":"SMITH"}],"neow_cost":"TEN_PERCENT_HP_LOSS","seed_source_timestamp":0,"circlet_count":0,"master_deck":["Defend_G","Defend_G","Defend_G","Defend_G","Defend_G","Strike_G","Strike_G","Strike_G","Strike_G","Survivor","Neutralize+1","Tactician","Reflex","Quick Slash","Sucker Punch","Prepared+1"],"special_seed":0,"relics":["Ring of the Snake","Ginger","Sundial","Pantograph"],"potions_floor_usage":[7],"damage_taken":[{"damage":3.0,"enemies":"Small Slimes","floor":1.0,"turns":5.0},{"damage":0,"enemies":"2 Louse","floor":2,"turns":2},{"damage":5,"enemies":"Jaw Worm","floor":3,"turns":7},{"damage":0,"enemies":"2 Fungi Beasts","floor":4,"turns":5},{"damage":32,"enemies":"Lagavulin","floor":7,"turns":12},{"damage":19,"enemies":"3 Sentries","floor":10,"turns":4}],"seed_played":"-8894270409863567663","potions_obtained":[{"floor":1,"key":"Block Potion"}],"is_trial":false,"path_per_floor":["M","M","M","M","?","R","E","R","T","E"],"character_chosen":"THE_SILENT","items_purchased":[],"campfire_rested":0,"item_purchase_floors":[],"current_hp_per_floor":[60,60,55,55,48,48,16,16,16,0],"gold":182,"neow_bonus":"ONE_RARE_RELIC","is_prod":false,"is_daily":false,"chose_seed":false,"campfire_upgraded":2,"win_rate":0,"timestamp":1551986965,"path_taken":["M","M","M","M","?","R","E","R","T","E"],"build_version":"2019-01-23","purchased_purges":0,"victory":false,"max_hp_per_floor":[63,63,63,63,63,63,63,63,63,63],"card_choices":[{"not_picked":["Cloak And Dagger","Flying Knee"],"picked":"Tactician","floor":1},{"not_picked":["Bane","Riddle With Holes"],"picked":"Reflex","floor":2},{"not_picked":["Calculated Gamble","Dagger Spray"],"picked":"Quick Slash","floor":3},{"not_picked":["Blade Dance","Escape Plan"],"picked":"Sucker Punch","floor":4},{"not_picked":["All Out Attack","Flying Knee"],"picked":"Prepared","floor":7}],"player_experience":342112,"relics_obtained":[{"floor":7,"key":"Sundial"},{"floor":9,"key":"Pantograph"}],"event_choices":[{"cards_removed":["Strike_G"],"damage_healed":0,"gold_gain":0,"player_choice":"Card Removal","damage_taken":7,"max_hp_gain":0,"max_hp_loss":0,"event_name":"Golden Wing","floor":5,"gold_loss":0}],"is_beta":false,"boss_relics":[],"items_purged_floors":[],"is_endless":false,"potions_floor_spawned":[1],"killed_by":"3 Sentries","ascension_level":0}