{"gold_per_floor":[115,115,115,15,30,30,56,56,56,75,75,104,119,150,150,223,223,242,32,32,32,32,32,67,67,91,91,126,126,126,155,155,232,232,252,252,267,367,39,70,70,97,97,97,111,111,111,141,141,141,141,141,141,51,77,77],"floor_reached":57,"playtime":2892,"items_purged":["Pain","Strike_B+1","FTL"],"score":3237,"play_id":"f55567c7-6970-4836-a430-f25eb1340c97","local_time":"20190805113147","is_ascension_mode":true,"campfire_choices":[{"data":"Zap","floor":6.0,"key":"SMITH"},{"data":"Static Discharge","floor":8.0,"key":"SMITH"},{"data":"Genetic Algorithm","floor":15.0,"key":"SMITH"},{"data":"Consume","floor":23.0,"key":"SMITH"},{"data":"Rainbow","floor":32.0,"key":"SMITH"},{"floor":41.0,"key":"RECALL"},{"floor":44,"key":"REST"},{"floor":47,"key":"REST"},{"floor":49,"key":"REST"},{"floor":53,"key":"REST"}],"neow_cost":"NONE","seed_source_timestamp":5826293850903,"circlet_count":0,"master_deck":["AscendersBane","Defend_B+1","Defend_B+1","Defend_B+1","Defend_B+1","Zap+1","Dualcast+1","Chill","Coolheaded","Static Discharge+1","Gash","Genetic Algorithm+1","Glacier","Seek","Consume+1","Coolheaded","Glacier","Hologram","Multi-Cast","Rainbow+1","Electrodynamics","Defragment","Capacitor","Self Repair","Turbo","Coolheaded","Defragment"],"special_seed":0,"relics":["Cracked Core","NeowsBlessing","WarpedTongs","Dodecahedron","Letter Opener","War Paint","StoneCalendar","FossilizedHelix","Inserter","Centennial Puzzle","Lantern","Juzu Bracelet","Strawberry","Vajra","Fusion Hammer","Incense Burner","Membership Card","Omamori","Darkstone Periapt","Question Card","Boot"],"potions_floor_usage":[56,56],"damage_taken":[{"damage":0.0,"enemies":"2 Louse","floor":1.0,"turns":1.0},{"damage":0.0,"enemies":"Cultist","floor":5.0,"turns":1.0},{"damage":0.0,"enemies":"Gremlin Nob","floor":7.0,"turns":1.0},{"damage":0.0,"enemies":"Small Slimes","floor":10.0,"turns":2.0},{"damage":10.0,"enemies":"3 Sentries","floor":12.0,"turns":6.0},{"damage":19.0,"enemies":"Exordium Thugs","floor":13.0,"turns":4.0},{"damage":5.0,"enemies":"Lagavulin","floor":14.0,"turns":7.0},{"damage":9.0,"enemies":"Hexaghost","floor":16.0,"turns":9.0},{"damage":0.0,"enemies":"Shell Parasite","floor":18.0,"turns":7.0},{"damage":31.0,"enemies":"Slavers","floor":24.0,"turns":5.0},{"damage":0.0,"enemies":"Gremlin Leader","floor":28.0,"turns":7.0},{"damage":0.0,"enemies":"Book of Stabbing","floor":31.0,"turns":7.0},{"damage":0.0,"enemies":"Automaton","floor":33.0,"turns":11.0},{"damage":0.0,"enemies":"Orb Walker","floor":35.0,"turns":3.0},{"damage":0.0,"enemies":"3 Shapes","floor":37.0,"turns":3.0},{"damage":0.0,"enemies":"Mind Bloom Boss Battle","floor":38.0,"turns":7.0},{"damage":0.0,"enemies":"Giant Head","floor":40.0,"turns":11.0},{"damage":0,"enemies":"Reptomancer","floor":42,"turns":7},{"damage":0,"enemies":"Sphere and 2 Shapes","floor":45,"turns":6},{"damage":0,"enemies":"Giant Head","floor":48,"turns":9},{"damage":9,"enemies":"Awakened One","floor":50,"turns":14},{"damage":0,"enemies":"Donu and Deca","floor":51,"turns":12},{"damage":10,"enemies":"Shield and Spear","floor":55,"turns":11},{"damage":73,"enemies":"The Heart","floor":56,"turns":13}],"seed_played":"56473977292925300","potions_obtained":[{"floor":1.0,"key":"AttackPotion"},{"floor":10.0,"key":"Energy Potion"},{"floor":13.0,"key":"PowerPotion"}],"is_trial":false,"path_per_floor":["M","?","?","$","M","R","E","R","T","M","?","E","M","E","R","B",null,"M","$","?","?","?","R","E","$","T","?","E","?","?","E","R","B",null,"M","?","M","?","$","E","R","E","T","R","M","?","R","E","R","B","B",null,"R","$","E","B",null],"character_chosen":"DEFECT","items_purchased":["Coolheaded","Centennial Puzzle","Coolheaded","Membership Card","Self Repair","Turbo","SkillPotion"],"campfire_rested":4,"item_purchase_floors":[4,19,19,39,39,39,54],"current_hp_per_floor":[64,64,64,64,64,64,64,64,64,64,64,54,35,30,30,21,59,59,59,39,39,39,39,8,8,8,76,83,83,83,83,83,83,83,83,73,73,73,73,80,80,83,83,83,83,79,79,79,79,79,79,79,79,79,76,3],"gold":77,"neow_bonus":"THREE_ENEMY_KILL","is_prod":false,"is_daily":false,"chose_seed":false,"campfire_upgraded":5,"win_rate":0,"timestamp":1564997507,"path_taken":["M","?","?","$","?","R","E","R","T","M","?","E","M","E","R","BOSS","M","$","?","?","?","R","E","$","T","?","E","?","?","E","R","BOSS","M","?","M","?","?","E","R","E","T","R","M","?","R","E","R","BOSS","BOSS","R","$","E","BOSS"],"build_version":"2019-07-17","purchased_purges":3,"victory":true,"max_hp_per_floor":[71,71,71,71,71,71,71,71,71,71,71,71,71,71,71,71,71,71,71,76,76,76,76,76,76,76,76,83,83,83,83,83,83,83,83,83,83,83,83,83,83,83,83,83,83,79,79,79,79,79,79,79,79,79,79,79],"card_choices":[{"not_picked":["Stack","Streamline"],"picked":"Chill","floor":1.0},{"not_picked":["Turbo","Leap"],"picked":"FTL","floor":5.0},{"not_picked":["Rip and Tear","Self Repair"],"picked":"Static Discharge","floor":7.0},{"not_picked":["Force Field","Scrape"],"picked":"Gash","floor":10.0},{"not_picked":["Go for the Eyes","Skim"],"picked":"Genetic Algorithm","floor":12.0},{"not_picked":["Skim","Recycle","Go for the Eyes"],"picked":"SKIP","floor":13.0},{"not_picked":["Leap","Rip and Tear"],"picked":"Glacier","floor":14.0},{"not_picked":["All For One","Buffer"],"picked":"Seek","floor":16.0},{"not_picked":["Rebound","Beam Cell"],"picked":"Consume","floor":18.0},{"not_picked":["Hologram","Rip and Tear"],"picked":"Glacier","floor":24.0},{"not_picked":["Stack+1","Ball Lightning"],"picked":"Hologram","floor":28.0},{"not_picked":["BootSequence","Hologram+1","Steam Power"],"picked":"SKIP","floor":31.0},{"not_picked":["Thunder Strike","Meteor Strike"],"picked":"Electrodynamics","floor":33.0},{"not_picked":["Gash+1","Rebound"],"picked":"Defragment","floor":35.0},{"not_picked":["Conserve Battery","Recycle"],"picked":"Capacitor","floor":37.0},{"not_picked":["Turbo","Ball Lightning","Steam"],"picked":"SKIP","floor":40.0},{"not_picked":["Turbo","Stack"],"picked":"Coolheaded","floor":42},{"not_picked":["Redo","Leap+1","Steam"],"picked":"SKIP","floor":45},{"not_picked":["Double Energy+1","Auto Shields","Scrape"],"picked":"SKIP","floor":48},{"not_picked":["Self Repair+1","Reboot","Skim"],"picked":"Defragment","floor":55}],"player_experience":1878460,"relics_obtained":[{"floor":7.0,"key":"Dodecahedron"},{"floor":9.0,"key":"Letter Opener"},{"floor":12.0,"key":"StoneCalendar"},{"floor":14.0,"key":"FossilizedHelix"},{"floor":24.0,"key":"Lantern"},{"floor":26.0,"key":"Juzu Bracelet"},{"floor":28.0,"key":"Strawberry"},{"floor":31.0,"key":"Vajra"},{"floor":38.0,"key":"Incense Burner"},{"floor":40.0,"key":"Omamori"},{"floor":42,"key":"Darkstone Periapt"},{"floor":48,"key":"Question Card"},{"floor":55,"key":"Boot"}],"event_choices":[{"damage_healed":0.0,"max_hp_gain":0.0,"max_hp_loss":0.0,"gold_gain":0.0,"event_name":"The Cleric","player_choice":"Leave","floor":2.0,"gold_loss":0.0,"damage_taken":0.0},{"damage_healed":0.0,"max_hp_gain":0.0,"max_hp_loss":0.0,"gold_gain":0.0,"event_name":"Accursed Blacksmith","player_choice":"Rummage","floor":3.0,"gold_loss":0.0,"damage_taken":0.0,"relics_obtained":["WarpedTongs"],"cards_obtained":["Pain"]},{"damage_healed":0.0,"max_hp_gain":0.0,"max_hp_loss":0.0,"gold_gain":0.0,"event_name":"WeMeetAgain","player_choice":"Gave Potion","floor":11.0,"gold_loss":0.0,"damage_taken":0.0,"relics_obtained":["War Paint"]},{"damage_healed":0.0,"max_hp_gain":5.0,"max_hp_loss":0.0,"gold_gain":0.0,"event_name":"Forgotten Altar","player_choice":"Shed Blood","floor":20.0,"gold_loss":0.0,"damage_taken":25.0},{"damage_healed":0.0,"max_hp_gain":0.0,"max_hp_loss":0.0,"gold_gain":0.0,"event_name":"The Library","player_choice":"Read","floor":21.0,"gold_loss":0.0,"damage_taken":0.0,"cards_obtained":["Glacier"]},{"damage_healed":0.0,"max_hp_gain":0.0,"max_hp_loss":0.0,"gold_gain":0.0,"event_name":"Back to Basics","player_choice":"Simplicity","floor":22.0,"gold_loss":0.0,"damage_taken":0.0,"cards_upgraded":["Strike_B","Strike_B","Strike_B","Strike_B","Defend_B","Defend_B","Defend_B"]},{"cards_removed":["Glacier"],"damage_healed":68.0,"max_hp_gain":0.0,"max_hp_loss":0.0,"gold_gain":0.0,"event_name":"Bonfire Elementals","player_choice":"Offered Uncommon","floor":27.0,"gold_loss":0.0,"damage_taken":0.0},{"cards_removed":["Strike_B"],"damage_healed":0.0,"max_hp_gain":0.0,"max_hp_loss":0.0,"gold_gain":0.0,"event_name":"Purifier","player_choice":"Purged","floor":29.0,"gold_loss":0.0,"damage_taken":0.0},{"damage_healed":0.0,"max_hp_gain":0.0,"max_hp_loss":0.0,"gold_gain":0.0,"cards_transformed":["Strike_B","Strike_B"],"event_name":"Drug Dealer","player_choice":"Became Test Subject","floor":30.0,"gold_loss":0.0,"damage_taken":0.0,"cards_obtained":["Multi-Cast","Rainbow"]},{"damage_healed":0.0,"max_hp_gain":0.0,"max_hp_loss":0.0,"gold_gain":0.0,"event_name":"SensoryStone","player_choice":"Memory 3","floor":36.0,"gold_loss":0.0,"damage_taken":10.0},{"damage_healed":0.0,"max_hp_gain":0.0,"max_hp_loss":0.0,"gold_gain":0.0,"event_name":"MindBloom","player_choice":"Fight","floor":38.0,"gold_loss":0.0,"damage_taken":0.0},{"damage_healed":0,"gold_gain":0,"player_choice":"Max HP","damage_taken":0,"max_hp_gain":0,"max_hp_loss":4,"event_name":"Winding Halls","floor":46,"gold_loss":0}],"is_beta":false,"boss_relics":[{"not_picked":["Orrery","FrozenCore"],"picked":"Inserter"},{"not_picked":["Philosopher\u0027s Stone","White Beast Statue"],"picked":"Fusion Hammer"}],"items_purged_floors":[4,39,54],"is_endless":false,"potions_floor_spawned":[1,10,13,14,16,18,31,38,42,45],"ascension_level":20}