{"path_per_floor":["M","M","?","M","T","E","R","E","T","M","M"],"character_chosen":"IRONCLAD","items_purchased":[],"gold_per_floor":[114,130,130,140,140,172,172,201,254,273,285,285],"floor_reached":12,"campfire_rested":0,"playtime":505,"current_hp_per_floor":[80,79,79,73,73,45,45,21,21,22,30,0],"items_purged":[],"gold":285,"score":108,"play_id":"8ffa7eea-9fee-4613-97a8-938a3aa01fd6","local_time":"20180517134009","is_prod":false,"is_daily":false,"chose_seed":false,"is_ascension_mode":true,"campfire_upgraded":1,"timestamp":1526557209,"campfire_choices":[{"data":"Bash","floor":7,"key":"SMITH"}],"path_taken":["M","M","?","M","?","E","R","E","T","?","M","E"],"build_version":"2018-05-16","seed_source_timestamp":16247776814080,"purchased_purges":0,"victory":false,"master_deck":["Strike_R","Strike_R","Strike_R","Strike_R","Strike_R","Defend_R","Defend_R","Defend_R","Defend_R","Bash+1","Entrench+1","Pommel Strike","Inflame","Inflame","Metallicize","Cleave","Body Slam"],"max_hp_per_floor":[80,80,80,80,80,80,80,80,80,80,80,80],"relics":["Burning Blood","Bottled Lightning","Blood Vial","Anchor","Oddly Smooth Stone"],"card_choices":[{"not_picked":["Armaments","Thunderclap"],"picked":"Entrench","floor":1},{"not_picked":["Headbutt","Reckless Charge"],"picked":"Pommel Strike","floor":2},{"not_picked":["Intimidate","Cleave"],"picked":"Inflame","floor":4},{"not_picked":["Sword Boomerang","Feel No Pain"],"picked":"Inflame","floor":6},{"not_picked":["Havoc","Rupture"],"picked":"Metallicize","floor":8},{"not_picked":["Intimidate","Armaments"],"picked":"Cleave","floor":10},{"not_picked":["Double Tap","Sword Boomerang"],"picked":"Body Slam","floor":11}],"player_experience":148602,"potions_floor_usage":[10,10],"damage_taken":[{"damage":0,"enemies":"Small Slimes","floor":1,"turns":3},{"damage":7,"enemies":"2 Louse","floor":2,"turns":2},{"damage":12,"enemies":"Jaw Worm","floor":4,"turns":4},{"damage":34,"enemies":"3 Sentries","floor":6,"turns":9},{"damage":32,"enemies":"Gremlin Nob","floor":8,"turns":4},{"damage":22,"enemies":"Lots of Slimes","floor":10,"turns":9},{"damage":0,"enemies":"Looter","floor":11,"turns":4},{"damage":36,"enemies":"Lagavulin","floor":12,"turns":5}],"relics_obtained":[{"floor":5,"key":"Bottled Lightning"},{"floor":6,"key":"Blood Vial"},{"floor":8,"key":"Anchor"},{"floor":9,"key":"Oddly Smooth Stone"}],"event_choices":[{"event_name":"Living Wall","player_choice":"Grow","floor":3,"damage_taken":0}],"boss_relics":[],"potions_floor_spawned":[4,8],"seed_played":"-4334130823596800504","killed_by":"Lagavulin","ascension_level":4,"potions_obtained":[{"floor":4,"key":"GamblersBrew"},{"floor":8,"key":"Regen Potion"}],"is_trial":false}