{"gold_per_floor":[113,131,131,56,131,131,165,165,217,255,278,301,339,339,339,437,437,451,451,476,46,61,105,119,144,144,144],"floor_reached":27,"playtime":1992,"items_purged":["Strike_R","Strike_R"],"score":539,"play_id":"2bd04625-d428-4837-b481-ef9288bae627","local_time":"20181206190014","is_ascension_mode":true,"campfire_choices":[{"data":"Corruption","floor":6,"key":"SMITH"},{"data":"Shockwave","floor":8,"key":"SMITH"},{"data":"Carnage","floor":15,"key":"SMITH"}],"neow_cost":"NONE","seed_source_timestamp":30359761762021,"circlet_count":0,"master_deck":["AscendersBane","Strike_R","Strike_R+1","Defend_R","Defend_R","Defend_R","Defend_R","Bash","Carnage+1","Corruption+1","Shockwave+1","Immolate+1","Thunderclap","Shrug It Off","Feed","Feel No Pain","Armaments","Limit Break","Body Slam","Feel No Pain"],"relics":["Burning Blood","NeowsBlessing","Golden Idol","Dodecahedron","Potion Belt","Whetstone","Blue Candle","Mark of Pain","Dead Branch","Blood Vial","Mummified Hand"],"potions_floor_usage":[16,22,24,27,27],"damage_taken":[{"damage":0,"enemies":"2 Louse","floor":1,"turns":1},{"damage":0,"enemies":"Small Slimes","floor":2,"turns":1},{"damage":0,"enemies":"3 Sentries","floor":7,"turns":1},{"damage":12,"enemies":"Gremlin Nob","floor":10,"turns":4},{"damage":1,"enemies":"Cultist","floor":11,"turns":3},{"damage":0,"enemies":"Large Slime","floor":12,"turns":3},{"damage":15,"enemies":"Lagavulin","floor":13,"turns":5},{"damage":36,"enemies":"Hexaghost","floor":16,"turns":8},{"damage":17,"enemies":"2 Thieves","floor":18,"turns":3},{"damage":0,"enemies":"Chosen","floor":20,"turns":5},{"damage":17,"enemies":"Shelled Parasite and Fungi","floor":22,"turns":2},{"damage":45,"enemies":"Slavers","floor":23,"turns":6},{"damage":5,"enemies":"3 Cultists","floor":24,"turns":3},{"damage":15,"enemies":"Snake Plant","floor":25,"turns":3},{"damage":37,"enemies":"Shelled Parasite and Fungi","floor":27,"turns":6}],"seed_played":"-6059138283072422331","potions_obtained":[{"floor":1,"key":"SpeedPotion"},{"floor":10,"key":"GamblersBrew"},{"floor":13,"key":"Explosive Potion"},{"floor":16,"key":"FearPotion"},{"floor":20,"key":"SpeedPotion"},{"floor":22,"key":"EssenceOfSteel"},{"floor":25,"key":"LiquidBronze"}],"is_trial":false,"path_per_floor":["M","M","?","$","?","R","E","R","T","E","M","M","E","?","R","B",null,"M","?","M","$","M","E","M","M","T","M"],"character_chosen":"IRONCLAD","items_purchased":["Dead Branch"],"campfire_rested":0,"item_purchase_floors":[21],"current_hp_per_floor":[74,75,49,49,38,38,44,44,44,38,43,49,40,45,45,15,64,56,56,62,62,55,19,25,18,18,0],"gold":144,"neow_bonus":"THREE_ENEMY_KILL","is_prod":false,"is_daily":false,"chose_seed":false,"campfire_upgraded":3,"win_rate":0,"timestamp":1544119214,"path_taken":["M","M","?","$","?","R","E","R","T","E","M","M","E","?","R","BOSS","M","?","M","$","M","E","M","M","T","M"],"build_version":"2018-12-06","purchased_purges":2,"victory":false,"max_hp_per_floor":[75,75,75,75,75,75,75,75,75,75,75,75,75,80,80,80,80,83,83,83,83,87,90,93,93,93,96],"card_choices":[{"not_picked":["Sever Soul","Flex"],"picked":"Carnage","floor":1},{"not_picked":["Fire Breathing","Cleave"],"picked":"Corruption","floor":2},{"not_picked":["Burning Pact","Headbutt"],"picked":"Shockwave","floor":7},{"not_picked":["Bloodletting","Metallicize"],"picked":"Immolate","floor":10},{"not_picked":["Twin Strike","Pommel Strike","Iron Wave"],"picked":"SKIP","floor":11},{"not_picked":["Searing Blow","Armaments"],"picked":"Thunderclap","floor":12},{"not_picked":["Fire Breathing","Perfected Strike"],"picked":"Shrug It Off","floor":13},{"not_picked":["Limit Break","Double Tap"],"picked":"Feed","floor":16},{"not_picked":["Spot Weakness","Hemokinesis"],"picked":"Feel No Pain","floor":18},{"not_picked":["Twin Strike","Headbutt"],"picked":"Armaments","floor":20},{"not_picked":["Wild Strike","Reckless Charge","Anger"],"picked":"SKIP","floor":22},{"not_picked":["Body Slam+1","Sever Soul"],"picked":"Limit Break","floor":23},{"not_picked":["Wild Strike","Warcry"],"picked":"Body Slam","floor":24},{"not_picked":["Evolve","Perfected Strike"],"picked":"Feel No Pain","floor":25}],"player_experience":967252,"relics_obtained":[{"floor":7,"key":"Dodecahedron"},{"floor":9,"key":"Potion Belt"},{"floor":10,"key":"Whetstone"},{"floor":13,"key":"Blue Candle"},{"floor":23,"key":"Blood Vial"},{"floor":26,"key":"Mummified Hand"}],"event_choices":[{"damage_healed":0,"gold_gain":0,"player_choice":"Take Damage","damage_taken":26,"relics_obtained":["Golden Idol"],"max_hp_gain":0,"max_hp_loss":0,"event_name":"Golden Idol","floor":3,"gold_loss":0},{"damage_healed":0,"gold_gain":75,"player_choice":"Gather Gold","damage_taken":11,"max_hp_gain":0,"max_hp_loss":0,"event_name":"World of Goop","floor":5,"gold_loss":0},{"damage_healed":0,"gold_gain":0,"player_choice":"Donut","damage_taken":0,"max_hp_gain":5,"max_hp_loss":0,"event_name":"Big Fish","floor":14,"gold_loss":0},{"cards_removed":["Strike_R"],"damage_healed":0,"gold_gain":0,"player_choice":"Offered Basic","damage_taken":0,"max_hp_gain":0,"max_hp_loss":0,"event_name":"Bonfire Elementals","floor":19,"gold_loss":0}],"is_beta":true,"boss_relics":[{"not_picked":["Empty Cage","Runic Cube"],"picked":"Mark of Pain"}],"items_purged_floors":[4,21],"is_endless":false,"potions_floor_spawned":[1,10,13,16,20,22,23,25],"killed_by":"Shelled Parasite and Fungi","ascension_level":17}