{"gold_per_floor":[215,215,227,237,37,37,37,54,54,80,105,123,140,153,153,153],"floor_reached":16,"playtime":551,"items_purged":["Strike_G"],"score":208,"play_id":"a1a7535d-0f5e-4c31-853a-a3f155c33c18","local_time":"20190922163127","is_ascension_mode":true,"campfire_choices":[{"data":"Crippling Poison","floor":6,"key":"SMITH"},{"data":"Footwork","floor":15,"key":"SMITH"}],"neow_cost":"NONE","seed_source_timestamp":23830528495349,"circlet_count":0,"master_deck":["AscendersBane","Strike_G+1","Strike_G","Strike_G+1","Strike_G","Defend_G","Defend_G","Defend_G","Defend_G","Defend_G","Survivor","Neutralize","Footwork+1","Well Laid Plans","Deadly Poison","Crippling Poison+1","Flechettes","Poisoned Stab","Glass Knife","Dagger Spray","Backstab","Escape Plan"],"relics":["Ring of the Snake","Toy Ornithopter","Mummified Hand","Odd Mushroom"],"potions_floor_usage":[12,12,16],"damage_taken":[{"damage":3,"enemies":"2 Louse","floor":1,"turns":5},{"damage":3,"enemies":"Jaw Worm","floor":3,"turns":5},{"damage":1,"enemies":"Cultist","floor":4,"turns":4},{"damage":6,"enemies":"Blue Slaver","floor":8,"turns":4},{"damage":26,"enemies":"3 Sentries","floor":10,"turns":12},{"damage":3,"enemies":"The Mushroom Lair","floor":11,"turns":3},{"damage":0,"enemies":"Gremlin Gang","floor":12,"turns":3},{"damage":2,"enemies":"Exordium Wildlife","floor":13,"turns":5},{"damage":0,"enemies":"Blue Slaver","floor":14,"turns":2},{"damage":18,"enemies":"Hexaghost","floor":16,"turns":9}],"seed_played":"8136900679845270301","potions_obtained":[{"floor":4,"key":"Energy Potion"},{"floor":10,"key":"SteroidPotion"},{"floor":12,"key":"Swift Potion"},{"floor":14,"key":"CunningPotion"}],"is_trial":false,"path_per_floor":["M","?","M","M","$","R","?","M","T","E","?","M","M","M","R","B"],"character_chosen":"THE_SILENT","items_purchased":["Crippling Poison","Flechettes"],"campfire_rested":0,"item_purchase_floors":[5,5],"current_hp_per_floor":[56,36,33,32,32,32,37,31,31,5,2,12,10,10,10,0],"gold":153,"neow_bonus":"HUNDRED_GOLD","is_prod":false,"is_daily":false,"chose_seed":false,"campfire_upgraded":2,"win_rate":0,"timestamp":1569162687,"path_taken":["M","?","M","M","$","R","?","M","T","E","?","?","M","M","R","BOSS"],"build_version":"2019-09-20","purchased_purges":1,"victory":false,"max_hp_per_floor":[66,66,66,66,66,66,71,71,71,71,71,71,71,71,71,71],"card_choices":[{"not_picked":["Acrobatics","Calculated Gamble"],"picked":"Footwork","floor":1},{"not_picked":["Dodge and Roll","Flying Knee"],"picked":"Well Laid Plans","floor":3},{"not_picked":["Choke","Burst"],"picked":"Deadly Poison","floor":4},{"not_picked":["PiercingWail","Calculated Gamble"],"picked":"Poisoned Stab","floor":8},{"not_picked":["Cloak And Dagger","Quick Slash"],"picked":"Glass Knife","floor":10},{"not_picked":["Reflex","Blade Dance"],"picked":"Dagger Spray","floor":11},{"not_picked":["Flechettes","Tactician","Choke"],"picked":"SKIP","floor":12},{"not_picked":["Dodge and Roll","Outmaneuver"],"picked":"Backstab","floor":13},{"not_picked":["Tactician","Dodge and Roll"],"picked":"Escape Plan","floor":14}],"player_experience":2093010,"relics_obtained":[{"floor":9,"key":"Toy Ornithopter"},{"floor":10,"key":"Mummified Hand"},{"floor":11,"key":"Odd Mushroom"}],"event_choices":[{"damage_healed":0,"gold_gain":0,"player_choice":"Entered Light","damage_taken":20,"max_hp_gain":0,"max_hp_loss":0,"event_name":"Shining Light","floor":2,"gold_loss":0,"cards_upgraded":["Strike_G","Strike_G"]},{"damage_healed":0,"gold_gain":0,"player_choice":"Donut","damage_taken":0,"max_hp_gain":5,"max_hp_loss":0,"event_name":"Big Fish","floor":7,"gold_loss":0},{"damage_healed":0,"gold_gain":0,"player_choice":"Fought Mushrooms","damage_taken":0,"max_hp_gain":0,"max_hp_loss":0,"event_name":"Mushrooms","floor":11,"gold_loss":0}],"is_beta":true,"boss_relics":[],"items_purged_floors":[5],"is_endless":false,"potions_floor_spawned":[4,10,12,14],"killed_by":"Hexaghost","ascension_level":20}