{"gold_per_floor":[118,118,135,152,163,163,194,212,261,273,296,308,336,273,285,396,408,438,470,482,514,540,552],"floor_reached":23,"playtime":1302,"items_purged":[],"score":394,"play_id":"5f312897-e28c-4024-be2f-079f9b826447","local_time":"20190221200958","is_ascension_mode":true,"campfire_choices":[{"data":"Bash","floor":6,"key":"SMITH"},{"data":"Armaments","floor":15,"key":"SMITH"}],"neow_cost":"NONE","seed_source_timestamp":37343626754253,"circlet_count":0,"master_deck":["AscendersBane","Strike_R","Strike_R","Strike_R","Defend_R","Defend_R","Defend_R","Defend_R","Bash+1","Rampage","Twin Strike","Iron Wave","Infernal Blade","Intimidate","Evolve","Armaments+1","Shrug It Off","Feed","Inflame","Combust","Battle Trance"],"relics":["Burning Blood","Mercury Hourglass","Meat on the Bone","MawBank","Golden Idol","Fusion Hammer"],"potions_floor_usage":[7,16,16,23,23],"damage_taken":[{"damage":9,"enemies":"2 Louse","floor":1,"turns":3},{"damage":7,"enemies":"Jaw Worm","floor":3,"turns":3},{"damage":10,"enemies":"Small Slimes","floor":4,"turns":3},{"damage":9,"enemies":"3 Louse","floor":5,"turns":4},{"damage":20,"enemies":"Lagavulin","floor":7,"turns":6},{"damage":14,"enemies":"Lots of Slimes","floor":8,"turns":3},{"damage":4,"enemies":"Blue Slaver","floor":11,"turns":4},{"damage":11,"enemies":"3 Louse","floor":13,"turns":3},{"damage":29,"enemies":"Hexaghost","floor":16,"turns":12},{"damage":16,"enemies":"Shell Parasite","floor":18,"turns":4},{"damage":21,"enemies":"Spheric Guardian","floor":19,"turns":5},{"damage":25,"enemies":"Cultist and Chosen","floor":21,"turns":5},{"damage":46,"enemies":"Sentry and Sphere","floor":22,"turns":6},{"damage":25,"enemies":"Book of Stabbing","floor":23,"turns":3}],"seed_played":"2091328635251386382","potions_obtained":[{"floor":1,"key":"Poison Potion"},{"floor":7,"key":"PowerPotion"},{"floor":8,"key":"Swift Potion"},{"floor":13,"key":"Block Potion"},{"floor":16,"key":"EssenceOfSteel"},{"floor":18,"key":"PowerPotion"}],"is_trial":false,"path_per_floor":["M","?","M","M","M","R","E","M","T","?","M","?","M","?","R","B",null,"M","M","?","M","M","E"],"character_chosen":"IRONCLAD","items_purchased":[],"campfire_rested":0,"item_purchase_floors":[],"current_hp_per_floor":[72,37,36,32,29,29,15,19,19,19,33,33,40,40,40,29,63,56,56,56,49,24,0],"gold":552,"neow_bonus":"TEN_PERCENT_HP_BONUS","is_prod":false,"is_daily":false,"chose_seed":false,"campfire_upgraded":2,"win_rate":0,"timestamp":1550776198,"path_taken":["M","?","M","M","M","R","E","M","T","?","?","?","M","?","R","BOSS","M","M","?","M","?","E"],"build_version":"2019-01-23","purchased_purges":0,"victory":false,"max_hp_per_floor":[82,82,82,82,82,82,82,82,82,82,82,74,74,74,74,74,74,77,80,80,80,83,83],"card_choices":[{"not_picked":["Fire Breathing","Twin Strike"],"picked":"Rampage","floor":1},{"not_picked":["Clash","Thunderclap"],"picked":"Twin Strike","floor":3},{"not_picked":["Pommel Strike","Dark Embrace"],"picked":"Iron Wave","floor":4},{"not_picked":["True Grit","Seeing Red"],"picked":"Infernal Blade","floor":5},{"not_picked":["Power Through","Pummel"],"picked":"Intimidate","floor":7},{"not_picked":["Cleave","Perfected Strike"],"picked":"Evolve","floor":8},{"not_picked":["Fire Breathing","Anger"],"picked":"Armaments","floor":11},{"not_picked":["Heavy Blade","Armaments"],"picked":"Shrug It Off","floor":13},{"not_picked":["Brutality","Fiend Fire"],"picked":"Feed","floor":16},{"not_picked":["Clash","Hemokinesis"],"picked":"Inflame","floor":18},{"not_picked":["Perfected Strike","Intimidate"],"picked":"Combust","floor":19},{"not_picked":["True Grit","Thunderclap"],"picked":"Battle Trance","floor":21},{"not_picked":["Headbutt","Whirlwind","Dropkick"],"picked":"SKIP","floor":22}],"player_experience":1325437,"relics_obtained":[{"floor":7,"key":"Meat on the Bone"},{"floor":9,"key":"MawBank"}],"event_choices":[{"damage_healed":0,"gold_gain":0,"player_choice":"Success","damage_taken":35,"relics_obtained":["Mercury Hourglass"],"max_hp_gain":0,"max_hp_loss":0,"event_name":"Scrap Ooze","floor":2,"gold_loss":0},{"damage_healed":0,"gold_gain":0,"player_choice":"Ignored","damage_taken":0,"max_hp_gain":0,"max_hp_loss":0,"event_name":"Liars Game","floor":10,"gold_loss":0},{"damage_healed":0,"gold_gain":0,"player_choice":"Lose Max HP","damage_taken":0,"relics_obtained":["Golden Idol"],"max_hp_gain":0,"max_hp_loss":8,"event_name":"Golden Idol","floor":12,"gold_loss":0},{"cards_removed":["Strike_R"],"damage_healed":0,"gold_gain":0,"player_choice":"Card Removal","damage_taken":0,"max_hp_gain":0,"max_hp_loss":0,"event_name":"The Cleric","floor":14,"gold_loss":75},{"cards_removed":["Strike_R"],"damage_healed":0,"gold_gain":0,"player_choice":"Purged","damage_taken":0,"max_hp_gain":0,"max_hp_loss":0,"event_name":"Purifier","floor":20,"gold_loss":0}],"is_beta":false,"boss_relics":[{"not_picked":["Ectoplasm","Lizard Tail"],"picked":"Fusion Hammer"}],"items_purged_floors":[],"is_endless":false,"potions_floor_spawned":[1,7,8,13,16,18,22],"killed_by":"Book of Stabbing","ascension_level":20}