{"gold_per_floor":[117,128,128,143,143,143,171,186,186,111,111,121,136,162,162,235,235,254,274,274,284,334,334],"floor_reached":23,"playtime":1152,"items_purged":["Strike_R"],"score":456,"play_id":"c511c8cf-13b3-4a89-9287-3a647eb83d20","local_time":"20190113184716","is_ascension_mode":true,"campfire_choices":[{"data":"Anger","floor":6.0,"key":"SMITH"},{"data":"Shockwave","floor":11.0,"key":"SMITH"},{"data":"Barricade","floor":15.0,"key":"SMITH"}],"neow_cost":"NONE","seed_source_timestamp":0,"circlet_count":0,"master_deck":["AscendersBane","Strike_R","Strike_R","Strike_R","Defend_R+1","Defend_R","Defend_R+1","Bash","Impervious","Pommel Strike","Anger+1","Shockwave+1","Barricade+1","Bludgeon","Shrug It Off","Dual Wield","Limit Break","Inflame+1"],"special_seed":0,"relics":["Burning Blood","Vajra","Strawberry","War Paint","Black Star"],"potions_floor_usage":[],"damage_taken":[{"damage":1.0,"enemies":"Cultist","floor":1.0,"turns":4.0},{"damage":2.0,"enemies":"2 Louse","floor":2.0,"turns":4.0},{"damage":4.0,"enemies":"Jaw Worm","floor":4.0,"turns":4.0},{"damage":0.0,"enemies":"Lagavulin","floor":7.0,"turns":7.0},{"damage":11.0,"enemies":"Looter","floor":8.0,"turns":3.0},{"damage":17.0,"enemies":"Exordium Wildlife","floor":12.0,"turns":3.0},{"damage":24.0,"enemies":"Gremlin Gang","floor":13.0,"turns":6.0},{"damage":24.0,"enemies":"3 Sentries","floor":14.0,"turns":7.0},{"damage":11.0,"enemies":"The Guardian","floor":16.0,"turns":11.0},{"damage":32,"enemies":"Chosen","floor":18,"turns":5},{"damage":32,"enemies":"Spheric Guardian","floor":19,"turns":6},{"damage":13,"enemies":"Snecko","floor":21,"turns":4},{"damage":10,"enemies":"Book of Stabbing","floor":23,"turns":2}],"seed_played":"2115550325122116922","potions_obtained":[{"floor":4.0,"key":"Strength Potion"},{"floor":7.0,"key":"SkillPotion"}],"is_trial":false,"path_per_floor":["M","M","?","M","?","R","E","M","T","$","R","M","M","E","R","B",null,"M","M","?","M","?","E"],"character_chosen":"IRONCLAD","items_purchased":[],"campfire_rested":0,"item_purchase_floors":[],"current_hp_per_floor":[73,75,75,75,75,75,75,70,77,77,77,66,48,30,30,25,68,42,16,16,9,9,0],"gold":334,"neow_bonus":"TRANSFORM_CARD","is_prod":false,"is_daily":false,"chose_seed":false,"campfire_upgraded":3,"win_rate":0,"timestamp":1547401636,"path_taken":["M","M","?","M","?","R","E","M","T","$","R","M","M","E","R","BOSS","BOSS","M","M","?","?","?","E"],"build_version":"2019-01-10","purchased_purges":1,"victory":false,"max_hp_per_floor":[75,75,75,75,75,75,75,75,82,82,82,82,82,82,82,82,82,82,82,82,82,82,82],"card_choices":[{"not_picked":["Warcry","Twin Strike"],"picked":"Pommel Strike","floor":1.0},{"not_picked":["Sword Boomerang","Battle Trance"],"picked":"Anger","floor":2.0},{"not_picked":["Burning Pact","Perfected Strike"],"picked":"Shockwave","floor":4.0},{"not_picked":["Thunderclap","Flex","True Grit"],"picked":"SKIP","floor":7.0},{"not_picked":["Cleave","Warcry"],"picked":"Bludgeon","floor":8.0},{"not_picked":["Headbutt","Flex"],"picked":"Shrug It Off","floor":12.0},{"not_picked":["Hemokinesis","Pummel"],"picked":"Dual Wield","floor":13.0},{"not_picked":["Headbutt","Thunderclap","Intimidate"],"picked":"SKIP","floor":14.0},{"not_picked":["Berserk","Dark Embrace"],"picked":"Limit Break","floor":16},{"not_picked":["Cleave","Sever Soul","Iron Wave"],"picked":"SKIP","floor":18},{"not_picked":["Flex","Sever Soul"],"picked":"Inflame","floor":19},{"not_picked":["True Grit","Clothesline","Wild Strike"],"picked":"SKIP","floor":21}],"player_experience":1097216,"relics_obtained":[{"floor":7.0,"key":"Vajra"},{"floor":9.0,"key":"Strawberry"},{"floor":14.0,"key":"War Paint"}],"event_choices":[{"damage_healed":0.0,"max_hp_gain":0.0,"max_hp_loss":0.0,"gold_gain":0.0,"event_name":"The Cleric","player_choice":"Leave","floor":3.0,"gold_loss":0.0,"damage_taken":0.0},{"damage_healed":0.0,"max_hp_gain":0.0,"max_hp_loss":0.0,"gold_gain":0.0,"cards_transformed":["Defend_R"],"event_name":"Transmorgrifier","player_choice":"Transformed","floor":5.0,"gold_loss":0.0,"damage_taken":0.0,"cards_obtained":["Barricade"]},{"damage_healed":0,"gold_gain":0,"player_choice":"Forge","damage_taken":0,"max_hp_gain":0,"max_hp_loss":0,"event_name":"Accursed Blacksmith","floor":20,"gold_loss":0,"cards_upgraded":["Inflame"]},{"damage_healed":0,"gold_gain":50,"player_choice":"Stole From Cult","damage_taken":0,"max_hp_gain":0,"max_hp_loss":0,"event_name":"Nest","floor":22,"gold_loss":0}],"is_beta":false,"boss_relics":[{"not_picked":["hubris:ScarierMask","Calling Bell"],"picked":"Black Star"}],"items_purged_floors":[10],"is_endless":false,"potions_floor_spawned":[4,7,8,13,16,18,21],"killed_by":"Book of Stabbing","ascension_level":20}