{"gold_per_floor":[119,119,119,140,156,156,196,196,196,196,196,196,237,257,257,351,351,370,370,295,313,333,374,392,203,271,271,286,286,317,342,342,438,438,459,459,480,503,519,519,553,553,576,576,590,590],"floor_reached":46,"playtime":4276,"items_purged":["Strike_R","Strike_R"],"score":1100,"play_id":"ce10d3c6-1f7c-4de4-a27b-b5d78c2698a0","local_time":"20190725010830","is_ascension_mode":true,"campfire_choices":[{"data":"Cleave","floor":6.0,"key":"SMITH"},{"data":"1","floor":8.0,"key":"LIFT"},{"data":"2","floor":10.0,"key":"LIFT"},{"data":"3","floor":12.0,"key":"LIFT"},{"data":"Demon Form","floor":15.0,"key":"SMITH"},{"data":"Limit Break","floor":29.0,"key":"SMITH"},{"floor":32.0,"key":"REST"},{"floor":40,"key":"REST"},{"floor":42,"key":"REST"},{"floor":44,"key":"RECALL"}],"neow_cost":"NONE","seed_source_timestamp":51625513826045,"circlet_count":0,"master_deck":["AscendersBane","Defend_R","Defend_R","Defend_R","Defend_R","Bash+1","Heavy Blade+1","Twin Strike","Cleave+1","Demon Form+1","Twin Strike","Thunderclap","Limit Break+1","Feed+1","Entrench+1","Anger+1","Anger+1","Battle Trance","Exhume","Sword Boomerang","Corruption","Armaments","Feel No Pain","Headbutt","Reaper","Flex+1","Panacea","Seeing Red","Feed"],"special_seed":0,"relics":["Burning Blood","Golden Idol","Girya","Self Forming Clay","Lantern","Astrolabe","Darkstone Periapt","The Courier","Dodecahedron","Pear","Fusion Hammer","Smiling Mask"],"potions_floor_usage":[46,46],"damage_taken":[{"damage":7.0,"enemies":"2 Louse","floor":1.0,"turns":3.0},{"damage":19.0,"enemies":"Jaw Worm","floor":4.0,"turns":4.0},{"damage":1.0,"enemies":"Cultist","floor":5.0,"turns":3.0},{"damage":50.0,"enemies":"Lagavulin","floor":7.0,"turns":6.0},{"damage":8.0,"enemies":"Gremlin Nob","floor":13.0,"turns":3.0},{"damage":2.0,"enemies":"Exordium Wildlife","floor":14.0,"turns":3.0},{"damage":26.0,"enemies":"The Guardian","floor":16.0,"turns":6.0},{"damage":12.0,"enemies":"2 Thieves","floor":18.0,"turns":3.0},{"damage":0.0,"enemies":"Spheric Guardian","floor":21.0,"turns":2.0},{"damage":27.0,"enemies":"Snake Plant","floor":22.0,"turns":5.0},{"damage":3.0,"enemies":"Gremlin Leader","floor":23.0,"turns":4.0},{"damage":29.0,"enemies":"Chosen and Byrds","floor":24.0,"turns":5.0},{"damage":0.0,"enemies":"Centurion and Healer","floor":28.0,"turns":7.0},{"damage":36.0,"enemies":"Slavers","floor":30.0,"turns":4.0},{"damage":23.0,"enemies":"Snecko","floor":31.0,"turns":4.0},{"damage":29,"enemies":"Champ","floor":33,"turns":8},{"damage":55,"enemies":"3 Shapes","floor":35,"turns":10},{"damage":35,"enemies":"3 Darklings","floor":37,"turns":4},{"damage":54,"enemies":"Transient","floor":38,"turns":6},{"damage":23,"enemies":"Jaw Worm Horde","floor":39,"turns":4},{"damage":47,"enemies":"Reptomancer","floor":41,"turns":4},{"damage":44,"enemies":"4 Shapes","floor":45,"turns":5},{"damage":12,"enemies":"Giant Head","floor":46,"turns":4}],"seed_played":"3401570004128193205","potions_obtained":[{"floor":4.0,"key":"Swift Potion"},{"floor":5.0,"key":"Fruit Juice"},{"floor":18.0,"key":"PowerPotion"},{"floor":23.0,"key":"EssenceOfSteel"},{"floor":28.0,"key":"AttackPotion"},{"floor":30.0,"key":"EssenceOfSteel"},{"floor":31.0,"key":"SkillPotion"}],"is_trial":false,"path_per_floor":["M","?","?","M","M","R","E","R","T","R","?","R","E","M","R","B",null,"M","?","$","M","M","E","M","$","T","?","M","R","E","M","R","B",null,"M","?","M","M","M","R","E","R","T","R","M","E"],"character_chosen":"IRONCLAD","items_purchased":["Feel No Pain"],"campfire_rested":3,"item_purchase_floors":[25],"current_hp_per_floor":[67,72,72,59,64,64,20,20,20,20,20,20,18,22,22,7,60,58,58,58,68,47,54,31,31,31,31,45,45,25,8,40,21,89,109,99,74,36,19,55,14,50,50,50,12,0],"gold":590,"neow_bonus":"UPGRADE_CARD","is_prod":false,"is_daily":false,"chose_seed":false,"campfire_upgraded":3,"win_rate":0,"timestamp":1564009710,"path_taken":["M","?","?","M","M","R","E","R","T","R","?","R","E","M","R","BOSS","M","?","$","M","M","E","M","$","T","?","M","R","E","M","R","BOSS","M","?","M","M","M","R","E","R","T","R","M","E"],"build_version":"2019-07-17","purchased_purges":2,"victory":false,"max_hp_per_floor":[75,80,72,72,72,72,72,72,72,72,72,72,72,72,72,77,77,81,81,81,85,85,89,89,89,89,89,97,97,107,107,107,111,111,119,119,123,123,123,123,123,123,123,123,123,123],"card_choices":[{"not_picked":["Warcry","Corruption"],"picked":"Heavy Blade","floor":1.0},{"not_picked":["Sword Boomerang","Headbutt"],"picked":"Twin Strike","floor":4.0},{"not_picked":["Dropkick","Twin Strike"],"picked":"Cleave","floor":5.0},{"not_picked":["Iron Wave","Entrench"],"picked":"Demon Form","floor":7.0},{"not_picked":["Thunderclap","Inflame"],"picked":"Twin Strike","floor":13.0},{"not_picked":["Power Through","Wild Strike"],"picked":"Thunderclap","floor":14.0},{"not_picked":["Berserk","Impervious"],"picked":"Limit Break","floor":16.0},{"not_picked":["Body Slam","Armaments"],"picked":"Anger+1","floor":18.0},{"not_picked":["Clash","Cleave+1"],"picked":"Exhume","floor":21.0},{"not_picked":["Burning Pact","Pommel Strike"],"picked":"Sword Boomerang","floor":22.0},{"not_picked":["Body Slam","Pommel Strike"],"picked":"Corruption","floor":23.0},{"not_picked":["Metallicize","Corruption"],"picked":"Armaments","floor":24.0},{"not_picked":["Havoc","Wild Strike","Warcry"],"picked":"SKIP","floor":28.0},{"not_picked":["Clothesline","Flex","Clash+1"],"picked":"SKIP","floor":30.0},{"not_picked":["Iron Wave","Double Tap"],"picked":"Headbutt","floor":31.0},{"not_picked":["Brutality","Impervious"],"picked":"Reaper","floor":33},{"not_picked":["Body Slam","Sword Boomerang+1"],"picked":"Flex+1","floor":35},{"not_picked":["Forethought","Impatience"],"picked":"Panacea","floor":36},{"not_picked":["Ghostly Armor","Cleave"],"picked":"Seeing Red","floor":37},{"not_picked":["Clothesline","Iron Wave+1","Headbutt"],"picked":"SKIP","floor":38},{"not_picked":["Perfected Strike","Iron Wave","Clothesline"],"picked":"SKIP","floor":39},{"not_picked":["Iron Wave","Metallicize"],"picked":"Feed","floor":41},{"not_picked":["Iron Wave","Searing Blow","Body Slam"],"picked":"SKIP","floor":45}],"player_experience":1838991,"relics_obtained":[{"floor":7.0,"key":"Girya"},{"floor":9.0,"key":"Self Forming Clay"},{"floor":13.0,"key":"Lantern"},{"floor":23.0,"key":"Darkstone Periapt"},{"floor":26.0,"key":"The Courier"},{"floor":30.0,"key":"Pear"},{"floor":41,"key":"Smiling Mask"}],"event_choices":[{"damage_healed":0.0,"max_hp_gain":5.0,"max_hp_loss":0.0,"gold_gain":0.0,"event_name":"Big Fish","player_choice":"Donut","floor":2.0,"gold_loss":0.0,"damage_taken":0.0},{"damage_healed":0.0,"max_hp_gain":0.0,"max_hp_loss":8.0,"gold_gain":0.0,"event_name":"Golden Idol","player_choice":"Lose Max HP","floor":3.0,"gold_loss":0.0,"damage_taken":0.0,"relics_obtained":["Golden Idol"]},{"damage_healed":0.0,"max_hp_gain":0.0,"max_hp_loss":0.0,"gold_gain":0.0,"event_name":"Living Wall","player_choice":"Grow","floor":11.0,"gold_loss":0.0,"damage_taken":0.0,"cards_upgraded":["Heavy Blade"]},{"damage_healed":0.0,"max_hp_gain":0.0,"max_hp_loss":0.0,"gold_gain":0.0,"event_name":"The Library","player_choice":"Read","floor":19.0,"gold_loss":0.0,"damage_taken":0.0,"cards_obtained":["Battle Trance"]},{"damage_healed":0.0,"max_hp_gain":0.0,"max_hp_loss":0.0,"gold_gain":0.0,"event_name":"WeMeetAgain","player_choice":"Gave Potion","floor":27.0,"gold_loss":0.0,"damage_taken":0.0,"relics_obtained":["Dodecahedron"]},{"damage_healed":0,"gold_gain":0,"player_choice":"Memory 3","damage_taken":10,"max_hp_gain":0,"max_hp_loss":0,"event_name":"SensoryStone","floor":36,"gold_loss":0}],"is_beta":false,"boss_relics":[{"not_picked":["Calling Bell","Empty Cage"],"picked":"Astrolabe"},{"not_picked":["Black Star","White Beast Statue"],"picked":"Fusion Hammer"}],"items_purged_floors":[20,25],"is_endless":false,"potions_floor_spawned":[4,5,7,18,23,28,30,31,33,35,37,45],"killed_by":"Giant Head","ascension_level":20}