{"gold_per_floor":[12,30,30,43,55,55,85,85,85,98,114,147,165,179,179,256,256,266,282,282,300,225,225,150,150,150,181,201,201,235,177,177,255,255,274,291,176,13,0,28,28],"floor_reached":41,"playtime":1390,"items_purged":["Strike_R+1"],"score":996,"play_id":"8f26bb82-61f3-4f97-8981-fde9b35953a3","local_time":"20190718020440","is_ascension_mode":true,"campfire_choices":[{"data":"Bash","floor":6.0,"key":"SMITH"},{"data":"Pommel Strike","floor":8.0,"key":"SMITH"},{"data":"Juggernaut","floor":15.0,"key":"SMITH"},{"data":"Immolate","floor":23.0,"key":"SMITH"},{"data":"True Grit","floor":25.0,"key":"SMITH"},{"data":"Armaments","floor":32.0,"key":"SMITH"}],"neow_cost":"NO_GOLD","seed_source_timestamp":0,"circlet_count":0,"master_deck":["AscendersBane","Defend_R+1","Defend_R+1","Defend_R+1","Defend_R+1","Bash+1","Shrug It Off","Cleave","True Grit+1","Pommel Strike+1","Pummel","Juggernaut+1","Anger","Rampage","Immolate+1","Carnage+1","Impervious","Armaments+1","Feel No Pain","Heavy Blade","Juggernaut","Battle Trance+1","Exhume+1","Cleave+1","Ghostly Armor+1","Inflame","Spot Weakness","Offering","Shrug It Off"],"special_seed":0,"relics":["Burning Blood","Pocketwatch","Red Skull","Centennial Puzzle","Shuriken","Coffee Dripper","Juzu Bracelet","Orichalcum","Vajra","Astrolabe","Red Mask","Oddly Smooth Stone"],"potions_floor_usage":[],"damage_taken":[{"damage":8.0,"enemies":"Cultist","floor":1.0,"turns":5.0},{"damage":1.0,"enemies":"Small Slimes","floor":2.0,"turns":4.0},{"damage":2.0,"enemies":"Jaw Worm","floor":4.0,"turns":4.0},{"damage":0.0,"enemies":"Large Slime","floor":5.0,"turns":5.0},{"damage":44.0,"enemies":"Lagavulin","floor":7.0,"turns":6.0},{"damage":6.0,"enemies":"Lots of Slimes","floor":10.0,"turns":3.0},{"damage":2.0,"enemies":"Exordium Wildlife","floor":11.0,"turns":5.0},{"damage":8.0,"enemies":"Gremlin Nob","floor":12.0,"turns":3.0},{"damage":1.0,"enemies":"2 Fungi Beasts","floor":13.0,"turns":3.0},{"damage":14.0,"enemies":"Lots of Slimes","floor":14.0,"turns":3.0},{"damage":21.0,"enemies":"Hexaghost","floor":16.0,"turns":7.0},{"damage":12.0,"enemies":"Chosen","floor":18.0,"turns":3.0},{"damage":16.0,"enemies":"2 Thieves","floor":19.0,"turns":3.0},{"damage":20.0,"enemies":"Centurion and Healer","floor":21.0,"turns":5.0},{"damage":15.0,"enemies":"Slavers","floor":27.0,"turns":2.0},{"damage":0.0,"enemies":"3 Cultists","floor":28.0,"turns":3.0},{"damage":0.0,"enemies":"Gremlin Leader","floor":30.0,"turns":3.0},{"damage":8.0,"enemies":"Champ","floor":33.0,"turns":7.0},{"damage":15.0,"enemies":"3 Darklings","floor":35.0,"turns":3.0},{"damage":23.0,"enemies":"Orb Walker","floor":36.0,"turns":4.0},{"damage":30,"enemies":"Reptomancer","floor":40,"turns":4},{"damage":16,"enemies":"Spire Growth","floor":41,"turns":4}],"seed_played":"3318730306319554697","potions_obtained":[{"floor":2.0,"key":"Explosive Potion"},{"floor":4.0,"key":"PowerPotion"},{"floor":10.0,"key":"Fire Potion"},{"floor":27.0,"key":"FearPotion"},{"floor":33.0,"key":"PowerPotion"},{"floor":36.0,"key":"FearPotion"}],"is_trial":false,"path_per_floor":["M","M","?","M","M","R","E","R","T","M","M","E","M","M","R","B",null,"M","M","?","M","$","R","?","R","T","E","M","?","E","$","R","B",null,"M","M","$","$","?","E","M"],"character_chosen":"IRONCLAD","items_purchased":["Heavy Blade","Inflame","Spot Weakness","Offering"],"campfire_rested":0,"item_purchase_floors":[31,37,37,38],"current_hp_per_floor":[66,71,71,75,75,75,37,37,37,37,41,39,44,36,36,21,62,56,46,46,32,32,32,32,32,32,23,29,29,35,35,35,33,65,56,39,39,39,39,15,0],"gold":28,"neow_bonus":"ONE_RARE_RELIC","is_prod":false,"is_daily":false,"chose_seed":false,"campfire_upgraded":6,"win_rate":0,"timestamp":1563408280,"path_taken":["M","M","?","M","M","R","E","R","T","M","?","E","M","M","R","BOSS","M","M","?","M","$","R","?","R","T","E","M","?","E","$","R","BOSS","M","M","?","$","?","E","M"],"build_version":"2019-07-05","purchased_purges":1,"victory":false,"max_hp_per_floor":[75,75,75,75,75,75,75,75,75,75,75,75,75,75,75,75,75,75,75,75,75,75,75,75,75,75,75,75,75,75,75,75,75,75,75,75,75,75,75,75,75],"card_choices":[{"not_picked":["Flex","Second Wind"],"picked":"Shrug It Off","floor":1.0},{"not_picked":["Heavy Blade","Feel No Pain"],"picked":"Cleave","floor":2.0},{"not_picked":["Entrench","True Grit","Havoc"],"picked":"SKIP","floor":4.0},{"not_picked":["Entrench","Havoc"],"picked":"True Grit","floor":4.0},{"not_picked":["Fire Breathing","Thunderclap"],"picked":"Pommel Strike","floor":5.0},{"not_picked":["Barricade","Havoc","Cleave"],"picked":"SKIP","floor":7.0},{"not_picked":["Heavy Blade","Seeing Red"],"picked":"Perfected Strike","floor":10.0},{"not_picked":["Heavy Blade","Blood for Blood"],"picked":"Pummel","floor":11.0},{"not_picked":["Dual Wield","Impervious"],"picked":"Juggernaut","floor":12.0},{"not_picked":["Body Slam","Fire Breathing"],"picked":"Anger","floor":13.0},{"not_picked":["Body Slam","Sever Soul"],"picked":"Rampage","floor":14.0},{"not_picked":["Bludgeon","Demon Form"],"picked":"Immolate","floor":16.0},{"not_picked":["Shrug It Off","Flex"],"picked":"Carnage+1","floor":18.0},{"not_picked":["Clothesline","Warcry","Rampage"],"picked":"SKIP","floor":19.0},{"not_picked":["Entrench","Cleave","Blood for Blood"],"picked":"SKIP","floor":21.0},{"not_picked":["Dual Wield","Rupture+1"],"picked":"Impervious","floor":27.0},{"not_picked":["Entrench+1","Shrug It Off"],"picked":"Armaments","floor":28.0},{"not_picked":["Second Wind","Battle Trance"],"picked":"Feel No Pain","floor":30.0},{"not_picked":["Dark Embrace","Berserk"],"picked":"Juggernaut","floor":33.0},{"not_picked":["Perfected Strike","Pommel Strike","Battle Trance"],"picked":"SKIP","floor":35.0},{"not_picked":["Headbutt","Iron Wave+1"],"picked":"Ghostly Armor+1","floor":36.0},{"not_picked":["Thunderclap+1","Metallicize"],"picked":"Shrug It Off","floor":40}],"player_experience":1810812,"relics_obtained":[{"floor":7.0,"key":"Red Skull"},{"floor":9.0,"key":"Centennial Puzzle"},{"floor":12.0,"key":"Shuriken"},{"floor":26.0,"key":"Juzu Bracelet"},{"floor":27.0,"key":"Orichalcum"},{"floor":30.0,"key":"Vajra"},{"floor":40,"key":"Oddly Smooth Stone"}],"event_choices":[{"cards_removed":["Strike_R"],"damage_healed":0.0,"max_hp_gain":0.0,"max_hp_loss":0.0,"gold_gain":0.0,"event_name":"Purifier","player_choice":"Purged","floor":3.0,"gold_loss":0.0,"damage_taken":0.0},{"damage_healed":0.0,"max_hp_gain":0.0,"max_hp_loss":0.0,"gold_gain":0.0,"event_name":"Back to Basics","player_choice":"Simplicity","floor":20.0,"gold_loss":0.0,"damage_taken":0.0,"cards_upgraded":["Strike_R","Strike_R","Strike_R","Strike_R","Defend_R","Defend_R","Defend_R","Defend_R"]},{"cards_removed":["Perfected Strike"],"damage_healed":0.0,"max_hp_gain":0.0,"max_hp_loss":0.0,"gold_gain":0.0,"event_name":"Beggar","player_choice":"Gave Gold","floor":24.0,"gold_loss":75.0,"damage_taken":0.0},{"damage_healed":0.0,"max_hp_gain":0.0,"max_hp_loss":0.0,"gold_gain":0.0,"event_name":"Lab","player_choice":"Got Potions","floor":29.0,"gold_loss":0.0,"damage_taken":0.0},{"damage_healed":0.0,"max_hp_gain":0.0,"max_hp_loss":0.0,"gold_gain":0.0,"event_name":"Tomb of Lord Red Mask","player_choice":"Paid","floor":39.0,"gold_loss":13.0,"damage_taken":0.0,"relics_obtained":["Red Mask"]}],"is_beta":false,"boss_relics":[{"not_picked":["Black Blood","Empty Cage"],"picked":"Coffee Dripper"},{"not_picked":["Black Star","White Beast Statue"],"picked":"Astrolabe"}],"items_purged_floors":[22],"is_endless":false,"potions_floor_spawned":[2,4,5,10,16,18,27,33,36,40],"killed_by":"Spire Growth","ascension_level":20}