{"gold_per_floor":[114,129,54,65,77,77,89,89,157,157,157,188,188,88,88,192,242,258,277,202,202,218,218,234,249,249,261,261,261,23,23,23,118,118,130,150,200,217,230,230,263,138,210,229,229,0,0,16,16,16],"floor_reached":51,"playtime":2644,"items_purged":["Strike_G","Defend_G","Underhanded Strike"],"score":918,"play_id":"e846adaa-1249-40b1-9f0f-5095f798f1af","local_time":"20181106124919","is_ascension_mode":true,"campfire_choices":[{"data":"Crippling Poison","floor":6,"key":"SMITH"},{"data":"PiercingWail","floor":8,"key":"SMITH"},{"data":"Heel Hook","floor":11,"key":"SMITH"},{"data":"Poisoned Stab","floor":13,"key":"SMITH"},{"data":"Defend_G","floor":15,"key":"SMITH"},{"data":"Catalyst","floor":23,"key":"SMITH"},{"floor":28,"key":"REST"},{"data":"Catalyst","floor":32,"key":"SMITH"},{"floor":40,"key":"REST"},{"floor":47,"key":"REST"},{"floor":49,"key":"REST"}],"neow_cost":"NONE","seed_source_timestamp":312621425894492,"circlet_count":0,"master_deck":["Defend_G","Defend_G","Defend_G+1","Defend_G","Strike_G+1","Survivor+1","Neutralize+1","PiercingWail+1","Crippling Poison+1","Catalyst+1","Heel Hook+1","Poisoned Stab+1","Corpse Explosion","Poisoned Stab","Leg Sweep+1","PiercingWail","Flechettes","PiercingWail","Catalyst+1","Catalyst+1","PiercingWail+1","PiercingWail"],"relics":["Ring of the Snake","Dodecahedron","Du-Vu Doll","Tiny House","Bottled Flame","Meat on the Bone","Fusion Hammer","Bronze Scales","Bag of Marbles","Pear","Red Mask"],"potions_floor_usage":[5,12,27,27,27,41,41],"damage_taken":[{"damage":1,"enemies":"2 Louse","floor":1,"turns":4},{"damage":1,"enemies":"Cultist","floor":2,"turns":5},{"damage":1,"enemies":"Small Slimes","floor":4,"turns":4},{"damage":7,"enemies":"Red Slaver","floor":5,"turns":5},{"damage":12,"enemies":"Exordium Wildlife","floor":7,"turns":6},{"damage":33,"enemies":"3 Sentries","floor":12,"turns":13},{"damage":17,"enemies":"The Guardian","floor":16,"turns":10},{"damage":23,"enemies":"2 Thieves","floor":18,"turns":3},{"damage":10,"enemies":"Shell Parasite","floor":19,"turns":6},{"damage":0,"enemies":"3 Cultists","floor":22,"turns":3},{"damage":0,"enemies":"Snecko","floor":24,"turns":3},{"damage":26,"enemies":"Cultist and Chosen","floor":25,"turns":11},{"damage":0,"enemies":"Chosen and Byrds","floor":27,"turns":5},{"damage":33,"enemies":"Champ","floor":33,"turns":12},{"damage":0,"enemies":"3 Darklings","floor":35,"turns":3},{"damage":0,"enemies":"3 Shapes","floor":36,"turns":3},{"damage":14,"enemies":"Spire Growth","floor":38,"turns":4},{"damage":18,"enemies":"Writhing Mass","floor":39,"turns":5},{"damage":43,"enemies":"Reptomancer","floor":41,"turns":4},{"damage":37,"enemies":"4 Shapes","floor":44,"turns":5},{"damage":2,"enemies":"Spire Growth","floor":48,"turns":4},{"damage":42,"enemies":"Time Eater","floor":50,"turns":6}],"seed_played":"-5086915698749898829","potions_obtained":[{"floor":1,"key":"Regen Potion"},{"floor":5,"key":"Regen Potion"},{"floor":12,"key":"GamblersBrew"},{"floor":17,"key":"Swift Potion"},{"floor":18,"key":"Block Potion"},{"floor":27,"key":"Weak Potion"},{"floor":38,"key":"EssenceOfSteel"},{"floor":41,"key":"AttackPotion"},{"floor":48,"key":"Ancient Potion"}],"is_trial":false,"path_per_floor":["M","M","$","M","M","R","M","R","T","?","R","E","R","$","R","B",null,"M","M","?","?","M","R","M","M","T","M","R","?","$","?","R","B",null,"M","M","T","M","M","R","E","$","T","M","?","?","R","M","R","B",null],"character_chosen":"THE_SILENT","items_purchased":["Meat on the Bone"],"campfire_rested":4,"item_purchase_floors":[30],"current_hp_per_floor":[69,68,68,67,70,70,58,58,58,58,58,40,40,40,40,23,63,40,30,30,30,30,30,30,4,4,4,26,51,51,51,51,30,64,64,64,64,50,44,66,35,35,45,20,20,20,45,43,68,38],"gold":16,"neow_bonus":"UPGRADE_CARD","is_prod":false,"is_daily":false,"chose_seed":false,"campfire_upgraded":7,"win_rate":0,"timestamp":1541479759,"path_taken":["M","M","$","M","M","R","M","R","T","?","R","E","R","$","R","BOSS","M","?","?","?","M","R","M","M","T","?","R","?","$","?","R","BOSS","M","?","?","M","M","R","E","$","T","?","?","?","R","M","R","BOSS"],"build_version":"2018-11-01","purchased_purges":3,"victory":true,"max_hp_per_floor":[70,70,70,70,70,70,70,70,70,70,70,70,70,70,70,70,75,75,75,75,75,75,75,75,75,75,75,75,75,75,75,75,75,75,75,75,75,75,75,75,75,75,85,85,85,85,85,85,85,85],"card_choices":[{"not_picked":["Prepared","Outmaneuver"],"picked":"PiercingWail","floor":1},{"not_picked":["Endless Agony","PiercingWail"],"picked":"Crippling Poison","floor":2},{"not_picked":["Riddle With Holes","Underhanded Strike"],"picked":"Catalyst","floor":4},{"not_picked":["Dagger Throw","Slice","Tactician"],"picked":"SKIP","floor":5},{"not_picked":["Sucker Punch","Expertise"],"picked":"Heel Hook","floor":7},{"not_picked":["Masterful Stab","Flying Knee"],"picked":"Poisoned Stab","floor":12},{"not_picked":["A Thousand Cuts","After Image"],"picked":"Corpse Explosion","floor":16},{"not_picked":["Quick Slash","Dagger Throw"],"picked":"Poisoned Stab","floor":17},{"not_picked":["Outmaneuver","Noxious Fumes"],"picked":"Leg Sweep+1","floor":18},{"not_picked":["Endless Agony+1","Distraction"],"picked":"PiercingWail","floor":19},{"not_picked":["Expertise","Leg Sweep"],"picked":"PiercingWail","floor":22},{"not_picked":["Well Laid Plans","Poisoned Stab"],"picked":"Underhanded Strike","floor":24},{"not_picked":["Flying Knee","Backflip","Dagger Spray+1"],"picked":"SKIP","floor":25},{"not_picked":["Endless Agony","Flechettes"],"picked":"Catalyst","floor":27},{"not_picked":["Blade Dance+1","Slice+1","Underhanded Strike+1"],"picked":"SKIP","floor":35},{"not_picked":["Acrobatics","Underhanded Strike+1","Blade Dance+1"],"picked":"SKIP","floor":36},{"not_picked":["Blade Dance+1","Noxious Fumes"],"picked":"Catalyst+1","floor":38},{"not_picked":["Underhanded Strike","Dash+1"],"picked":"PiercingWail+1","floor":39},{"not_picked":["Underhanded Strike","Predator+1","Night Terror"],"picked":"SKIP","floor":41},{"not_picked":["Dash+1","Deadly Poison+1"],"picked":"PiercingWail","floor":44},{"not_picked":["Dagger Throw","Acrobatics+1","Deflect"],"picked":"SKIP","floor":48}],"player_experience":251721,"relics_obtained":[{"floor":9,"key":"Dodecahedron"},{"floor":12,"key":"Du-Vu Doll"},{"floor":26,"key":"Bottled Flame"},{"floor":37,"key":"Bronze Scales"},{"floor":41,"key":"Bag of Marbles"},{"floor":43,"key":"Pear"}],"event_choices":[{"damage_healed":0,"gold_gain":0,"player_choice":"Forge","damage_taken":0,"max_hp_gain":0,"max_hp_loss":0,"event_name":"Accursed Blacksmith","floor":10,"gold_loss":0,"cards_upgraded":["Survivor"]},{"cards_removed":["Strike_G"],"damage_healed":0,"gold_gain":0,"player_choice":"Gave Gold","damage_taken":0,"max_hp_gain":0,"max_hp_loss":0,"event_name":"Beggar","floor":20,"gold_loss":75},{"damage_healed":0,"gold_gain":0,"cards_transformed":["Strike_G"],"player_choice":"Transformed","damage_taken":0,"max_hp_gain":0,"max_hp_loss":0,"event_name":"Transmorgrifier","floor":21,"gold_loss":0,"cards_obtained":["Flechettes"]},{"damage_healed":25,"gold_gain":0,"player_choice":"Heal","damage_taken":0,"max_hp_gain":0,"max_hp_loss":0,"event_name":"The Library","floor":29,"gold_loss":0},{"damage_healed":0,"gold_gain":0,"player_choice":"0 cards matched","damage_taken":0,"max_hp_gain":0,"max_hp_loss":0,"event_name":"Match and Keep!","floor":31,"gold_loss":0,"cards_obtained":[]},{"cards_removed":["Strike_G"],"damage_healed":0,"gold_gain":0,"player_choice":"Removed Attack","damage_taken":0,"max_hp_gain":0,"max_hp_loss":0,"event_name":"Falling","floor":45,"gold_loss":0},{"damage_healed":0,"gold_gain":0,"player_choice":"Paid","damage_taken":0,"relics_obtained":["Red Mask"],"max_hp_gain":0,"max_hp_loss":0,"event_name":"Tomb of Lord Red Mask","floor":46,"gold_loss":229}],"is_beta":false,"boss_relics":[{"not_picked":["Ring of the Serpent","Ectoplasm"],"picked":"Tiny House"},{"not_picked":["Astrolabe","Velvet Choker"],"picked":"Fusion Hammer"}],"items_purged_floors":[3,14,42],"is_endless":false,"potions_floor_spawned":[1,5,12,18,25,27,38,41,48],"ascension_level":5}