{"gold_per_floor":[113,128,138,138,148,148,180,113,188,188],"floor_reached":10,"playtime":436,"items_purged":[],"score":136,"play_id":"3c16467f-2bbb-4663-b92c-eb0cde5c2939","local_time":"20181219114404","is_ascension_mode":true,"campfire_choices":[{"data":"Juggernaut","floor":6,"key":"SMITH"}],"neow_cost":"NONE","seed_source_timestamp":11179610188894,"circlet_count":0,"master_deck":["AscendersBane","Strike_R","Strike_R","Strike_R","Strike_R","Strike_R","Defend_R","Defend_R","Defend_R","Defend_R","Bash","Hemokinesis","Intimidate","Pommel Strike","Juggernaut+1","Rampage"],"relics":["Burning Blood","Thread and Needle","Blue Candle"],"potions_floor_usage":[5],"damage_taken":[{"damage":2,"enemies":"Cultist","floor":1,"turns":4},{"damage":6,"enemies":"2 Louse","floor":2,"turns":2},{"damage":11,"enemies":"Small Slimes","floor":3,"turns":4},{"damage":36,"enemies":"Exordium Thugs","floor":5,"turns":6},{"damage":43,"enemies":"Lagavulin","floor":7,"turns":8},{"damage":9,"enemies":"Blue Slaver","floor":10,"turns":2}],"seed_played":"2447663710696258173","potions_obtained":[{"floor":3,"key":"PowerPotion"},{"floor":7,"key":"Explosive Potion"}],"is_trial":false,"path_per_floor":["M","M","M","?","M","R","E","?","T","M"],"character_chosen":"IRONCLAD","items_purchased":[],"campfire_rested":0,"item_purchase_floors":[],"current_hp_per_floor":[79,79,74,74,44,44,7,7,7,0],"gold":188,"neow_bonus":"TEN_PERCENT_HP_BONUS","is_prod":false,"is_daily":false,"chose_seed":false,"campfire_upgraded":1,"win_rate":0,"timestamp":1545216244,"path_taken":["M","M","?","?","M","R","E","?","T","M"],"build_version":"2018-12-17","purchased_purges":0,"victory":false,"max_hp_per_floor":[82,82,82,82,82,82,82,82,82,82],"card_choices":[{"not_picked":["Clothesline","Wild Strike"],"picked":"Hemokinesis","floor":1},{"not_picked":["Bloodletting","Heavy Blade"],"picked":"Intimidate","floor":2},{"not_picked":["Thunderclap","Twin Strike"],"picked":"Pommel Strike","floor":3},{"not_picked":["Iron Wave","Seeing Red"],"picked":"Juggernaut","floor":5},{"not_picked":["Reckless Charge","Sever Soul"],"picked":"Rampage","floor":7}],"player_experience":1045878,"relics_obtained":[{"floor":7,"key":"Thread and Needle"},{"floor":9,"key":"Blue Candle"}],"event_choices":[{"damage_healed":0,"gold_gain":0,"player_choice":"Ignored","damage_taken":0,"max_hp_gain":0,"max_hp_loss":0,"event_name":"Liars Game","floor":4,"gold_loss":0},{"damage_healed":0,"gold_gain":0,"player_choice":"Left Gold","damage_taken":0,"max_hp_gain":0,"max_hp_loss":0,"event_name":"World of Goop","floor":8,"gold_loss":67}],"is_beta":true,"boss_relics":[],"items_purged_floors":[],"is_endless":false,"potions_floor_spawned":[3,7],"killed_by":"Blue Slaver","ascension_level":20}