{"gold_per_floor":[111,111,127,127,143,143,173,192,192,211,243,243,259,259,259,338,338,351,363,46,60,60,60,60,60,60,60],"floor_reached":27,"playtime":892,"items_purged":[],"score":446,"play_id":"ec6fc766-d787-43b7-b30a-84f4b9a00882","local_time":"20190318143302","is_ascension_mode":true,"campfire_choices":[{"data":"Zap","floor":6,"key":"SMITH"},{"floor":15,"key":"REST"},{"floor":23,"key":"REST"}],"neow_cost":"NONE","seed_source_timestamp":21033887998771,"circlet_count":0,"master_deck":["AscendersBane","Defend_B","Defend_B","Defend_B","Defend_B","Zap+1","Dualcast","Ball Lightning","Hologram","Ball Lightning","Storm","Conserve Battery","Sweeping Beam","Darkness","Self Repair","Creative AI","Rainbow+1","Rebound+1","Conserve Battery+1","FTL+1","Capacitor+1","Echo Form","Glacier","Coolheaded"],"relics":["Cracked Core","Question Card","Mummified Hand","Shuriken","Bottled Lightning","Astrolabe","DataDisk","Toxic Egg 2"],"potions_floor_usage":[4,7,11,16,27,27],"damage_taken":[{"damage":6,"enemies":"Small Slimes","floor":1,"turns":4},{"damage":0,"enemies":"Cultist","floor":3,"turns":3},{"damage":7,"enemies":"Jaw Worm","floor":5,"turns":2},{"damage":8,"enemies":"Gremlin Nob","floor":7,"turns":3},{"damage":9,"enemies":"Lots of Slimes","floor":8,"turns":3},{"damage":4,"enemies":"Blue Slaver","floor":10,"turns":4},{"damage":13,"enemies":"3 Sentries","floor":11,"turns":6},{"damage":4,"enemies":"Looter","floor":13,"turns":3},{"damage":28,"enemies":"The Guardian","floor":16,"turns":11},{"damage":23,"enemies":"Chosen","floor":18,"turns":4},{"damage":23,"enemies":"Shell Parasite","floor":19,"turns":5},{"damage":2,"enemies":"Snecko","floor":21,"turns":4},{"damage":43,"enemies":"Slavers","floor":27,"turns":5}],"seed_played":"655110164599919279","potions_obtained":[{"floor":1,"key":"FearPotion"},{"floor":4,"key":"Fruit Juice"},{"floor":4,"key":"Fire Potion"},{"floor":10,"key":"Weak Potion"},{"floor":11,"key":"Explosive Potion"},{"floor":13,"key":"Block Potion"},{"floor":19,"key":"Swift Potion"}],"is_trial":false,"path_per_floor":["M","?","M","?","M","R","E","M","T","M","E","?","M","?","R","B",null,"M","M","$","M","?","R","?","$","T","E"],"character_chosen":"DEFECT","items_purchased":["DataDisk","Echo Form","Glacier"],"campfire_rested":2,"item_purchase_floors":[20,20,20],"current_hp_per_floor":[58,58,58,63,56,56,48,39,39,35,22,22,18,11,33,12,60,44,28,28,40,18,42,42,42,42,0],"gold":60,"neow_bonus":"ONE_RANDOM_RARE_CARD","is_prod":false,"is_daily":false,"chose_seed":false,"campfire_upgraded":1,"win_rate":0,"timestamp":1552915982,"path_taken":["M","?","?","?","M","R","E","M","T","?","E","?","M","?","R","BOSS","M","M","$","M","?","R","?","?","T","E"],"build_version":"2019-01-23","purchased_purges":0,"victory":false,"max_hp_per_floor":[71,71,71,76,76,76,76,76,76,76,76,76,76,76,76,76,76,76,76,76,76,81,81,81,81,81,81],"card_choices":[{"not_picked":["Capacitor","Double Energy"],"picked":"Ball Lightning","floor":1},{"not_picked":["Fusion","Beam Cell","Hello World"],"picked":"Hologram","floor":3},{"not_picked":["Cold Snap","Hologram","Sweeping Beam"],"picked":"Ball Lightning","floor":5},{"not_picked":["Chaos","Turbo","Fusion"],"picked":"Storm","floor":7},{"not_picked":["Barrage","Redo","Leap"],"picked":"Conserve Battery","floor":8},{"not_picked":["Force Field","Turbo","Stack"],"picked":"Sweeping Beam","floor":10},{"not_picked":["Stack","Hologram","Turbo"],"picked":"Darkness","floor":11},{"not_picked":["Steam","Conserve Battery","Rebound"],"picked":"Self Repair","floor":13},{"not_picked":["Electrodynamics","Fission","All For One"],"picked":"Creative AI","floor":16},{"not_picked":["Rebound","Go for the Eyes","Rip and Tear"],"picked":"FTL+1","floor":18},{"not_picked":["Beam Cell","Sweeping Beam","Conserve Battery"],"picked":"Capacitor+1","floor":19},{"not_picked":["All For One","Redo","Go for the Eyes"],"picked":"Coolheaded","floor":21}],"player_experience":1433619,"relics_obtained":[{"floor":7,"key":"Mummified Hand"},{"floor":9,"key":"Shuriken"},{"floor":11,"key":"Bottled Lightning"},{"floor":26,"key":"Toxic Egg 2"}],"event_choices":[{"cards_removed":["Meteor Strike"],"damage_healed":0,"gold_gain":0,"player_choice":"Gave Card","damage_taken":0,"relics_obtained":["Question Card"],"max_hp_gain":0,"max_hp_loss":0,"event_name":"WeMeetAgain","floor":2,"gold_loss":0},{"damage_healed":0,"gold_gain":0,"player_choice":"Got Potions","damage_taken":0,"max_hp_gain":0,"max_hp_loss":0,"event_name":"Lab","floor":4,"gold_loss":0},{"damage_healed":0,"gold_gain":0,"player_choice":"Ignored","damage_taken":0,"max_hp_gain":0,"max_hp_loss":0,"event_name":"Shining Light","floor":12,"gold_loss":0},{"cards_removed":["Strike_B"],"damage_healed":0,"gold_gain":0,"player_choice":"Card Removal","damage_taken":7,"max_hp_gain":0,"max_hp_loss":0,"event_name":"Golden Wing","floor":14,"gold_loss":0},{"damage_healed":0,"gold_gain":0,"player_choice":"Shed Blood","damage_taken":27,"max_hp_gain":5,"max_hp_loss":0,"event_name":"Forgotten Altar","floor":22,"gold_loss":0},{"damage_healed":0,"gold_gain":0,"player_choice":"Ignored","damage_taken":0,"max_hp_gain":0,"max_hp_loss":0,"event_name":"Vampires","floor":24,"gold_loss":0}],"is_beta":false,"boss_relics":[{"not_picked":["Pandora\u0027s Box","Tiny House"],"picked":"Astrolabe"}],"items_purged_floors":[],"is_endless":false,"potions_floor_spawned":[1,10,11,13,19,21],"killed_by":"Slavers","ascension_level":20}