{"gold_per_floor":[119,119,130,130,45,45,77,77,104,130,144,144,159,159,159,262,262,277,11,11,11,30,30],"floor_reached":23,"playtime":890,"items_purged":[],"score":276,"play_id":"4002ea07-af84-40e2-ac33-fb4af86661d9","local_time":"20190412085632","is_ascension_mode":true,"campfire_choices":[{"data":"Go for the Eyes","floor":6,"key":"SMITH"},{"floor":8,"key":"REST"},{"floor":15,"key":"REST"}],"neow_cost":"NONE","seed_source_timestamp":262699726961878,"circlet_count":0,"master_deck":["Strike_B+1","Strike_B+1","Strike_B+1","Defend_B+1","Defend_B+1","Defend_B+1","Defend_B+1","Zap+1","Dualcast","Amplify","Rip and Tear","Conserve Battery","Storm","Go for the Eyes+1","Loop","Ball Lightning","Genetic Algorithm","Leap","Buffer","Sweeping Beam+1","Loop","White Noise"],"relics":["Cracked Core","Darkstone Periapt","PreservedInsect","Question Card","Inserter","ClockworkSouvenir"],"potions_floor_usage":[16,16,22],"damage_taken":[{"damage":0,"enemies":"2 Louse","floor":1,"turns":2},{"damage":1,"enemies":"Cultist","floor":3,"turns":3},{"damage":38,"enemies":"Gremlin Nob","floor":7,"turns":5},{"damage":10,"enemies":"Lagavulin","floor":10,"turns":5},{"damage":7,"enemies":"Small Slimes","floor":11,"turns":3},{"damage":0,"enemies":"Exordium Wildlife","floor":13,"turns":3},{"damage":36,"enemies":"Hexaghost","floor":16,"turns":11},{"damage":2,"enemies":"Chosen","floor":18,"turns":5},{"damage":3,"enemies":"Shell Parasite","floor":22,"turns":6},{"damage":42,"enemies":"Gremlin Leader","floor":23,"turns":4}],"seed_played":"4200747575132084448","potions_obtained":[{"floor":1,"key":"Dexterity Potion"},{"floor":3,"key":"SteroidPotion"},{"floor":13,"key":"SkillPotion"},{"floor":16,"key":"GamblersBrew"},{"floor":22,"key":"SmokeBomb"}],"is_trial":false,"path_per_floor":["M","?","M","$","$","R","E","R","T","E","M","?","M","?","R","B",null,"M","$","?","?","M","E"],"character_chosen":"DEFECT","items_purchased":["Storm","Go for the Eyes","ClockworkSouvenir","Loop"],"campfire_rested":2,"item_purchase_floors":[5,5,19,19],"current_hp_per_floor":[68,68,67,67,67,67,29,51,51,41,34,27,27,27,49,13,60,58,58,58,44,41,0],"gold":30,"neow_bonus":"ONE_RANDOM_RARE_CARD","is_prod":false,"is_daily":false,"chose_seed":false,"campfire_upgraded":1,"win_rate":0,"timestamp":1555084592,"path_taken":["M","?","M","?","$","R","E","R","T","E","M","?","?","?","R","BOSS","M","$","?","?","M","E"],"build_version":"2019-01-23","purchased_purges":0,"victory":false,"max_hp_per_floor":[75,75,75,75,75,75,75,75,75,75,75,75,75,75,75,75,75,75,75,75,80,80,80],"card_choices":[{"not_picked":["Double Energy","Leap"],"picked":"Rip and Tear","floor":1},{"not_picked":["Turbo","Barrage"],"picked":"Conserve Battery","floor":3},{"not_picked":["Barrage","Capacitor"],"picked":"Loop","floor":7},{"not_picked":["Conserve Battery","Streamline"],"picked":"Ball Lightning","floor":10},{"not_picked":["Go for the Eyes","Compile Driver","Leap"],"picked":"Genetic Algorithm","floor":11},{"not_picked":["Go for the Eyes","Chill","Steam"],"picked":"Leap","floor":13},{"not_picked":["Meteor Strike","All For One","Reboot"],"picked":"Buffer","floor":16},{"not_picked":["Double Energy","Hologram","FTL"],"picked":"Sweeping Beam+1","floor":18},{"not_picked":["Glacier","Barrage+1","Leap+1"],"picked":"White Noise","floor":22}],"player_experience":559062,"relics_obtained":[{"floor":7,"key":"Darkstone Periapt"},{"floor":9,"key":"PreservedInsect"},{"floor":10,"key":"Question Card"}],"event_choices":[{"damage_healed":0,"gold_gain":0,"player_choice":"Upgraded","damage_taken":0,"max_hp_gain":0,"max_hp_loss":0,"event_name":"Upgrade Shrine","floor":2,"gold_loss":0,"cards_upgraded":["Zap"]},{"cards_removed":["Strike_B"],"damage_healed":0,"gold_gain":0,"player_choice":"Card Removal","damage_taken":7,"max_hp_gain":0,"max_hp_loss":0,"event_name":"Golden Wing","floor":12,"gold_loss":0},{"damage_healed":0,"gold_gain":0,"player_choice":"Ignored","damage_taken":0,"max_hp_gain":0,"max_hp_loss":0,"event_name":"Liars Game","floor":14,"gold_loss":0},{"damage_healed":0,"gold_gain":0,"player_choice":"Simplicity","damage_taken":0,"max_hp_gain":0,"max_hp_loss":0,"event_name":"Back to Basics","floor":20,"gold_loss":0,"cards_upgraded":["Strike_B","Strike_B","Strike_B","Defend_B","Defend_B","Defend_B","Defend_B"]},{"damage_healed":0,"gold_gain":0,"player_choice":"Shed Blood","damage_taken":19,"max_hp_gain":5,"max_hp_loss":0,"event_name":"Forgotten Altar","floor":21,"gold_loss":0}],"is_beta":false,"boss_relics":[{"not_picked":["Runic Pyramid","Orrery"],"picked":"Inserter"}],"items_purged_floors":[],"is_endless":false,"potions_floor_spawned":[1,3,13,16,22],"killed_by":"Gremlin Leader","ascension_level":8}