{"gold_per_floor":[115,115,115,130,143,143,187,187,211,211,226,244,244,13,13,141,141,155,179,197,197,218,218,234,265,295,295],"floor_reached":27,"playtime":1409,"items_purged":[],"score":329,"play_id":"85624679-4d9a-44c6-bf4e-5cf101319e23","local_time":"20180907101518","is_ascension_mode":true,"campfire_choices":[{"data":"Terror","floor":6.0,"key":"SMITH"},{"data":"A Thousand Cuts","floor":8.0,"key":"SMITH"},{"data":"Infinite Blades","floor":10.0,"key":"SMITH"},{"data":"Neutralize","floor":13.0,"key":"SMITH"},{"floor":15.0,"key":"REST"},{"floor":23.0,"key":"REST"}],"neow_cost":"NONE","seed_source_timestamp":0,"circlet_count":0,"master_deck":["Defend_G","Defend_G","Defend_G","Defend_G","Defend_G","Strike_G","Strike_G","Strike_G","Strike_G","Strike_G","Survivor","Neutralize+1","Infinite Blades","Blur","Escape Plan","Quick Slash","Cloak And Dagger","Sucker Punch+1","Injury","Infinite Blades+1","Terror+1","A Thousand Cuts+1","All Out Attack","Endless Agony","Backstab","Adrenaline","Blade Dance","Dodge and Roll","Deflect","Deflect","Deflect+1"],"special_seed":0,"relics":["Orrery","Golden Idol","Art of War","Pen Nib","Juzu Bracelet","Runic Dome","MutagenicStrength","Bird Faced Urn","Tiny Chest"],"potions_floor_usage":[25,25,25],"damage_taken":[{"damage":2.0,"enemies":"Jaw Worm","floor":1.0,"turns":4.0},{"damage":0.0,"enemies":"2 Louse","floor":4.0,"turns":3.0},{"damage":1.0,"enemies":"Cultist","floor":5.0,"turns":4.0},{"damage":35.0,"enemies":"3 Sentries","floor":7.0,"turns":9.0},{"damage":0.0,"enemies":"Blue Slaver","floor":11.0,"turns":4.0},{"damage":0.0,"enemies":"Red Slaver","floor":12.0,"turns":2.0},{"damage":9.0,"enemies":"Slime Boss","floor":16.0,"turns":6.0},{"damage":22.0,"enemies":"Spheric Guardian","floor":18.0,"turns":4.0},{"damage":12.0,"enemies":"Chosen","floor":19.0,"turns":3.0},{"damage":17.0,"enemies":"Snecko","floor":20.0,"turns":4.0},{"damage":9.0,"enemies":"Centurion and Healer","floor":22.0,"turns":4.0},{"damage":9.0,"enemies":"Snake Plant","floor":24.0,"turns":4.0},{"damage":9,"enemies":"Gremlin Leader","floor":25,"turns":6},{"damage":24,"enemies":"Snecko","floor":27,"turns":4}],"seed_played":"3843322265452861007","potions_obtained":[{"floor":1.0,"key":"SkillPotion"},{"floor":5.0,"key":"SteroidPotion"},{"floor":11.0,"key":"Ancient Potion"},{"floor":22.0,"key":"FearPotion"},{"floor":24.0,"key":"SneckoOil"}],"is_trial":false,"path_per_floor":["M","?","?","M","M","R","E","R","T","R","M","M","R","$","R","B",null,"M","M","M","?","M","R","M","E","T"],"character_chosen":"THE_SILENT","items_purchased":["Backstab","Juzu Bracelet"],"campfire_rested":2,"item_purchase_floors":[14,14],"current_hp_per_floor":[61,61,61,61,60,60,25,25,25,25,25,25,25,25,46,37,62,40,28,11,11,2,23,14,5,5,0],"gold":295,"neow_bonus":"BOSS_RELIC","is_prod":false,"is_daily":false,"chose_seed":false,"campfire_upgraded":4,"win_rate":0,"timestamp":1536308118,"path_taken":["M","?","?","?","M","R","E","R","T","R","M","M","R","?","R","BOSS","M","M","M","?","M","R","M","E","T","M"],"build_version":"2018-09-06","purchased_purges":0,"victory":false,"max_hp_per_floor":[70,70,70,70,70,70,70,70,70,70,70,70,70,70,70,70,70,70,70,70,70,70,70,70,70,70,70],"card_choices":[{"not_picked":["Catalyst","Outmaneuver"],"picked":"Infinite Blades","floor":0.0},{"not_picked":["Bane","Outmaneuver"],"picked":"Blur","floor":0.0},{"not_picked":["Riddle With Holes","Dodge and Roll"],"picked":"Escape Plan","floor":0.0},{"not_picked":["PiercingWail","Prepared"],"picked":"Quick Slash","floor":0.0},{"not_picked":["Poisoned Stab","Dodge and Roll"],"picked":"Cloak And Dagger","floor":0.0},{"not_picked":["Prepared","Poisoned Stab"],"picked":"Sucker Punch","floor":1.0},{"not_picked":["Reflex","Acrobatics"],"picked":"Infinite Blades","floor":4.0},{"not_picked":["Dagger Throw","PiercingWail"],"picked":"Terror","floor":5.0},{"not_picked":["Distraction","Calculated Gamble"],"picked":"A Thousand Cuts","floor":7.0},{"not_picked":["Bane","Slice"],"picked":"All Out Attack","floor":11.0},{"not_picked":["Slice","Bane"],"picked":"Endless Agony","floor":12.0},{"not_picked":["Corpse Explosion","Grand Finale"],"picked":"Adrenaline","floor":16.0},{"not_picked":["Dagger Spray","Dagger Throw"],"picked":"Blade Dance","floor":18.0},{"not_picked":["Sucker Punch","Blur"],"picked":"Dodge and Roll","floor":19.0},{"not_picked":["Poisoned Stab","Bouncing Flask"],"picked":"Deflect","floor":20.0},{"not_picked":["Prepared","Blade Dance"],"picked":"Deflect","floor":22.0},{"not_picked":["Backflip","All Out Attack"],"picked":"Deflect+1","floor":24.0},{"not_picked":["Poisoned Stab","Calculated Gamble","Bane"],"picked":"SKIP","floor":25}],"player_experience":388148,"relics_obtained":[{"floor":7.0,"key":"Art of War"},{"floor":9.0,"key":"Pen Nib"},{"floor":25,"key":"Bird Faced Urn"},{"floor":26,"key":"Tiny Chest"}],"event_choices":[{"event_name":"Golden Idol","player_choice":"Take Wound","floor":2.0,"damage_taken":0.0},{"event_name":"Upgrade Shrine","player_choice":"Upgraded","floor":3.0,"damage_taken":0.0},{"event_name":"Drug Dealer","player_choice":"Inject Mutagens","floor":21.0,"damage_taken":0.0}],"is_beta":true,"boss_relics":[{"not_picked":["White Beast Statue","Busted Crown"],"picked":"Runic Dome"}],"items_purged_floors":[],"is_endless":false,"potions_floor_spawned":[1,5,11,22,24],"killed_by":"Snecko","ascension_level":8}