{"gold_per_floor":[118,132,132,148,165,192,211,244,271,271,287,302,313,325,325,401,401,417,467,479,404,421,451,469,469,496,496,516,516,542,25,25,102,102,122,122,137,156,211,241,241],"floor_reached":41,"playtime":1729,"items_purged":["Strike_B"],"score":1008,"play_id":"7e6b09fc-cdfc-402a-aa02-0edf4adcc7a7","local_time":"20190114222752","is_ascension_mode":true,"campfire_choices":[{"floor":10.0,"key":"REST"},{"floor":15.0,"key":"REST"},{"data":"Consume","floor":25.0,"key":"SMITH"},{"data":"Creative AI","floor":27.0,"key":"SMITH"},{"data":"Storm","floor":29.0,"key":"SMITH"},{"data":"Coolheaded","floor":32.0,"key":"SMITH"}],"neow_cost":"PERCENT_DAMAGE","seed_source_timestamp":0,"circlet_count":0,"master_deck":["AscendersBane","Zap","Dualcast","Electrodynamics","Ball Lightning","Conserve Battery","Leap","Chill","Storm+1","Turbo","Biased Cognition","Genetic Algorithm","Glacier","Hologram","Creative AI+1","Reinforced Body+1","Capacitor+1","Consume+1","Coolheaded+1","Reboot","Buffer","Storm","hubris:Prefetch","Storm","All For One","hubris:SpecializedCircuitry","Reinforced Body","Loop","Static Discharge","White Noise"],"special_seed":0,"relics":["Cracked Core","hubris:BallOfYels","hubris:TenFootPole","hubris:SlimyHat","hubris:Backtick","Mummified Hand","Shuriken","Blood Vial","Bag of Marbles","Lee\u0027s Waffle","Pandora\u0027s Box","hubris:MedicalManual","Ornamental Fan"],"potions_floor_usage":[41],"damage_taken":[{"damage":0.0,"enemies":"Cultist","floor":1.0,"turns":3.0},{"damage":8.0,"enemies":"Small Slimes","floor":2.0,"turns":2.0},{"damage":2.0,"enemies":"Jaw Worm","floor":4.0,"turns":3.0},{"damage":3.0,"enemies":"Blue Slaver","floor":5.0,"turns":3.0},{"damage":11.0,"enemies":"3 Sentries","floor":6.0,"turns":3.0},{"damage":10.0,"enemies":"Looter","floor":7.0,"turns":3.0},{"damage":14.0,"enemies":"Lagavulin","floor":8.0,"turns":5.0},{"damage":0.0,"enemies":"2 Fungi Beasts","floor":11.0,"turns":2.0},{"damage":21.0,"enemies":"3 Louse","floor":12.0,"turns":4.0},{"damage":0.0,"enemies":"Exordium Wildlife","floor":13.0,"turns":3.0},{"damage":0.0,"enemies":"2 Fungi Beasts","floor":14.0,"turns":1.0},{"damage":13.0,"enemies":"The Guardian","floor":16.0,"turns":11.0},{"damage":14.0,"enemies":"Shell Parasite","floor":18.0,"turns":4.0},{"damage":0.0,"enemies":"3 Byrds","floor":20.0,"turns":2.0},{"damage":11.0,"enemies":"Cultist and Chosen","floor":22.0,"turns":5.0},{"damage":0.0,"enemies":"Gremlin Leader","floor":23.0,"turns":5.0},{"damage":5.0,"enemies":"Centurion and Healer","floor":24.0,"turns":6.0},{"damage":0.0,"enemies":"Snecko","floor":28.0,"turns":6.0},{"damage":30.0,"enemies":"Book of Stabbing","floor":30.0,"turns":4.0},{"damage":13.0,"enemies":"Champ","floor":33.0,"turns":9.0},{"damage":10.0,"enemies":"3 Shapes","floor":35.0,"turns":2.0},{"damage":0.0,"enemies":"3 Darklings","floor":37.0,"turns":3.0},{"damage":23.0,"enemies":"Maw","floor":38.0,"turns":5.0},{"damage":37.0,"enemies":"2 Orb Walkers","floor":39.0,"turns":4.0},{"damage":10.0,"enemies":"Nemesis","floor":40.0,"turns":5.0},{"damage":22,"enemies":"Jaw Worm Horde","floor":41,"turns":1}],"seed_played":"-4456819392103563949","potions_obtained":[{"floor":4.0,"key":"SpeedPotion"},{"floor":5.0,"key":"Dexterity Potion"},{"floor":6.0,"key":"AttackPotion"},{"floor":11.0,"key":"PowerPotion"},{"floor":14.0,"key":"Poison Potion"},{"floor":18.0,"key":"Fire Potion"},{"floor":24.0,"key":"Poison Potion"},{"floor":30.0,"key":"Block Potion"},{"floor":35.0,"key":"FocusPotion"},{"floor":39.0,"key":"SkillPotion"},{"floor":40.0,"key":"GamblersBrew"}],"is_trial":false,"path_per_floor":["M","M","?","M","M","E","M","E","T","R","M","M","M","M","R","B",null,"M","?","M","?","M","E","M","R","T","R","M","R","E","$","R","B",null,"M","?","M","M","?","E","M"],"character_chosen":"DEFECT","items_purchased":["Lee\u0027s Waffle","Coolheaded","Reboot"],"campfire_rested":2,"item_purchase_floors":[31,31,31],"current_hp_per_floor":[46,38,43,41,38,27,17,3,3,25,25,4,4,4,26,13,60,46,46,46,46,35,35,30,30,30,30,32,32,4,83,83,70,80,72,72,74,53,18,10,0],"gold":241,"neow_bonus":"THREE_RARE_CARDS","is_prod":false,"is_daily":false,"chose_seed":false,"campfire_upgraded":4,"win_rate":0,"timestamp":1547501272,"path_taken":["M","M","?","M","M","E","M","E","T","R","M","M","M","M","R","BOSS","M","?","M","?","M","E","M","R","T","R","M","R","E","$","R","BOSS","M","?","M","M","?","E","M"],"build_version":"2019-01-10","purchased_purges":1,"victory":false,"max_hp_per_floor":[71,71,76,76,76,76,76,76,76,76,76,76,76,76,76,76,76,76,76,76,76,76,76,76,76,76,76,76,76,76,83,83,83,83,83,79,79,79,79,79,79],"card_choices":[{"not_picked":["Buffer","Thunder Strike"],"picked":"Electrodynamics","floor":0.0},{"not_picked":["Redo","Barrage"],"picked":"Ball Lightning","floor":1.0},{"not_picked":["Darkness","Compile Driver"],"picked":"Conserve Battery","floor":2.0},{"not_picked":["Sweeping Beam","Heatsinks"],"picked":"Leap","floor":4.0},{"not_picked":["Cold Snap","Barrage"],"picked":"Chill","floor":5.0},{"not_picked":["Multi-Cast","Reprogram"],"picked":"Storm","floor":6.0},{"not_picked":["Leap","Stack"],"picked":"Turbo","floor":7.0},{"not_picked":["Compile Driver","Doom and Gloom"],"picked":"Biased Cognition","floor":8.0},{"not_picked":["Cold Snap","Darkness"],"picked":"Genetic Algorithm","floor":11.0},{"not_picked":["Sweeping Beam","Rebound"],"picked":"Glacier","floor":12.0},{"not_picked":["Redo","Undo","Compile Driver"],"picked":"SKIP","floor":13.0},{"not_picked":["Rebound","Redo"],"picked":"Hologram","floor":14.0},{"not_picked":["Reboot","Meteor Strike"],"picked":"Creative AI","floor":16.0},{"not_picked":["Gash","Auto Shields"],"picked":"Reinforced Body+1","floor":18.0},{"not_picked":["Rebound","Streamline","Go for the Eyes"],"picked":"SKIP","floor":20.0},{"not_picked":["Conserve Battery","Redo","Double Energy"],"picked":"SKIP","floor":22.0},{"not_picked":["Skim","Reinforced Body+1"],"picked":"Capacitor+1","floor":23.0},{"not_picked":["Turbo","Glacier"],"picked":"Consume","floor":24.0},{"not_picked":["Glacier","Doom and Gloom+1","Aggregate"],"picked":"SKIP","floor":28.0},{"not_picked":["Steam","Barrage","Beam Cell"],"picked":"SKIP","floor":30.0},{"not_picked":["Meteor Strike","Fission"],"picked":"Buffer","floor":33.0},{"not_picked":["Go for the Eyes","Static Discharge"],"picked":"Loop","floor":35.0},{"not_picked":["Go for the Eyes","Steam","Barrage"],"picked":"SKIP","floor":37.0},{"not_picked":["Gash","Consume"],"picked":"Static Discharge","floor":38.0},{"not_picked":["Loop","Hello World"],"picked":"White Noise","floor":40.0}],"player_experience":1108250,"relics_obtained":[{"floor":6.0,"key":"hubris:BallOfYels"},{"floor":8.0,"key":"hubris:TenFootPole"},{"floor":9.0,"key":"hubris:SlimyHat"},{"floor":23.0,"key":"Shuriken"},{"floor":26.0,"key":"Blood Vial"},{"floor":30.0,"key":"Bag of Marbles"},{"floor":39.0,"key":"hubris:MedicalManual"},{"floor":40.0,"key":"Ornamental Fan"}],"event_choices":[{"damage_healed":0.0,"max_hp_gain":5.0,"max_hp_loss":0.0,"gold_gain":0.0,"event_name":"Big Fish","player_choice":"Donut","floor":3.0,"gold_loss":0.0,"damage_taken":0.0},{"damage_healed":0.0,"max_hp_gain":0.0,"max_hp_loss":0.0,"gold_gain":50.0,"event_name":"Nest","player_choice":"Stole From Cult","floor":19.0,"gold_loss":0.0,"damage_taken":0.0},{"cards_removed":["Strike_B"],"damage_healed":0.0,"max_hp_gain":0.0,"max_hp_loss":0.0,"gold_gain":0.0,"event_name":"Beggar","player_choice":"Gave Gold","floor":21.0,"gold_loss":75.0,"damage_taken":0.0},{"damage_healed":0.0,"max_hp_gain":0.0,"max_hp_loss":4.0,"gold_gain":0.0,"event_name":"Winding Halls","player_choice":"Max HP","floor":36.0,"gold_loss":0.0,"damage_taken":0.0},{"damage_healed":0.0,"max_hp_gain":0.0,"max_hp_loss":0.0,"gold_gain":0.0,"event_name":"Mysterious Sphere","player_choice":"Fight","floor":39.0,"gold_loss":0.0,"damage_taken":0.0}],"is_beta":false,"boss_relics":[{"not_picked":["hubris:CrackedHourglass","Snecko Eye"],"picked":"hubris:Backtick"},{"not_picked":["Empty Cage","Lizard Tail"],"picked":"Pandora\u0027s Box"}],"items_purged_floors":[31],"is_endless":false,"potions_floor_spawned":[4,5,6,11,14,18,24,28,30,33,35,39,40],"killed_by":"Jaw Worm Horde","ascension_level":20}