{"gold_per_floor":[118,28,40,40,40,73,93,125,125,137,154,179,198,253,253,329,329,345,355,355,355,370,370,382,409,434,467,481,481,481,501,501,578,578,589,589,589,689,689,689,722,736,816,835,835,854,867,125,125,125],"floor_reached":51,"playtime":2513,"items_purged":["Strike_B"],"score":1432,"play_id":"db4005cc-0058-427c-80d5-5cc0eced78ac","local_time":"20181124210911","is_ascension_mode":true,"campfire_choices":[{"floor":15,"key":"REST"},{"data":"Genetic Algorithm","floor":23,"key":"SMITH"},{"floor":32,"key":"REST"},{"data":"1","floor":40,"key":"LIFT"},{"floor":45,"key":"REST"},{"floor":49,"key":"REST"}],"neow_cost":"NONE","seed_source_timestamp":42975683588423,"circlet_count":0,"master_deck":["AscendersBane","Strike_B","Strike_B","Defend_B","Defend_B","Defend_B","Defend_B","Zap","Dualcast","Ball Lightning+1","Gash+1","Genetic Algorithm+1","Core Surge+1","FTL+1","Doom and Gloom+1","Go for the Eyes+1","Glacier","Ball Lightning+1","Doom and Gloom+1","Thunder Strike+1","Tempest","Reinforced Body","Recycle","Streamline+1","White Noise+1","Sunder+1","Biased Cognition","Hologram","Chaos+1","Consume","Stack","Genetic Algorithm+1"],"relics":["Cracked Core","NeowsBlessing","Question Card","Molten Egg 2","Strawberry","Singing Bowl","StoneCalendar","Regal Pillow","Snecko Eye","MutagenicStrength","Kunai","Juzu Bracelet","Dead Branch","Darkstone Periapt","Busted Crown","Girya","Incense Burner","Tiny Chest","Ornamental Fan","Whetstone","DollysMirror"],"potions_floor_usage":[8,10,22,24,24,25,33,44],"damage_taken":[{"damage":0,"enemies":"Cultist","floor":1,"turns":1},{"damage":0,"enemies":"Jaw Worm","floor":3,"turns":1},{"damage":0,"enemies":"Lagavulin","floor":6,"turns":1},{"damage":3,"enemies":"2 Louse","floor":7,"turns":3},{"damage":32,"enemies":"3 Sentries","floor":8,"turns":7},{"damage":8,"enemies":"Exordium Thugs","floor":10,"turns":3},{"damage":1,"enemies":"2 Fungi Beasts","floor":11,"turns":2},{"damage":10,"enemies":"Lagavulin","floor":12,"turns":6},{"damage":0,"enemies":"Looter","floor":13,"turns":3},{"damage":5,"enemies":"3 Sentries","floor":14,"turns":5},{"damage":13,"enemies":"Slime Boss","floor":16,"turns":6},{"damage":8,"enemies":"2 Thieves","floor":18,"turns":2},{"damage":0,"enemies":"Spheric Guardian","floor":19,"turns":3},{"damage":0,"enemies":"3 Cultists","floor":22,"turns":3},{"damage":15,"enemies":"Snake Plant","floor":24,"turns":3},{"damage":12,"enemies":"Gremlin Leader","floor":25,"turns":5},{"damage":18,"enemies":"Slavers","floor":27,"turns":3},{"damage":0,"enemies":"Sentry and Sphere","floor":28,"turns":3},{"damage":13,"enemies":"Snecko","floor":31,"turns":3},{"damage":39,"enemies":"Automaton","floor":33,"turns":10},{"damage":4,"enemies":"3 Shapes","floor":35,"turns":4},{"damage":8,"enemies":"Mind Bloom Boss Battle","floor":38,"turns":6},{"damage":24,"enemies":"Reptomancer","floor":41,"turns":4},{"damage":11,"enemies":"Orb Walker","floor":42,"turns":2},{"damage":22,"enemies":"Spire Growth","floor":44,"turns":5},{"damage":17,"enemies":"Maw","floor":46,"turns":6},{"damage":0,"enemies":"3 Darklings","floor":47,"turns":4},{"damage":74,"enemies":"Time Eater","floor":50,"turns":9}],"seed_played":"6372833777991375907","potions_obtained":[{"floor":6,"key":"Ancient Potion"},{"floor":7,"key":"PowerPotion"},{"floor":8,"key":"Explosive Potion"},{"floor":12,"key":"Weak Potion"},{"floor":14,"key":"Explosive Potion"},{"floor":19,"key":"PowerPotion"},{"floor":22,"key":"AttackPotion"},{"floor":25,"key":"Fruit Juice"},{"floor":31,"key":"Block Potion"},{"floor":38,"key":"SteroidPotion"},{"floor":41,"key":"Block Potion"},{"floor":44,"key":"LiquidBronze"}],"is_trial":false,"path_per_floor":["M","$","M","?","$","E","M","E","T","M","M","E","M","?","R","B",null,"M","M","?","?","M","R","M","E","T","E","M","T","?","M","R","B",null,"M","?","?","?","?","R","E","M","T","M","R","M","M","$","R","B",null],"character_chosen":"DEFECT","items_purchased":["Gash","Genetic Algorithm","Ornamental Fan","Whetstone","DollysMirror"],"campfire_rested":4,"item_purchase_floors":[2,2,48,48,48],"current_hp_per_floor":[64,64,64,64,64,64,61,36,36,28,27,17,19,14,53,40,70,62,64,64,64,66,66,51,44,44,26,26,26,26,15,57,18,73,71,71,71,63,63,63,39,30,30,10,52,35,37,37,80,6],"gold":125,"neow_bonus":"THREE_ENEMY_KILL","is_prod":false,"is_daily":false,"chose_seed":false,"campfire_upgraded":1,"win_rate":0,"timestamp":1543090151,"path_taken":["M","$","?","?","?","E","M","E","T","?","M","E","M","?","R","BOSS","M","M","?","?","?","R","M","E","T","E","M","?","?","M","R","BOSS","M","?","?","?","?","R","E","M","T","M","R","M","M","$","R","BOSS"],"build_version":"2018-11-15","purchased_purges":1,"victory":true,"max_hp_per_floor":[71,71,71,71,71,71,71,78,78,78,78,78,80,80,80,80,80,80,82,82,82,84,84,84,89,89,89,89,89,89,91,91,91,91,93,93,93,93,88,88,88,90,90,92,92,92,94,94,94,94],"card_choices":[{"not_picked":["Sweeping Beam","Turbo"],"picked":"Ball Lightning","floor":1},{"not_picked":["Double Energy","Beam Cell"],"picked":"Go for the Eyes","floor":3},{"not_picked":["Leap","Sweeping Beam","Melter"],"picked":"Core Surge","floor":6},{"not_picked":["Cold Snap+1","Doom and Gloom+1","Compile Driver+1"],"picked":"FTL+1","floor":7},{"not_picked":["Rebound+1","Recycle","Redo"],"picked":"Doom and Gloom+1","floor":8},{"not_picked":["Compile Driver+1","Loop","Genetic Algorithm"],"picked":"Go for the Eyes+1","floor":10},{"not_picked":["Hologram","Seek","Cold Snap+1"],"picked":"Glacier","floor":11},{"not_picked":["Loop","Gash+1","Fusion"],"picked":"Ball Lightning+1","floor":12},{"not_picked":["Consume","Steam","Double Energy","Turbo"],"picked":"Singing Bowl","floor":13},{"not_picked":["Reprogram","Glacier","Melter+1"],"picked":"Doom and Gloom+1","floor":14},{"not_picked":["Seek","Rainbow","Core Surge+1"],"picked":"Thunder Strike+1","floor":16},{"not_picked":["Compile Driver+1","Genetic Algorithm","Steam"],"picked":"Tempest","floor":18},{"not_picked":["Ball Lightning+1","Go for the Eyes+1","Stack","Conserve Battery+1"],"picked":"Singing Bowl","floor":19},{"not_picked":["Cold Snap+1","Turbo","Heatsinks","Go for the Eyes+1"],"picked":"Singing Bowl","floor":22},{"not_picked":["Streamline+1","Gash+1","Capacitor"],"picked":"Recycle","floor":24},{"not_picked":["Reprogram","Go for the Eyes+1","Chill"],"picked":"Streamline+1","floor":25},{"not_picked":["Capacitor","Sunder+1","Turbo"],"picked":"White Noise+1","floor":27},{"not_picked":["Hologram","Gash+1","Stack"],"picked":"Sunder+1","floor":28},{"not_picked":["Go for the Eyes+1","Compile Driver+1","Capacitor","Force Field"],"picked":"Singing Bowl","floor":31},{"not_picked":["All For One+1","Core Surge+1","Reboot"],"picked":"Biased Cognition","floor":33},{"not_picked":["Turbo","Steam"],"picked":"Singing Bowl","floor":35},{"not_picked":["Skim"],"picked":"Chaos+1","floor":38},{"not_picked":["Compile Driver+1"],"picked":"Consume","floor":41},{"not_picked":["Redo","Rebound+1"],"picked":"Singing Bowl","floor":42},{"not_picked":["Leap","Ball Lightning+1"],"picked":"Singing Bowl","floor":44},{"not_picked":["Conserve Battery"],"picked":"Stack","floor":46},{"not_picked":["Fission","Blizzard+1"],"picked":"Singing Bowl","floor":47}],"player_experience":883545,"relics_obtained":[{"floor":6,"key":"Molten Egg 2"},{"floor":8,"key":"Strawberry"},{"floor":9,"key":"Singing Bowl"},{"floor":12,"key":"StoneCalendar"},{"floor":25,"key":"Kunai"},{"floor":26,"key":"Juzu Bracelet"},{"floor":27,"key":"Dead Branch"},{"floor":29,"key":"Darkstone Periapt"},{"floor":38,"key":"Girya"},{"floor":41,"key":"Incense Burner"},{"floor":43,"key":"Tiny Chest"}],"event_choices":[{"cards_removed":["Go for the Eyes"],"damage_healed":0,"gold_gain":0,"player_choice":"Gave Card","damage_taken":0,"relics_obtained":["Question Card"],"max_hp_gain":0,"max_hp_loss":0,"event_name":"WeMeetAgain","floor":4,"gold_loss":0},{"damage_healed":0,"gold_gain":0,"player_choice":"Searched \u00272\u0027 times","damage_taken":0,"relics_obtained":["Regal Pillow"],"max_hp_gain":0,"max_hp_loss":0,"event_name":"Dead Adventurer","floor":14,"gold_loss":0},{"damage_healed":0,"gold_gain":0,"player_choice":"Inject Mutagens","damage_taken":0,"relics_obtained":["MutagenicStrength"],"max_hp_gain":0,"max_hp_loss":0,"event_name":"Drug Dealer","floor":20,"gold_loss":0},{"damage_healed":0,"gold_gain":0,"player_choice":"Read","damage_taken":0,"max_hp_gain":0,"max_hp_loss":0,"event_name":"The Library","floor":21,"gold_loss":0,"cards_obtained":["Reinforced Body"]},{"damage_healed":0,"gold_gain":0,"player_choice":"Ignored","damage_taken":0,"max_hp_gain":0,"max_hp_loss":0,"event_name":"Ghosts","floor":30,"gold_loss":0},{"damage_healed":0,"gold_gain":0,"cards_transformed":["Strike_B"],"player_choice":"Transformed","damage_taken":0,"max_hp_gain":0,"max_hp_loss":0,"event_name":"Transmorgrifier","floor":36,"gold_loss":0,"cards_obtained":["Hologram"]},{"damage_healed":0,"gold_gain":0,"player_choice":"Ignored","damage_taken":0,"max_hp_gain":0,"max_hp_loss":0,"event_name":"Tomb of Lord Red Mask","floor":37,"gold_loss":0},{"damage_healed":0,"gold_gain":0,"player_choice":"Fight","damage_taken":0,"max_hp_gain":0,"max_hp_loss":0,"event_name":"MindBloom","floor":38,"gold_loss":0},{"damage_healed":0,"gold_gain":0,"player_choice":"Max HP","damage_taken":0,"max_hp_gain":0,"max_hp_loss":5,"event_name":"Winding Halls","floor":39,"gold_loss":0}],"is_beta":true,"boss_relics":[{"not_picked":["Eternal Feather","FrozenCore"],"picked":"Snecko Eye"},{"not_picked":["Astrolabe","Philosopher\u0027s Stone"],"picked":"Busted Crown"}],"items_purged_floors":[48],"is_endless":false,"potions_floor_spawned":[6,7,8,12,14,19,22,25,31,38,41,44,46],"ascension_level":18}