{"path_per_floor":["M","?","?","$","M","M","M","R","T","E","$","R","E","M","R","B",null,"M","$","M","M","?","R"],"character_chosen":"THE_SILENT","items_purchased":["Footwork"],"gold_per_floor":[116,116,76,1,12,29,45,45,45,78,78,78,112,124,124,226,226,238,62,82,97,22,22,22],"floor_reached":24,"campfire_rested":0,"playtime":1091,"item_purchase_floors":[19],"current_hp_per_floor":[55,43,43,43,36,35,33,33,33,34,34,34,18,27,27,15,56,42,42,19,22,22,22,0],"items_purged":["Injury","Clumsy"],"gold":22,"score":288,"play_id":"2e1a0bac-95d3-4127-9fe9-608800ee3336","local_time":"20180612193133","is_prod":false,"is_daily":false,"chose_seed":false,"is_ascension_mode":true,"campfire_upgraded":4,"win_rate":0,"timestamp":1528824693,"campfire_choices":[{"data":"Noxious Fumes","floor":8,"key":"SMITH"},{"data":"Noxious Fumes","floor":12,"key":"SMITH"},{"data":"Noxious Fumes","floor":15,"key":"SMITH"},{"data":"Footwork","floor":23,"key":"SMITH"}],"path_taken":["M","?","?","$","?","M","M","R","T","E","$","R","E","M","R","BOSS","M","$","M","M","?","R","M"],"build_version":"2018-06-11","seed_source_timestamp":33405787595819,"purchased_purges":2,"victory":false,"master_deck":["Defend_G","Defend_G","Defend_G","Defend_G","Strike_G","Strike_G+1","Strike_G","Strike_G","Strike_G+1","Survivor","Neutralize","Clumsy","Deadly Poison","Sucker Punch","Backflip","Noxious Fumes+1","Noxious Fumes+1","Blade Dance","Noxious Fumes+1","Bullet Time","Cloak And Dagger","Footwork+1","Dagger Spray+1","Choke"],"max_hp_per_floor":[70,70,70,70,70,70,70,70,70,70,70,70,70,70,70,70,70,70,70,70,70,70,70,70],"special_seed":0,"relics":["Calling Bell","Boot","Letter Opener","Torii","Peace Pipe","Meat on the Bone","Whetstone","Omamori","Runic Pyramid"],"card_choices":[{"not_picked":["Underhanded Strike","PiercingWail"],"picked":"Deadly Poison","floor":1},{"not_picked":["Quick Slash","Flying Knee"],"picked":"Sucker Punch","floor":5},{"not_picked":["Dagger Throw","Sucker Punch"],"picked":"Backflip","floor":6},{"not_picked":["Backstab","Cloak And Dagger"],"picked":"Noxious Fumes","floor":7},{"not_picked":["Finisher","Tactician"],"picked":"Noxious Fumes","floor":10},{"not_picked":["Slice","Riddle With Holes"],"picked":"Blade Dance","floor":13},{"not_picked":["Reflex","Crippling Poison"],"picked":"Noxious Fumes","floor":14},{"not_picked":["Tactician","Unload"],"picked":"Bullet Time","floor":16},{"not_picked":["Concentrate+1","Flying Knee"],"picked":"Cloak And Dagger","floor":18},{"not_picked":["Terror","Slice"],"picked":"Dagger Spray+1","floor":20},{"not_picked":["Concentrate","Cloak And Dagger"],"picked":"Choke","floor":21}],"player_experience":318458,"potions_floor_usage":[13,13,14,21,21],"damage_taken":[{"damage":8,"enemies":"Small Slimes","floor":1,"turns":5},{"damage":7,"enemies":"2 Louse","floor":5,"turns":3},{"damage":1,"enemies":"Cultist","floor":6,"turns":4},{"damage":2,"enemies":"2 Fungi Beasts","floor":7,"turns":3},{"damage":11,"enemies":"3 Sentries","floor":10,"turns":6},{"damage":28,"enemies":"Gremlin Nob","floor":13,"turns":4},{"damage":3,"enemies":"Exordium Thugs","floor":14,"turns":5},{"damage":24,"enemies":"The Guardian","floor":16,"turns":8},{"damage":14,"enemies":"3 Byrds","floor":18,"turns":4},{"damage":35,"enemies":"Chosen","floor":20,"turns":6},{"damage":9,"enemies":"Snake Plant","floor":21,"turns":5},{"damage":35,"enemies":"Cultist and Chosen","floor":24,"turns":5}],"relics_obtained":[{"floor":0,"key":"Boot"},{"floor":0,"key":"Letter Opener"},{"floor":0,"key":"Torii"},{"floor":9,"key":"Meat on the Bone"},{"floor":10,"key":"Whetstone"},{"floor":13,"key":"Omamori"}],"event_choices":[{"event_name":"Scrap Ooze","player_choice":"success","floor":2,"damage_taken":12},{"event_name":"The Woman in Blue","player_choice":"Bought 3 Potions","floor":3,"damage_taken":0},{"event_name":"Beggar","player_choice":"Gave Gold","floor":22,"damage_taken":0}],"boss_relics":[{"not_picked":["Snecko Eye","Astrolabe"],"picked":"Runic Pyramid"}],"items_purged_floors":[4,19],"potions_floor_spawned":[6,16,18],"seed_played":"7471449067545347151","killed_by":"Cultist and Chosen","ascension_level":8,"potions_obtained":[{"floor":3,"key":"AttackPotion"},{"floor":3,"key":"PowerPotion"},{"floor":3,"key":"SneckoOil"},{"floor":16,"key":"SpeedPotion"},{"floor":18,"key":"GhostInAJar"}],"is_trial":false}