{"gold_per_floor":[119,130,130,149,149,149,174,185,238,107,182,60,116,147,147,226,226,244,188,388,64,80,80,110,160,160,160,160,179,209,226,226,303,303,317,317,363,363,376,376,405,109,109,124,124],"floor_reached":45,"playtime":1544,"items_purged":["Strike_R","Strike_R"],"score":1049,"play_id":"ea6ccfef-e010-4b0e-afe3-6a5ad44e1ca6","local_time":"20190423160928","is_ascension_mode":true,"campfire_choices":[{"data":"Immolate","floor":6.0,"key":"SMITH"},{"floor":15.0,"key":"REST"},{"data":"Limit Break","floor":23.0,"key":"SMITH"},{"data":"Corruption","floor":28.0,"key":"SMITH"},{"data":"Armaments","floor":32.0,"key":"SMITH"},{"data":"Battle Trance","floor":40.0,"key":"SMITH"}],"neow_cost":"NONE","seed_source_timestamp":0,"circlet_count":0,"master_deck":["AscendersBane","Bash+1","Sword Boomerang","Combust+1","Immolate+1","Clothesline","Reaper","Shrug It Off","Shockwave","Corruption+1","Anger","Limit Break+1","Thunderclap","Shrug It Off","Heavy Blade","Pummel","Armaments+1","Reaper","Battle Trance+1","Seeing Red","Flex","Flex","Fiend Fire","Whirlwind","Flame Barrier+1","Disarm","Feel No Pain","Disarm","Battle Trance"],"special_seed":0,"relics":["Burning Blood","Bottled Flame","Art of War","Dream Catcher","Coffee Dripper","Brimstone","Nunchaku","Potion Belt","Strawberry","Pandora\u0027s Box","WingedGreaves","Shuriken","Happy Flower"],"potions_floor_usage":[44,44,44],"damage_taken":[{"damage":4.0,"enemies":"Jaw Worm","floor":1.0,"turns":4.0},{"damage":2.0,"enemies":"2 Louse","floor":2.0,"turns":4.0},{"damage":10.0,"enemies":"Small Slimes","floor":4.0,"turns":3.0},{"damage":8.0,"enemies":"Gremlin Nob","floor":7.0,"turns":3.0},{"damage":14.0,"enemies":"Red Slaver","floor":8.0,"turns":4.0},{"damage":20.0,"enemies":"Lagavulin","floor":14.0,"turns":7.0},{"damage":17.0,"enemies":"Slime Boss","floor":16.0,"turns":8.0},{"damage":19.0,"enemies":"Chosen","floor":18.0,"turns":4.0},{"damage":25.0,"enemies":"Shell Parasite","floor":22.0,"turns":3.0},{"damage":20.0,"enemies":"Book of Stabbing","floor":24.0,"turns":4.0},{"damage":6.0,"enemies":"Centurion and Healer","floor":29.0,"turns":5.0},{"damage":8.0,"enemies":"Slavers","floor":30.0,"turns":2.0},{"damage":4.0,"enemies":"3 Cultists","floor":31.0,"turns":3.0},{"damage":18.0,"enemies":"Collector","floor":33.0,"turns":5.0},{"damage":52.0,"enemies":"3 Shapes","floor":35.0,"turns":7.0},{"damage":62.0,"enemies":"2 Orb Walkers","floor":37.0,"turns":4.0},{"damage":7.0,"enemies":"Orb Walker","floor":39.0,"turns":2.0},{"damage":43.0,"enemies":"Nemesis","floor":41.0,"turns":5.0},{"damage":5,"enemies":"Sphere and 2 Shapes","floor":44,"turns":7},{"damage":34,"enemies":"3 Darklings","floor":45,"turns":2}],"seed_played":"1489859538842781799","potions_obtained":[{"floor":4.0,"key":"PowerPotion"},{"floor":8.0,"key":"Ancient Potion"},{"floor":22.0,"key":"Energy Potion"},{"floor":29.0,"key":"GamblersBrew"},{"floor":30.0,"key":"SkillPotion"},{"floor":35.0,"key":"SkillPotion"},{"floor":37.0,"key":"Swift Potion"},{"floor":41.0,"key":"Fire Potion"}],"is_trial":false,"path_per_floor":["M","M","?","M","?","R","E","M","T","$","?","$","?","E","R","B",null,"M","$","?","$","M","R","E","?","T","?","R","M","E","M","R","B",null,"M","?","?","?","M","R","E","$","T","M","M"],"character_chosen":"IRONCLAD","items_purchased":["Shrug It Off","Shockwave","Corruption","Shrug It Off","Brimstone","Disarm","Happy Flower","PowerPotion"],"campfire_rested":1,"item_purchase_floors":[10,12,12,19,21,42,42,42],"current_hp_per_floor":[70,74,74,70,47,47,45,37,37,37,26,26,26,16,38,43,67,60,60,60,60,41,41,27,27,27,27,27,61,66,68,68,56,76,68,68,32,32,31,31,7,7,7,8,0],"gold":124,"neow_bonus":"UPGRADE_CARD","is_prod":false,"is_daily":false,"chose_seed":false,"campfire_upgraded":5,"win_rate":0,"timestamp":1556028568,"path_taken":["M","M","?","M","?","R","E","M","T","$","?","?","?","E","R","BOSS","M","$","?","$","?","R","E","?","T","?","R","?","E","M","R","BOSS","M","?","?","?","?","R","E","$","T","M","M"],"build_version":"2019-01-23","purchased_purges":2,"victory":false,"max_hp_per_floor":[75,75,75,75,75,75,75,75,75,75,75,75,75,75,75,75,75,75,75,75,75,75,75,75,75,75,75,75,75,82,82,82,82,82,82,78,78,78,78,78,78,78,78,78,78],"card_choices":[{"not_picked":["Burning Pact","Perfected Strike"],"picked":"Sword Boomerang","floor":1.0},{"not_picked":["Sword Boomerang","Iron Wave"],"picked":"Combust","floor":2.0},{"not_picked":["Heavy Blade","Iron Wave"],"picked":"Immolate","floor":4.0},{"not_picked":["Havoc","Iron Wave"],"picked":"Clothesline","floor":7.0},{"not_picked":["Anger","Headbutt"],"picked":"Reaper","floor":8.0},{"not_picked":["Fire Breathing","Headbutt","Clash"],"picked":"SKIP","floor":14.0},{"not_picked":["Metallicize","Cleave"],"picked":"Anger","floor":15.0},{"not_picked":["Exhume","Berserk"],"picked":"Limit Break","floor":16.0},{"not_picked":["Ghostly Armor","Searing Blow"],"picked":"Thunderclap","floor":18.0},{"not_picked":["Perfected Strike","Body Slam","Headbutt"],"picked":"SKIP","floor":22.0},{"not_picked":["Perfected Strike+1","Combust","Iron Wave"],"picked":"SKIP","floor":24.0},{"not_picked":["Pommel Strike","Clothesline"],"picked":"Heavy Blade","floor":29.0},{"not_picked":["Wild Strike","Entrench"],"picked":"Pummel","floor":30.0},{"not_picked":["Bludgeon","Anger"],"picked":"Armaments","floor":31.0},{"not_picked":["Impervious","Demon Form"],"picked":"Reaper","floor":33.0},{"not_picked":["True Grit","Searing Blow"],"picked":"Flame Barrier+1","floor":35.0},{"not_picked":["Twin Strike","Flame Barrier"],"picked":"Disarm","floor":37.0},{"not_picked":["Havoc","Armaments","Combust"],"picked":"SKIP","floor":39.0},{"not_picked":["Combust","Bloodletting"],"picked":"Feel No Pain","floor":41.0},{"not_picked":["True Grit","Bloodletting+1"],"picked":"Battle Trance","floor":44}],"player_experience":1615149,"relics_obtained":[{"floor":7.0,"key":"Bottled Flame"},{"floor":9.0,"key":"Art of War"},{"floor":14.0,"key":"Dream Catcher"},{"floor":24.0,"key":"Nunchaku"},{"floor":26.0,"key":"Potion Belt"},{"floor":30.0,"key":"Strawberry"},{"floor":37.0,"key":"WingedGreaves"},{"floor":41.0,"key":"Shuriken"}],"event_choices":[{"damage_healed":0.0,"max_hp_gain":0.0,"max_hp_loss":0.0,"gold_gain":0.0,"event_name":"Living Wall","player_choice":"Grow","floor":3.0,"gold_loss":0.0,"damage_taken":0.0,"cards_upgraded":["Combust"]},{"damage_healed":0.0,"max_hp_gain":0.0,"max_hp_loss":0.0,"gold_gain":0.0,"event_name":"Shining Light","player_choice":"Entered Light","floor":5.0,"gold_loss":0.0,"damage_taken":23.0,"cards_upgraded":["Strike_R","Defend_R"]},{"damage_healed":0.0,"max_hp_gain":0.0,"max_hp_loss":0.0,"gold_gain":75.0,"event_name":"World of Goop","player_choice":"Gather Gold","floor":11.0,"gold_loss":0.0,"damage_taken":11.0},{"damage_healed":0.0,"max_hp_gain":0.0,"max_hp_loss":0.0,"gold_gain":56.0,"event_name":"Golden Wing","player_choice":"Gained Gold","floor":13.0,"gold_loss":0.0,"damage_taken":0.0},{"damage_healed":0.0,"max_hp_gain":0.0,"max_hp_loss":0.0,"gold_gain":250.0,"event_name":"The Joust","player_choice":"Bet on Owner","floor":20.0,"gold_loss":50.0,"damage_taken":0.0},{"damage_healed":0.0,"max_hp_gain":0.0,"max_hp_loss":0.0,"gold_gain":50.0,"event_name":"Nest","player_choice":"Stole From Cult","floor":25.0,"gold_loss":0.0,"damage_taken":0.0},{"damage_healed":0.0,"max_hp_gain":0.0,"max_hp_loss":0.0,"gold_gain":0.0,"event_name":"Vampires","player_choice":"Ignored","floor":27.0,"gold_loss":0.0,"damage_taken":0.0},{"damage_healed":0.0,"max_hp_gain":0.0,"max_hp_loss":4.0,"gold_gain":0.0,"event_name":"Winding Halls","player_choice":"Max HP","floor":36.0,"gold_loss":0.0,"damage_taken":0.0},{"damage_healed":0.0,"max_hp_gain":0.0,"max_hp_loss":0.0,"gold_gain":0.0,"event_name":"Mysterious Sphere","player_choice":"Fight","floor":37.0,"gold_loss":0.0,"damage_taken":0.0},{"cards_removed":["Hemokinesis"],"damage_healed":0.0,"max_hp_gain":0.0,"max_hp_loss":0.0,"gold_gain":0.0,"event_name":"Purifier","player_choice":"Purged","floor":38.0,"gold_loss":0.0,"damage_taken":0.0}],"is_beta":false,"boss_relics":[{"not_picked":["Cursed Key","Ectoplasm"],"picked":"Coffee Dripper"},{"not_picked":["Lizard Tail","Empty Cage"],"picked":"Pandora\u0027s Box"}],"items_purged_floors":[10,21],"is_endless":false,"potions_floor_spawned":[4,8,22,29,30,35,37,41],"killed_by":"3 Darklings","ascension_level":20}