{"gold_per_floor":[116,15,15,32,207,207,242,242,267,267,285,47,67,99,99,203,203,220,220,237,237,237,272,272,93,93,125,140,140,140,173,173,276,276,295,295,307,81,81,81,111,66,66,66,76,76,95,129,129,129,129,129,53,53],"floor_reached":54,"playtime":3067,"items_purged":["Doubt","Strike_P"],"score":897,"play_id":"c2fac123-3d24-4fd7-8d6a-8e520b6ba878","local_time":"20190911120603","is_ascension_mode":true,"campfire_choices":[{"data":"Eruption","floor":6.0,"key":"SMITH"},{"data":"CrushJoints","floor":8.0,"key":"SMITH"},{"data":"DeceiveReality","floor":10.0,"key":"SMITH"},{"data":"Establishment","floor":15.0,"key":"SMITH"},{"data":"Devotion","floor":24,"key":"SMITH"},{"data":"MentalFortress","floor":30,"key":"SMITH"},{"data":"Ghostly","floor":32,"key":"SMITH"},{"data":"1","floor":40,"key":"LIFT"},{"data":"2","floor":44,"key":"LIFT"},{"data":"3","floor":46,"key":"LIFT"},{"floor":49,"key":"RECALL"},{"data":"Ghostly","floor":52,"key":"SMITH"}],"neow_cost":"NONE","seed_source_timestamp":2597401245941,"circlet_count":0,"master_deck":["Strike_P+1","Strike_P+1","Defend_P","Defend_P+1","Defend_P","Defend_P+1","Eruption+1","Vigilance+1","Tantrum+1","DeceiveReality+1","FlyingSleeves+1","CrushJoints+1","LessonLearned","Crescendo","Establishment+1","FearNoEvil","Perseverance+1","Devotion","MasterReality+1","CleanseEvil","Ghostly+1","Ghostly+1","Ghostly","Ghostly+1","Ghostly","Devotion+1","EmptyBody+1","MentalFortress+1","StepAndStrike+1","EmptyFist","EmptyMind+1","Alpha+1","Secret Technique+1","Enlightenment+1","EmptyBody+1","MentalFortress+1","Halt+1","EmptyMind+1","Decay","Protect+1","Tantrum+1"],"special_seed":0,"relics":["PureWater","NeowsBlessing","Kunai","Omamori","Bag of Marbles","Cursed Key","Regal Pillow","Toxic Egg 2","PreservedInsect","Dodecahedron","Calling Bell","Toy Ornithopter","Gremlin Horn","Girya","Potion Belt","Vajra","Pantograph"],"potions_floor_usage":[27,45,45,47,47,48,50],"damage_taken":[{"damage":0.0,"enemies":"2 Louse","floor":1.0,"turns":1.0},{"damage":0.0,"enemies":"Jaw Worm","floor":4.0,"turns":1.0},{"damage":0.0,"enemies":"3 Sentries","floor":7.0,"turns":2.0},{"damage":0.0,"enemies":"Small Slimes","floor":11.0,"turns":2.0},{"damage":0.0,"enemies":"3 Louse","floor":13.0,"turns":2.0},{"damage":0.0,"enemies":"Gremlin Nob","floor":14.0,"turns":2.0},{"damage":24,"enemies":"The Guardian","floor":16,"turns":10},{"damage":16,"enemies":"Chosen","floor":18,"turns":8},{"damage":3,"enemies":"Spheric Guardian","floor":20,"turns":9},{"damage":3,"enemies":"Slavers","floor":23,"turns":6},{"damage":0,"enemies":"Book of Stabbing","floor":27,"turns":5},{"damage":0,"enemies":"Centurion and Healer","floor":28,"turns":5},{"damage":1,"enemies":"Gremlin Leader","floor":31,"turns":6},{"damage":12,"enemies":"Automaton","floor":33,"turns":12},{"damage":3,"enemies":"3 Darklings","floor":35,"turns":7},{"damage":1,"enemies":"Orb Walker","floor":37,"turns":7},{"damage":1,"enemies":"Reptomancer","floor":41,"turns":7},{"damage":6,"enemies":"Jaw Worm Horde","floor":45,"turns":9},{"damage":22,"enemies":"3 Darklings","floor":47,"turns":9},{"damage":1,"enemies":"Giant Head","floor":48,"turns":6},{"damage":25,"enemies":"Time Eater","floor":50,"turns":13},{"damage":37,"enemies":"Shield and Spear","floor":54,"turns":2}],"seed_played":"8154927680797703285","potions_obtained":[{"floor":4.0,"key":"PowerPotion"},{"floor":14.0,"key":"PowerPotion"},{"floor":16,"key":"EssenceOfSteel"},{"floor":23,"key":"SkillPotion"},{"floor":31,"key":"EntropicBrew"},{"floor":47,"key":"Poison Potion"},{"floor":48,"key":"Explosive Potion"}],"is_trial":false,"path_per_floor":["M","$","?","M","?","R","E","R","T","R","M","$","M","E","R","B",null,"M","?","M","?","?","E","R","$","T","E","M","$","R","E","R","B",null,"M","?","M","$","?","R","E","$","T","R","M","R","M","E","R","B",null,"R","$","E"],"character_chosen":"WATCHER","items_purchased":["DeceiveReality","FlyingSleeves","Establishment","FearNoEvil","MentalFortress","Potion Belt","MentalFortress","EmptyMind+1","Ancient Potion"],"campfire_rested":0,"item_purchase_floors":[2,2,12,12,25,38,38,42,53],"current_hp_per_floor":[65,65,70,70,70,70,70,70,70,70,70,70,70,70,70,46,70,54,41,38,37,37,34,34,34,34,34,34,34,34,33,33,21,37,34,24,23,23,23,23,22,22,22,22,26,26,14,18,18,17,37,37,37,0],"gold":53,"neow_bonus":"THREE_ENEMY_KILL","is_prod":false,"is_daily":false,"chose_seed":false,"campfire_upgraded":8,"win_rate":0,"timestamp":1568196363,"path_taken":["M","$","?","M","?","R","E","R","T","R","M","$","M","E","R","BOSS","M","?","M","?","?","E","R","$","T","E","M","?","R","E","R","BOSS","M","?","M","$","?","R","E","?","T","R","M","R","M","E","R","BOSS","R","$","E"],"build_version":"2019-09-10","purchased_purges":2,"victory":false,"max_hp_per_floor":[65,65,70,70,70,70,70,70,70,70,70,70,70,70,70,70,70,70,75,75,37,37,37,37,37,37,37,37,37,37,37,37,37,37,37,37,37,37,37,37,37,37,37,37,37,37,37,37,37,37,37,37,37,37],"card_choices":[{"not_picked":["CrushJoints","Swivel"],"picked":"Tantrum","floor":1.0},{"not_picked":["Halt","ThirdEye"],"picked":"CrushJoints","floor":4.0},{"not_picked":["BowlingBash","StepAndStrike"],"picked":"LessonLearned","floor":7.0},{"not_picked":["StepAndStrike","ClearTheMind"],"picked":"Crescendo","floor":11.0},{"not_picked":["EmptyBody","WindmillStrike"],"picked":"Perseverance","floor":13.0},{"not_picked":["Sanctity","Crescendo"],"picked":"Devotion","floor":14.0},{"not_picked":["SignatureMove","LessonLearned"],"picked":"MasterReality","floor":16},{"not_picked":["FlyingSleeves","Swivel+1"],"picked":"CleanseEvil","floor":18},{"not_picked":["CutThroughFate","FlyingSleeves","Perseverance"],"picked":"SKIP","floor":20},{"not_picked":["JustLucky","SignatureMove"],"picked":"EmptyBody","floor":23},{"not_picked":["BowlingBash","ThirdEye+1"],"picked":"StepAndStrike+1","floor":27},{"not_picked":["Meditate+1","Conclude"],"picked":"EmptyFist","floor":28},{"not_picked":["CrushJoints","Halt+1"],"picked":"EmptyMind+1","floor":31},{"not_picked":["Omniscience+1","LessonLearned"],"picked":"Alpha+1","floor":33},{"not_picked":["CrushJoints","FollowUp","Weave+1"],"picked":"SKIP","floor":35},{"not_picked":["Purity+1","Blind+1"],"picked":"Secret Technique+1","floor":36},{"not_picked":["Jack Of All Trades+1","Forethought+1"],"picked":"Enlightenment+1","floor":36},{"not_picked":["Consecrate","FlyingSleeves"],"picked":"EmptyBody+1","floor":37},{"not_picked":["Consecrate","Weave+1"],"picked":"Halt+1","floor":41},{"not_picked":["Halt+1","CutThroughFate","Establishment"],"picked":"SKIP","floor":45},{"not_picked":["Crescendo+1","Halt+1"],"picked":"Protect+1","floor":47},{"not_picked":["ThirdEye+1","Nirvana"],"picked":"Tantrum+1","floor":48}],"player_experience":2024035,"relics_obtained":[{"floor":7.0,"key":"Kunai"},{"floor":9.0,"key":"Omamori"},{"floor":14.0,"key":"Bag of Marbles"},{"floor":23,"key":"Regal Pillow"},{"floor":26,"key":"Toxic Egg 2"},{"floor":27,"key":"PreservedInsect"},{"floor":31,"key":"Dodecahedron"},{"floor":34,"key":"Toy Ornithopter"},{"floor":34,"key":"Gremlin Horn"},{"floor":34,"key":"Girya"},{"floor":41,"key":"Vajra"},{"floor":48,"key":"Pantograph"}],"event_choices":[{"damage_healed":0.0,"max_hp_gain":5.0,"max_hp_loss":0.0,"gold_gain":0.0,"event_name":"Big Fish","player_choice":"Donut","floor":3.0,"gold_loss":0.0,"damage_taken":0.0},{"damage_healed":0.0,"max_hp_gain":0.0,"max_hp_loss":0.0,"gold_gain":175.0,"event_name":"Liars Game","player_choice":"AGREE","floor":5.0,"gold_loss":0.0,"damage_taken":0.0,"cards_obtained":["Doubt"]},{"damage_healed":0,"gold_gain":0,"player_choice":"Shed Blood","damage_taken":18,"max_hp_gain":5,"max_hp_loss":0,"event_name":"Forgotten Altar","floor":19,"gold_loss":0},{"damage_healed":0,"gold_gain":0,"player_choice":"Became a Ghost","damage_taken":0,"max_hp_gain":0,"max_hp_loss":38,"event_name":"Ghosts","floor":21,"gold_loss":0,"cards_obtained":["Ghostly","Ghostly","Ghostly","Ghostly","Ghostly"]},{"damage_healed":0,"gold_gain":0,"player_choice":"Read","damage_taken":0,"max_hp_gain":0,"max_hp_loss":0,"event_name":"The Library","floor":22,"gold_loss":0,"cards_obtained":["Devotion"]},{"damage_healed":0,"gold_gain":0,"player_choice":"Memory 3","damage_taken":10,"max_hp_gain":0,"max_hp_loss":0,"event_name":"SensoryStone","floor":36,"gold_loss":0},{"cards_removed":["Strike_P"],"damage_healed":0,"gold_gain":0,"player_choice":"Removed Attack","damage_taken":0,"max_hp_gain":0,"max_hp_loss":0,"event_name":"Falling","floor":39,"gold_loss":0}],"is_beta":true,"boss_relics":[{"not_picked":["Runic Pyramid","SacredBark"],"picked":"Cursed Key"},{"not_picked":["Empty Cage","Fusion Hammer"],"picked":"Calling Bell"}],"items_purged_floors":[12,25],"is_endless":false,"potions_floor_spawned":[4,14,16,20,23,31,33,35,47,48],"killed_by":"Shield and Spear","ascension_level":1}