{"gold_per_floor":[110,128,128,128,141,141,141,182,182,182,206,220,259,274,274,405,405,426,426,446,446,144,184,184,184,184,207,207,238,238,262,262,385,385,403,403,422,96,117,160,285,285,285,285,309,328,351,38,38,38],"floor_reached":51,"playtime":9652,"items_purged":["Strike_B","Strike_B","Strike_B"],"score":1133,"play_id":"9788dc67-7494-42f5-a208-09fa9f186b38","local_time":"20190929214904","is_ascension_mode":true,"campfire_choices":[{"floor":6.0,"key":"REST"},{"data":"Defragment","floor":15.0,"key":"SMITH"},{"data":"Defragment","floor":25.0,"key":"SMITH"},{"data":"Defragment","floor":28.0,"key":"SMITH"},{"data":"Coolheaded","floor":30.0,"key":"SMITH"},{"data":"White Noise","floor":32.0,"key":"SMITH"},{"floor":42,"key":"DIG"},{"data":"Storm","floor":44,"key":"SMITH"},{"data":"Defragment","floor":49,"key":"SMITH"}],"neow_cost":"PERCENT_DAMAGE","seed_source_timestamp":0,"circlet_count":0,"master_deck":["Strike_B","Defend_B","Defend_B","Defend_B","Defend_B","Zap","Dualcast","Coolheaded+1","Ball Lightning","Beam Cell","Echo Form","Defragment+1","Conserve Battery","Streamline","Biased Cognition+1","White Noise+1","Reboot+1","Melter","Self Repair","Storm+1","Force Field+1","Defragment+1","Hologram+1","Static Discharge","Defragment+1","Amplify+1","FTL","Loop+1","Electrodynamics","Defragment+1","Echo Form","Heatsinks+1","Master of Strategy+1"],"special_seed":0,"relics":["Cracked Core","FossilizedHelix","Gambling Chip","Golden Idol","Art of War","Prayer Wheel","DataDisk","Boot","Nuclear Battery","Orichalcum","Bag of Preparation","Mummified Hand","War Paint","Busted Crown","Lantern","Shovel","Unceasing Top","Toxic Egg 2","Girya"],"potions_floor_usage":[39,40,46,50,50],"damage_taken":[{"damage":0.0,"enemies":"2 Louse","floor":1.0,"turns":2.0},{"damage":0.0,"enemies":"Cultist","floor":2.0,"turns":3.0},{"damage":0.0,"enemies":"Jaw Worm","floor":5.0,"turns":2.0},{"damage":0.0,"enemies":"3 Sentries","floor":8.0,"turns":6.0},{"damage":0.0,"enemies":"Large Slime","floor":11.0,"turns":3.0},{"damage":7.0,"enemies":"Exordium Thugs","floor":12.0,"turns":3.0},{"damage":2.0,"enemies":"Gremlin Nob","floor":13.0,"turns":4.0},{"damage":0.0,"enemies":"Looter","floor":14.0,"turns":2.0},{"damage":8.0,"enemies":"The Guardian","floor":16.0,"turns":6.0},{"damage":0.0,"enemies":"2 Thieves","floor":18.0,"turns":3.0},{"damage":10.0,"enemies":"3 Byrds","floor":20.0,"turns":4.0},{"damage":10.0,"enemies":"Gremlin Leader","floor":23.0,"turns":4.0},{"damage":0.0,"enemies":"Snake Plant","floor":27.0,"turns":2.0},{"damage":10.0,"enemies":"Slavers","floor":29.0,"turns":4.0},{"damage":12.0,"enemies":"Centurion and Healer","floor":31.0,"turns":3.0},{"damage":0.0,"enemies":"Collector","floor":33.0,"turns":1.0},{"damage":0,"enemies":"Orb Walker","floor":35,"turns":2},{"damage":0,"enemies":"3 Darklings","floor":37,"turns":1},{"damage":0,"enemies":"Writhing Mass","floor":39,"turns":3},{"damage":0,"enemies":"Nemesis","floor":40,"turns":3},{"damage":0,"enemies":"Mind Bloom Boss Battle","floor":41,"turns":2},{"damage":0,"enemies":"Sphere and 2 Shapes","floor":45,"turns":1},{"damage":0,"enemies":"Jaw Worm Horde","floor":46,"turns":2},{"damage":0,"enemies":"4 Shapes","floor":47,"turns":2},{"damage":0,"enemies":"Awakened One","floor":50,"turns":4}],"seed_played":"2008984612532650813","potions_obtained":[{"floor":1.0,"key":"SkillPotion"},{"floor":4.0,"key":"Fruit Juice"},{"floor":4.0,"key":"Weak Potion"},{"floor":4.0,"key":"SkillPotion"},{"floor":5.0,"key":"Fire Potion"},{"floor":12.0,"key":"GamblersBrew"},{"floor":13.0,"key":"Fire Potion"},{"floor":18.0,"key":"Dexterity Potion"},{"floor":33.0,"key":"LiquidBronze"},{"floor":35,"key":"Poison Potion"},{"floor":40,"key":"AttackPotion"},{"floor":45,"key":"Fire Potion"}],"is_trial":false,"path_per_floor":["M","M","?","?","M","R","?","E","T","?","M","M","E","M","R","B",null,"M","?","M","?","$","E","?","R","T","M","R","E","R","M","R","B",null,"M","?","M","$","M","E","?","R","T","R","M","M","M","$","R","B",null],"character_chosen":"DEFECT","items_purchased":["Defragment","Orichalcum","Lantern","Defragment","Master of Strategy+1"],"campfire_rested":1,"item_purchase_floors":[22,22,38,38,48],"current_hp_per_floor":[50,50,25,30,30,54,54,54,54,54,54,47,45,45,45,37,65,65,65,62,62,62,66,66,66,66,73,73,63,63,51,51,65,72,74,70,70,70,70,70,70,70,70,70,70,70,70,70,70,70],"gold":38,"neow_bonus":"ONE_RARE_RELIC","is_prod":false,"is_daily":false,"chose_seed":false,"campfire_upgraded":7,"win_rate":0,"timestamp":1569782944,"path_taken":["M","M","?","?","?","R","?","E","T","?","M","?","E","M","R","BOSS","M","?","?","?","$","E","?","R","T","M","R","E","R","M","R","BOSS","M","?","M","$","M","E","?","R","T","R","M","M","M","$","R","BOSS"],"build_version":"2019-07-17","purchased_purges":3,"victory":true,"max_hp_per_floor":[75,75,75,80,80,80,74,74,74,74,74,74,74,74,74,74,74,74,74,74,74,74,74,74,74,74,74,74,74,74,74,74,74,74,74,70,70,70,70,70,70,70,70,70,70,70,70,70,70,70],"card_choices":[{"not_picked":["Sunder","Redo"],"picked":"Coolheaded","floor":1.0},{"not_picked":["Doom and Gloom","Melter"],"picked":"Ball Lightning","floor":2.0},{"not_picked":["Sweeping Beam","Gash"],"picked":"Beam Cell","floor":5.0},{"not_picked":["Double Energy","Blizzard"],"picked":"Gash","floor":8.0},{"not_picked":["Rip and Tear","Hello World"],"picked":"Echo Form","floor":11.0},{"not_picked":["Hologram","Capacitor"],"picked":"Defragment","floor":11.0},{"not_picked":["Rebound","Gash"],"picked":"Conserve Battery","floor":12.0},{"not_picked":["Redo","Beam Cell"],"picked":"Streamline","floor":12.0},{"not_picked":["Core Surge","Heatsinks"],"picked":"Biased Cognition","floor":13.0},{"not_picked":["Ball Lightning","Stack"],"picked":"White Noise","floor":14.0},{"not_picked":["Sweeping Beam","Double Energy","Compile Driver"],"picked":"SKIP","floor":14.0},{"not_picked":["Meteor Strike","All For One"],"picked":"Reboot","floor":16.0},{"not_picked":["Gash+1","Coolheaded"],"picked":"Melter","floor":18.0},{"not_picked":["FTL","Steam"],"picked":"Self Repair","floor":18.0},{"not_picked":["Doom and Gloom","Darkness"],"picked":"Storm","floor":20.0},{"not_picked":["Loop","Steam Power"],"picked":"Force Field+1","floor":20.0},{"not_picked":["Go for the Eyes+1","Steam Power+1"],"picked":"Hologram+1","floor":23.0},{"not_picked":["Steam","Redo+1"],"picked":"Static Discharge","floor":27.0},{"not_picked":["Leap","Compile Driver"],"picked":"Defragment","floor":27.0},{"not_picked":["Beam Cell","Recycle+1"],"picked":"Amplify","floor":29.0},{"not_picked":["Tempest","Turbo"],"picked":"FTL","floor":31.0},{"not_picked":["Ball Lightning","Gash+1"],"picked":"Loop+1","floor":31.0},{"not_picked":["Thunder Strike","Meteor Strike"],"picked":"Electrodynamics","floor":33.0},{"not_picked":["Fusion"],"picked":"SKIP","floor":35},{"not_picked":["Sweeping Beam+1"],"picked":"SKIP","floor":35},{"not_picked":["Turbo+1"],"picked":"SKIP","floor":37},{"not_picked":["Hologram+1"],"picked":"SKIP","floor":37},{"not_picked":["Compile Driver"],"picked":"SKIP","floor":39},{"not_picked":["Sunder"],"picked":"SKIP","floor":39},{"not_picked":[],"picked":"Echo Form","floor":40},{"not_picked":[],"picked":"Heatsinks+1","floor":41},{"not_picked":["Gash"],"picked":"SKIP","floor":45},{"not_picked":["Go for the Eyes"],"picked":"SKIP","floor":45},{"not_picked":["Static Discharge+1"],"picked":"SKIP","floor":46},{"not_picked":["Go for the Eyes"],"picked":"SKIP","floor":46},{"not_picked":["Sweeping Beam+1"],"picked":"SKIP","floor":47},{"not_picked":["Darkness+1"],"picked":"SKIP","floor":47}],"player_experience":341103,"relics_obtained":[{"floor":8.0,"key":"Art of War"},{"floor":9.0,"key":"Prayer Wheel"},{"floor":13.0,"key":"Boot"},{"floor":23.0,"key":"Bag of Preparation"},{"floor":26.0,"key":"Mummified Hand"},{"floor":29.0,"key":"War Paint"},{"floor":40,"key":"Shovel"},{"floor":41,"key":"Unceasing Top"},{"floor":42,"key":"Toxic Egg 2"},{"floor":43,"key":"Girya"}],"event_choices":[{"damage_healed":0.0,"max_hp_gain":0.0,"max_hp_loss":0.0,"gold_gain":0.0,"event_name":"Scrap Ooze","player_choice":"Success","floor":3.0,"gold_loss":0.0,"damage_taken":25.0,"relics_obtained":["Gambling Chip"]},{"damage_healed":0.0,"max_hp_gain":0.0,"max_hp_loss":0.0,"gold_gain":0.0,"event_name":"Lab","player_choice":"Got Potions","floor":4.0,"gold_loss":0.0,"damage_taken":0.0},{"damage_healed":0.0,"max_hp_gain":0.0,"max_hp_loss":6.0,"gold_gain":0.0,"event_name":"Golden Idol","player_choice":"Lose Max HP","floor":7.0,"gold_loss":0.0,"damage_taken":0.0,"relics_obtained":["Golden Idol"]},{"cards_removed":["Gash"],"damage_healed":0.0,"max_hp_gain":0.0,"max_hp_loss":0.0,"gold_gain":0.0,"event_name":"WeMeetAgain","player_choice":"Gave Card","floor":10.0,"gold_loss":0.0,"damage_taken":0.0,"relics_obtained":["DataDisk"]},{"damage_healed":0.0,"max_hp_gain":0.0,"max_hp_loss":0.0,"gold_gain":0.0,"event_name":"Accursed Blacksmith","player_choice":"Forge","floor":19.0,"gold_loss":0.0,"damage_taken":0.0,"cards_upgraded":["Biased Cognition"]},{"damage_healed":0.0,"max_hp_gain":0.0,"max_hp_loss":0.0,"gold_gain":0.0,"event_name":"Vampires","player_choice":"Ignored","floor":21.0,"gold_loss":0.0,"damage_taken":0.0},{"damage_healed":0.0,"max_hp_gain":0.0,"max_hp_loss":0.0,"gold_gain":0.0,"event_name":"Ghosts","player_choice":"Ignored","floor":24.0,"gold_loss":0.0,"damage_taken":0.0},{"damage_healed":0,"gold_gain":0,"player_choice":"Max HP","damage_taken":0,"max_hp_gain":0,"max_hp_loss":4,"event_name":"Winding Halls","floor":36,"gold_loss":0},{"damage_healed":0,"gold_gain":0,"player_choice":"Fight","damage_taken":0,"max_hp_gain":0,"max_hp_loss":0,"event_name":"MindBloom","floor":41,"gold_loss":0}],"is_beta":false,"boss_relics":[{"not_picked":["Orrery","Inserter"],"picked":"Nuclear Battery"},{"not_picked":["Tiny House","Lizard Tail"],"picked":"Busted Crown"}],"items_purged_floors":[22,38,48],"is_endless":false,"potions_floor_spawned":[1,5,12,13,18,33,35,40,45],"ascension_level":6}