{"gold_per_floor":[117,117,137,156,171,171,37,67,102,134,179,210,222,253,265,354,366,394,578,34,47,64,64,8,38,38,58,58],"floor_reached":28,"playtime":1621,"items_purged":["Anger"],"score":604,"play_id":"fe259243-a4f6-499f-9555-6e2fabb33a30","local_time":"20190314130348","is_ascension_mode":true,"campfire_choices":[{"data":"Whirlwind","floor":6,"key":"SMITH"},{"data":"Armaments","floor":15,"key":"SMITH"},{"floor":23,"key":"REST"}],"neow_cost":"NONE","seed_source_timestamp":8277477152219,"circlet_count":0,"master_deck":["AscendersBane","Defend_R","Defend_R","Defend_R","Defend_R","Bash","Heavy Blade","Rampage","Thunderclap","Whirlwind+1","Spot Weakness","Armaments+1","Anger","Pummel","Limit Break","Reaper+1","Barricade+1","Power Through+1","Disarm","Spot Weakness","Shrug It Off"],"relics":["Burning Blood","MawBank","Bronze Scales","Mummified Hand","Astrolabe","OrangePellets","Tiny Chest","infinitespire:FocusingShard","hubris:Spice"],"potions_floor_usage":[8,16,16,21,25,28,28],"damage_taken":[{"damage":3,"enemies":"2 Louse","floor":1,"turns":4},{"damage":1,"enemies":"Cultist","floor":3,"turns":3},{"damage":4,"enemies":"Jaw Worm","floor":4,"turns":3},{"damage":1,"enemies":"Large Slime","floor":5,"turns":5},{"damage":36,"enemies":"Lagavulin","floor":8,"turns":8},{"damage":8,"enemies":"Red Slaver","floor":10,"turns":4},{"damage":20,"enemies":"3 Sentries","floor":11,"turns":4},{"damage":20,"enemies":"Gremlin Gang","floor":12,"turns":4},{"damage":6,"enemies":"Looter","floor":14,"turns":3},{"damage":0,"enemies":"Slime Boss","floor":16,"turns":7},{"damage":38,"enemies":"Spheric Guardian","floor":18,"turns":7},{"damage":12,"enemies":"2 Thieves","floor":21,"turns":4},{"damage":37,"enemies":"Shelled Parasite and Fungi","floor":22,"turns":5},{"damage":32,"enemies":"Gremlin Leader","floor":25,"turns":6},{"damage":36,"enemies":"Snake Plant","floor":27,"turns":4},{"damage":24,"enemies":"Slavers","floor":28,"turns":1}],"seed_played":"-5237921775492624785","potions_obtained":[{"floor":1,"key":"Energy Potion"},{"floor":5,"key":"FearPotion"},{"floor":12,"key":"Energy Potion"},{"floor":22,"key":"Explosive Potion"},{"floor":25,"key":"SpeedPotion"}],"is_trial":false,"path_per_floor":["M","?","M","M","M","R","$","E","T","M","E","M","?","M","R","B",null,"M","?","$","M","M","R","$","E","T","M","E"],"character_chosen":"IRONCLAD","items_purchased":["Spot Weakness","Armaments","Disarm","OrangePellets","Tiny Chest","FearPotion","Fire Potion"],"campfire_rested":1,"item_purchase_floors":[7,7,20,20,20,20,24],"current_hp_per_floor":[78,78,82,82,82,82,82,52,52,50,36,22,22,22,22,28,69,37,37,37,42,11,35,35,30,38,19,0],"gold":58,"neow_bonus":"TEN_PERCENT_HP_BONUS","is_prod":false,"is_daily":false,"chose_seed":false,"campfire_upgraded":2,"win_rate":0,"timestamp":1552565028,"path_taken":["M","?","M","?","M","R","$","E","T","M","E","M","?","M","R","BOSS","M","?","$","M","?","R","?","E","T","M","E"],"build_version":"2019-01-23","purchased_purges":1,"victory":false,"max_hp_per_floor":[82,82,82,82,82,82,82,82,82,82,82,82,82,82,82,82,82,82,82,82,82,82,82,82,82,90,90,90],"card_choices":[{"not_picked":["Reckless Charge","Body Slam"],"picked":"Heavy Blade","floor":1},{"not_picked":["Iron Wave","hubris:SharpeningStone"],"picked":"Rampage","floor":3},{"not_picked":["Pommel Strike","Headbutt"],"picked":"Thunderclap","floor":4},{"not_picked":["True Grit","Dropkick"],"picked":"Whirlwind","floor":5},{"not_picked":["Second Wind","Blood for Blood","Thunderclap"],"picked":"SKIP","floor":8},{"not_picked":["Headbutt","Pommel Strike"],"picked":"Anger","floor":10},{"not_picked":["Flex","Pommel Strike","Rage"],"picked":"SKIP","floor":11},{"not_picked":["True Grit","Flex"],"picked":"Anger","floor":12},{"not_picked":["Flex","Reaper"],"picked":"Pummel","floor":14},{"not_picked":["Impervious","Exhume"],"picked":"Limit Break","floor":16},{"not_picked":["Dual Wield","Burning Pact","Clothesline+1"],"picked":"SKIP","floor":18},{"not_picked":["Havoc","Sentinel"],"picked":"Spot Weakness","floor":21},{"not_picked":["Clash","Body Slam","Hemokinesis"],"picked":"SKIP","floor":22},{"not_picked":["Iron Wave","Berserk"],"picked":"Shrug It Off","floor":25},{"not_picked":["Clash","Cleave","Fire Breathing"],"picked":"SKIP","floor":27}],"player_experience":1418320,"relics_obtained":[{"floor":8,"key":"MawBank"},{"floor":9,"key":"Bronze Scales"},{"floor":25,"key":"infinitespire:FocusingShard"},{"floor":26,"key":"hubris:Spice"}],"event_choices":[{"cards_removed":["Strike_R"],"damage_healed":0,"gold_gain":0,"player_choice":"Purged","damage_taken":0,"max_hp_gain":0,"max_hp_loss":0,"event_name":"Purifier","floor":2,"gold_loss":0},{"damage_healed":0,"gold_gain":0,"player_choice":"Searched \u00272\u0027 times","damage_taken":0,"relics_obtained":["Mummified Hand"],"max_hp_gain":0,"max_hp_loss":0,"event_name":"Dead Adventurer","floor":13,"gold_loss":0},{"cards_removed":["Strike_R"],"damage_healed":0,"gold_gain":0,"player_choice":"Card Removal","damage_taken":0,"max_hp_gain":0,"max_hp_loss":0,"event_name":"Wheel of Change","floor":19,"gold_loss":0}],"is_beta":false,"boss_relics":[{"not_picked":["Black Star","Snecko Eye"],"picked":"Astrolabe"}],"items_purged_floors":[20],"is_endless":false,"potions_floor_spawned":[1,5,12,14,22,25],"killed_by":"Slavers","ascension_level":20}