{"gold_per_floor":[109,40,56,56,66,66,99,99,123,45,45,62,128,31,31,129,129,149,165,178,228,178,196,196,246,271,271,281,331,381,393,393,491,491,506,432,444,206,256,256,306,319,342,406,417,417,467,481,481,481],"floor_reached":51,"playtime":2447,"items_purged":["Strike_G","Strike_G"],"score":942,"play_id":"9ae06262-5f96-4c73-a4a0-807fe531d25d","local_time":"20190905204821","is_ascension_mode":true,"campfire_choices":[{"data":"Crippling Poison","floor":6.0,"key":"SMITH"},{"data":"Neutralize","floor":8.0,"key":"SMITH"},{"data":"Noxious Fumes","floor":11.0,"key":"SMITH"},{"floor":15.0,"key":"REST"},{"floor":24.0,"key":"REST"},{"data":"Catalyst","floor":27.0,"key":"SMITH"},{"floor":32.0,"key":"REST"},{"floor":40,"key":"REST"},{"floor":46,"key":"REST"},{"floor":49,"key":"REST"}],"neow_cost":"NONE","seed_source_timestamp":27309763518800,"circlet_count":0,"master_deck":["Strike_G+1","Strike_G+1","Strike_G+1","Defend_G+1","Defend_G+1","Defend_G+1","Defend_G+1","Defend_G+1","Survivor+1","Neutralize+1","Crippling Poison+1","Bouncing Flask+1","Leg Sweep+1","Noxious Fumes+1","PiercingWail+1","Footwork+1","Burst+1","Noxious Fumes+1","Catalyst+1","Dodge and Roll+1","Venomology+1","Noxious Fumes+1","Backflip+1","Panacea+1","Doubt","Deflect+1","Backflip+1","Blur+1"],"special_seed":0,"relics":["Ring of the Snake","NeowsBlessing","SsserpentHead","Vajra","Happy Flower","Lizard Tail","Oddly Smooth Stone","MutagenicStrength","Cursed Key","Pear","Whetstone","Mark of the Bloom"],"potions_floor_usage":[33,33,37,45,48,50,50],"damage_taken":[{"damage":0.0,"enemies":"Cultist","floor":1.0,"turns":1.0},{"damage":0.0,"enemies":"Jaw Worm","floor":3.0,"turns":1.0},{"damage":0.0,"enemies":"Small Slimes","floor":5.0,"turns":1.0},{"damage":18.0,"enemies":"3 Sentries","floor":7.0,"turns":10.0},{"damage":19.0,"enemies":"Exordium Thugs","floor":12.0,"turns":4.0},{"damage":9.0,"enemies":"2 Fungi Beasts","floor":13.0,"turns":3.0},{"damage":8.0,"enemies":"Hexaghost","floor":16.0,"turns":9.0},{"damage":0.0,"enemies":"3 Byrds","floor":18.0,"turns":2.0},{"damage":24.0,"enemies":"2 Thieves","floor":19.0,"turns":5.0},{"damage":14.0,"enemies":"Shelled Parasite and Fungi","floor":20.0,"turns":7.0},{"damage":22.0,"enemies":"3 Cultists","floor":23.0,"turns":6.0},{"damage":5.0,"enemies":"Snecko","floor":28.0,"turns":6.0},{"damage":3.0,"enemies":"Shelled Parasite and Fungi","floor":31.0,"turns":4.0},{"damage":13,"enemies":"Collector","floor":33,"turns":6},{"damage":0,"enemies":"3 Shapes","floor":35,"turns":3},{"damage":48,"enemies":"3 Darklings","floor":37,"turns":5},{"damage":64,"enemies":"4 Shapes","floor":42,"turns":5},{"damage":6,"enemies":"Spire Growth","floor":44,"turns":6},{"damage":4,"enemies":"Sphere and 2 Shapes","floor":45,"turns":6},{"damage":0,"enemies":"Transient","floor":48,"turns":5},{"damage":34,"enemies":"Time Eater","floor":50,"turns":9}],"seed_played":"-4854987211439403997","potions_obtained":[{"floor":1.0,"key":"GhostInAJar"},{"floor":3.0,"key":"Strength Potion"},{"floor":5.0,"key":"Fire Potion"},{"floor":20.0,"key":"PowerPotion"},{"floor":23.0,"key":"Block Potion"},{"floor":31.0,"key":"Swift Potion"},{"floor":33,"key":"EssenceOfSteel"},{"floor":35,"key":"SkillPotion"}],"is_trial":false,"path_per_floor":["M","$","M","?","M","R","E","R","T","$","R","M","M","$","R","B",null,"M","M","M","?","$","M","R","?","T","R","M","?","?","M","R","B",null,"M","$","M","$","?","R","?","M","T","M","M","R","?","M","R","B",null],"character_chosen":"THE_SILENT","items_purchased":["Bouncing Flask","Noxious Fumes","Footwork","Noxious Fumes","Pear"],"campfire_rested":6,"item_purchase_floors":[2,10,14,36,38],"current_hp_per_floor":[63,63,63,63,63,63,45,45,45,45,45,26,17,17,38,30,60,60,36,22,45,45,23,44,44,44,44,39,26,26,23,45,32,64,64,64,16,26,26,51,51,42,42,36,32,57,57,57,57,23],"gold":481,"neow_bonus":"THREE_ENEMY_KILL","is_prod":false,"is_daily":false,"chose_seed":false,"campfire_upgraded":4,"win_rate":0,"timestamp":1567687701,"path_taken":["M","?","?","?","M","R","E","R","T","$","R","M","?","?","R","BOSS","M","M","M","?","?","M","R","?","T","R","M","?","?","M","R","BOSS","M","$","M","$","?","R","?","M","T","?","M","R","?","M","R","BOSS"],"build_version":"2019-07-17","purchased_purges":2,"victory":true,"max_hp_per_floor":[70,70,70,70,70,70,70,70,70,70,70,70,70,70,70,70,70,70,70,70,70,70,70,70,70,70,70,70,75,75,75,75,75,75,75,75,75,85,85,85,85,85,85,85,85,85,85,85,85,85],"card_choices":[{"not_picked":["Caltrops","Acrobatics"],"picked":"Crippling Poison","floor":1.0},{"not_picked":["Setup","Well Laid Plans","Prepared"],"picked":"SKIP","floor":3.0},{"not_picked":["Dodge and Roll","Quick Slash"],"picked":"Leg Sweep","floor":5.0},{"not_picked":["Quick Slash","Die Die Die","Underhanded Strike"],"picked":"SKIP","floor":7.0},{"not_picked":["Bane","Eviscerate"],"picked":"PiercingWail","floor":12.0},{"not_picked":["Deflect","Crippling Poison","Eviscerate"],"picked":"SKIP","floor":13.0},{"not_picked":["Bullet Time","After Image"],"picked":"Burst","floor":16.0},{"not_picked":["Flying Knee+1","PiercingWail","Well Laid Plans"],"picked":"SKIP","floor":18.0},{"not_picked":["Endless Agony","Setup+1"],"picked":"Noxious Fumes","floor":19.0},{"not_picked":["Dagger Spray","Cloak And Dagger+1","Dash+1"],"picked":"SKIP","floor":20.0},{"not_picked":["Underhanded Strike","Dodge and Roll"],"picked":"Catalyst","floor":23.0},{"not_picked":["Prepared","Dash"],"picked":"Dodge and Roll+1","floor":28.0},{"not_picked":["Dagger Spray","Calculated Gamble+1","Flechettes+1"],"picked":"SKIP","floor":31.0},{"not_picked":["Phantasmal Killer","Wraith Form v2"],"picked":"Venomology","floor":33},{"not_picked":["Bouncing Flask+1","Prepared+1","Backstab"],"picked":"SKIP","floor":35},{"not_picked":["Caltrops","Dagger Throw+1"],"picked":"Backflip+1","floor":37},{"not_picked":["Thinking Ahead","Violence"],"picked":"Panacea","floor":39},{"not_picked":["Flying Knee+1","Poisoned Stab+1","Heel Hook+1"],"picked":"SKIP","floor":42},{"not_picked":["PiercingWail","Setup+1"],"picked":"Deflect+1","floor":44},{"not_picked":["PiercingWail","Leg Sweep"],"picked":"Backflip+1","floor":45},{"not_picked":["Endless Agony","Concentrate+1"],"picked":"Blur+1","floor":48}],"player_experience":301152,"relics_obtained":[{"floor":7.0,"key":"Vajra"},{"floor":9.0,"key":"Happy Flower"},{"floor":26.0,"key":"Oddly Smooth Stone"},{"floor":43,"key":"Whetstone"}],"event_choices":[{"damage_healed":0.0,"max_hp_gain":0.0,"max_hp_loss":0.0,"gold_gain":0.0,"event_name":"FaceTrader","player_choice":"Trade","floor":4.0,"gold_loss":0.0,"damage_taken":0.0,"relics_obtained":["SsserpentHead"]},{"damage_healed":23.0,"max_hp_gain":0.0,"max_hp_loss":0.0,"gold_gain":0.0,"event_name":"The Library","player_choice":"Heal","floor":21.0,"gold_loss":0.0,"damage_taken":0.0},{"damage_healed":0.0,"max_hp_gain":0.0,"max_hp_loss":0.0,"gold_gain":0.0,"event_name":"Vampires","player_choice":"Ignored","floor":25.0,"gold_loss":0.0,"damage_taken":0.0},{"damage_healed":0.0,"max_hp_gain":5.0,"max_hp_loss":0.0,"gold_gain":0.0,"event_name":"Forgotten Altar","player_choice":"Shed Blood","floor":29.0,"gold_loss":0.0,"damage_taken":18.0},{"damage_healed":0.0,"max_hp_gain":0.0,"max_hp_loss":0.0,"gold_gain":0.0,"event_name":"Drug Dealer","player_choice":"Inject Mutagens","floor":30.0,"gold_loss":0.0,"damage_taken":0.0,"relics_obtained":["MutagenicStrength"]},{"damage_healed":0,"gold_gain":0,"player_choice":"Memory 1","damage_taken":0,"max_hp_gain":0,"max_hp_loss":0,"event_name":"SensoryStone","floor":39,"gold_loss":0},{"damage_healed":0,"gold_gain":0,"player_choice":"Forge","damage_taken":0,"max_hp_gain":0,"max_hp_loss":0,"event_name":"Accursed Blacksmith","floor":41,"gold_loss":0,"cards_upgraded":["Footwork"]},{"damage_healed":0,"gold_gain":0,"player_choice":"Upgrade","damage_taken":0,"relics_obtained":["Mark of the Bloom"],"max_hp_gain":0,"max_hp_loss":0,"event_name":"MindBloom","floor":47,"gold_loss":0,"cards_upgraded":["Strike_G","Defend_G","Defend_G","Defend_G","Defend_G","Defend_G","Survivor","Bouncing Flask","Leg Sweep","PiercingWail","Burst","Noxious Fumes","Venomology","Noxious Fumes","Panacea"]}],"is_beta":false,"boss_relics":[{"not_picked":["Tiny House","Runic Dome"],"picked":"Lizard Tail"},{"not_picked":["HoveringKite","Sozu"],"picked":"Cursed Key"}],"items_purged_floors":[14,22],"is_endless":false,"potions_floor_spawned":[1,3,5,13,20,23,31,33,35,48],"ascension_level":7}