{"gold_per_floor":[214,225,56,56,74,87,87,117,169,181,222,184,212,337,349,361],"floor_reached":16,"playtime":671,"items_purged":[],"score":224,"play_id":"8df01a6b-fd67-48f2-97c8-f7d9662d239f","local_time":"20190131225710","is_ascension_mode":true,"campfire_choices":[{"floor":7,"key":"REST"},{"floor":10,"key":"REST"},{"floor":15,"key":"REST"}],"neow_cost":"NONE","seed_source_timestamp":24253747396841,"circlet_count":0,"master_deck":["AscendersBane","Defend_G","Defend_G","Defend_G+1","Defend_G","Defend_G","Strike_G","Strike_G","Strike_G","Strike_G","Strike_G+1","Survivor","Neutralize","Wraith Form v2","Deadly Poison","Quick Slash","infinitespire:Neurotoxin","Calculated Gamble","Burst","Cloak And Dagger"],"relics":["Ring of the Snake","Matryoshka","Shuriken","MawBank","hubris:64BitClover","Letter Opener"],"potions_floor_usage":[6,14],"damage_taken":[{"damage":6,"enemies":"Jaw Worm","floor":1,"turns":7},{"damage":2,"enemies":"2 Louse","floor":2,"turns":3},{"damage":6,"enemies":"Cultist","floor":5,"turns":4},{"damage":4,"enemies":"Blue Slaver","floor":6,"turns":4},{"damage":36,"enemies":"3 Sentries","floor":8,"turns":14},{"damage":15,"enemies":"Lagavulin","floor":11,"turns":6},{"damage":0,"enemies":"2 Fungi Beasts","floor":13,"turns":2},{"damage":7,"enemies":"Large Slime","floor":14,"turns":7},{"damage":20,"enemies":"Hexaghost","floor":16,"turns":9}],"seed_played":"-3942047648524289124","potions_obtained":[{"floor":5,"key":"Swift Potion"},{"floor":8,"key":"Swift Potion"},{"floor":11,"key":"Energy Potion"}],"is_trial":false,"path_per_floor":["M","M","$","?","M","M","R","E","T","R","E","?","M","M","R","B"],"character_chosen":"THE_SILENT","items_purchased":["infinitespire:Neurotoxin"],"campfire_rested":3,"item_purchase_floors":[3],"current_hp_per_floor":[53,51,51,31,25,21,40,4,4,23,8,8,8,1,20,0],"gold":361,"neow_bonus":"ONE_RANDOM_RARE_CARD","is_prod":false,"is_daily":false,"chose_seed":false,"campfire_upgraded":0,"win_rate":0,"timestamp":1548971830,"path_taken":["M","M","$","?","M","M","R","E","T","R","E","?","?","M","R","BOSS"],"build_version":"2019-01-23","purchased_purges":0,"victory":false,"max_hp_per_floor":[66,66,66,66,66,66,66,66,66,66,66,66,66,66,66,66],"card_choices":[{"not_picked":["Prepared","Crippling Poison"],"picked":"Deadly Poison","floor":1},{"not_picked":["Blade Dance","Dagger Throw"],"picked":"Quick Slash","floor":2},{"not_picked":["Deflect","Prepared"],"picked":"Calculated Gamble","floor":5},{"not_picked":["Prepared","Flechettes","Concentrate"],"picked":"SKIP","floor":6},{"not_picked":["Outmaneuver","Blade Dance"],"picked":"Burst","floor":8},{"not_picked":["Underhanded Strike","Dagger Spray","Slice"],"picked":"SKIP","floor":11},{"not_picked":["Dagger Throw","Blur","hubris:SlightOfHand"],"picked":"SKIP","floor":13},{"not_picked":["Quick Slash","Storm of Steel"],"picked":"Cloak And Dagger","floor":14}],"player_experience":1210737,"relics_obtained":[{"floor":8,"key":"Matryoshka"},{"floor":9,"key":"Shuriken"},{"floor":9,"key":"MawBank"},{"floor":11,"key":"hubris:64BitClover"}],"event_choices":[{"damage_healed":0,"gold_gain":0,"player_choice":"Entered Light","damage_taken":20,"max_hp_gain":0,"max_hp_loss":0,"event_name":"Shining Light","floor":4,"gold_loss":0,"cards_upgraded":["Strike_G","Defend_G"]},{"damage_healed":0,"gold_gain":0,"player_choice":"Paid Gold","damage_taken":0,"relics_obtained":["Letter Opener"],"max_hp_gain":0,"max_hp_loss":0,"event_name":"WeMeetAgain","floor":12,"gold_loss":50}],"is_beta":false,"boss_relics":[],"items_purged_floors":[],"is_endless":false,"potions_floor_spawned":[5,8,11],"killed_by":"Hexaghost","ascension_level":20}