{"gold_per_floor":[216,56,69,69,79,79,79,95,118,118,151,164,6,38,38,111,111,127,127,143,143,154,154,187,187,213,213,5,17,37,37],"floor_reached":31,"playtime":1408,"items_purged":["Strike_B","Strike_B"],"score":530,"play_id":"e82cc944-140e-41de-9df5-361a32e06e1b","local_time":"20190924180403","is_ascension_mode":true,"campfire_choices":[{"data":"Zap","floor":6,"key":"SMITH"},{"data":"Doom and Gloom","floor":10,"key":"SMITH"},{"data":"Coolheaded","floor":15,"key":"SMITH"},{"data":"Chill","floor":23,"key":"SMITH"},{"data":"Loop","floor":27,"key":"SMITH"}],"neow_cost":"NONE","seed_source_timestamp":68806391103153,"circlet_count":0,"master_deck":["AscendersBane","Strike_B","Strike_B","Defend_B","Defend_B","Defend_B","Defend_B","Zap+1","Dualcast","Cold Snap","Doom and Gloom+1","Self Repair","Coolheaded+1","Compile Driver","FTL","Hologram","Undo","Core Surge","Darkness+1","Chill+1","Conserve Battery","Loop+1","Defragment","Reinforced Body+1","Defragment"],"relics":["Cracked Core","Ancient Tea Set","Dream Catcher","Membership Card","Philosopher\u0027s Stone","Nloth\u0027s Gift","Peace Pipe","Pen Nib","MealTicket","Medical Kit"],"potions_floor_usage":[20,24,29],"damage_taken":[{"damage":0,"enemies":"2 Louse","floor":1,"turns":2},{"damage":2,"enemies":"Jaw Worm","floor":3,"turns":4},{"damage":1,"enemies":"Small Slimes","floor":5,"turns":4},{"damage":2,"enemies":"Red Slaver","floor":8,"turns":4},{"damage":4,"enemies":"Gremlin Nob","floor":11,"turns":3},{"damage":0,"enemies":"Large Slime","floor":12,"turns":4},{"damage":20,"enemies":"3 Sentries","floor":14,"turns":5},{"damage":30,"enemies":"The Guardian","floor":16,"turns":13},{"damage":0,"enemies":"Chosen","floor":18,"turns":5},{"damage":18,"enemies":"3 Byrds","floor":20,"turns":6},{"damage":22,"enemies":"Centurion and Healer","floor":22,"turns":7},{"damage":40,"enemies":"Slavers","floor":24,"turns":7},{"damage":26,"enemies":"Shelled Parasite and Fungi","floor":29,"turns":4},{"damage":10,"enemies":"Cultist and Chosen","floor":30,"turns":6},{"damage":20,"enemies":"Gremlin Leader","floor":31,"turns":6}],"seed_played":"7575475547781570542","potions_obtained":[{"floor":1,"key":"Swift Potion"},{"floor":5,"key":"Energy Potion"},{"floor":8,"key":"SkillPotion"},{"floor":20,"key":"Energy Potion"},{"floor":29,"key":"Explosive Potion"}],"is_trial":false,"path_per_floor":["M","$","M","?","M","R","?","M","T","R","E","M","$","E","R","B",null,"M","?","M","?","M","R","E","?","T","R","$","M","M","E"],"character_chosen":"DEFECT","items_purchased":["Doom and Gloom","Membership Card","Defragment","Medical Kit","FocusPotion"],"campfire_rested":0,"item_purchase_floors":[2,13,28,28,28],"current_hp_per_floor":[64,64,62,62,68,68,73,76,76,76,76,76,76,63,63,40,67,74,74,63,63,48,48,15,15,15,15,30,11,8,0],"gold":37,"neow_bonus":"HUNDRED_GOLD","is_prod":false,"is_daily":false,"chose_seed":false,"campfire_upgraded":5,"win_rate":0,"timestamp":1569341043,"path_taken":["M","$","M","?","M","R","?","M","T","R","E","M","$","E","R","BOSS","M","?","M","?","?","R","E","?","T","R","$","?","M","E"],"build_version":"2019-09-23","purchased_purges":2,"victory":false,"max_hp_per_floor":[71,71,71,71,71,71,76,76,76,76,76,76,76,76,76,76,76,76,76,76,76,76,76,76,76,76,76,76,76,76,76],"card_choices":[{"not_picked":["Recycle","Compile Driver"],"picked":"Cold Snap","floor":1},{"not_picked":["Hologram","Streamline"],"picked":"Self Repair","floor":3},{"not_picked":["Fusion","Turbo"],"picked":"Coolheaded","floor":5},{"not_picked":["Cold Snap","Storm"],"picked":"Compile Driver","floor":8},{"not_picked":["Stack","Consume"],"picked":"FTL","floor":11},{"not_picked":["Scrape","Auto Shields"],"picked":"Hologram","floor":12},{"not_picked":["Stack","Beam Cell"],"picked":"Undo","floor":14},{"not_picked":["Machine Learning","All For One"],"picked":"Core Surge","floor":16},{"not_picked":["Streamline","Compile Driver"],"picked":"Darkness+1","floor":18},{"not_picked":["Auto Shields","Rebound"],"picked":"Chill","floor":20},{"not_picked":["Chill+1","Cold Snap"],"picked":"Conserve Battery","floor":22},{"not_picked":["Blizzard","Leap"],"picked":"Loop","floor":24},{"not_picked":["Ball Lightning","Fusion"],"picked":"Reinforced Body+1","floor":29},{"not_picked":["Steam","Redo"],"picked":"Defragment","floor":30}],"player_experience":2098193,"relics_obtained":[{"floor":9,"key":"Ancient Tea Set"},{"floor":11,"key":"Dream Catcher"},{"floor":14,"key":"Art of War"},{"floor":24,"key":"Peace Pipe"},{"floor":25,"key":"Pen Nib"},{"floor":26,"key":"MealTicket"}],"event_choices":[{"damage_healed":0,"gold_gain":0,"player_choice":"Ignored","damage_taken":0,"max_hp_gain":0,"max_hp_loss":0,"event_name":"Liars Game","floor":4,"gold_loss":0},{"damage_healed":0,"gold_gain":0,"player_choice":"Donut","damage_taken":0,"max_hp_gain":5,"max_hp_loss":0,"event_name":"Big Fish","floor":7,"gold_loss":0},{"damage_healed":0,"gold_gain":0,"player_choice":"Ignored","damage_taken":0,"max_hp_gain":0,"max_hp_loss":0,"event_name":"The Mausoleum","floor":19,"gold_loss":0},{"damage_healed":0,"gold_gain":0,"player_choice":"Traded Relic","damage_taken":0,"relics_obtained":["Nloth\u0027s Gift"],"max_hp_gain":0,"max_hp_loss":0,"event_name":"N\u0027loth","floor":21,"relics_lost":["Art of War"],"gold_loss":0},{"damage_healed":0,"gold_gain":0,"player_choice":"Relic","damage_taken":0,"max_hp_gain":0,"max_hp_loss":0,"event_name":"Wheel of Change","floor":25,"gold_loss":0}],"is_beta":true,"boss_relics":[{"not_picked":["Velvet Choker","Busted Crown"],"picked":"Philosopher\u0027s Stone"}],"items_purged_floors":[2,28],"is_endless":false,"potions_floor_spawned":[1,5,8,14,20,29],"killed_by":"Gremlin Leader","ascension_level":20}