{"path_per_floor":["M","?","M","$","M","M","E","R","T","R","M","R","?","M","R","B",null,"M","M","?","M","?","R","$","R","T","?","?","M","R","E","R","B",null,"M","?","$","M","M","E","R","?","T","R","$","M","E","M","R"],"character_chosen":"THE_SILENT","items_purchased":["Blood Vial","Terror","War Paint","Skewer"],"gold_per_floor":[116,116,130,55,65,80,111,111,111,111,128,128,128,146,146,243,243,262,278,278,289,289,289,134,134,134,134,134,144,144,177,177,279,279,299,299,72,82,94,120,120,120,172,172,1,19,45,63,63,63],"floor_reached":50,"campfire_rested":3,"playtime":1932,"item_purchase_floors":[24,37,37,45],"current_hp_per_floor":[56,56,56,56,56,56,28,28,28,28,28,28,28,28,28,22,58,45,41,41,41,41,41,41,41,41,41,41,33,33,24,45,19,57,61,61,61,59,51,24,45,45,45,45,45,47,33,34,70,0],"items_purged":["Normality","Regret"],"gold":63,"score":778,"play_id":"4c7bab23-6845-44f4-be92-9ed59d4fd499","local_time":"20180625201754","is_prod":false,"is_daily":false,"chose_seed":false,"is_ascension_mode":true,"campfire_upgraded":8,"win_rate":0,"timestamp":1529950674,"campfire_choices":[{"data":"Neutralize","floor":8,"key":"SMITH"},{"data":"Dash","floor":10,"key":"SMITH"},{"data":"Neutralize","floor":12,"key":"SMITH"},{"data":"Masterful Stab","floor":15,"key":"SMITH"},{"data":"Envenom","floor":23,"key":"SMITH"},{"data":"Noxious Fumes","floor":25,"key":"SMITH"},{"data":"Bouncing Flask","floor":30,"key":"SMITH"},{"floor":32,"key":"REST"},{"floor":41,"key":"REST"},{"data":"Apotheosis","floor":44,"key":"SMITH"},{"floor":49,"key":"REST"}],"path_taken":["M","?","?","$","M","M","E","R","T","R","M","R","?","M","R","BOSS","M","M","?","M","?","R","?","R","T","?","?","M","R","E","R","BOSS","M","?","$","M","M","E","R","?","T","R","$","M","E","M","R","BOSS"],"build_version":"2018-06-21","seed_source_timestamp":2942008012311,"purchased_purges":2,"circlet_count":0,"victory":false,"master_deck":["Defend_G+1","Defend_G","Defend_G","Defend_G+1","Survivor","Neutralize+1","Dash+1","Neutralize+1","Masterful Stab+1","Flying Knee","Dagger Spray+1","Predator","Predator","Die Die Die","Envenom+1","Catalyst+1","Noxious Fumes+1","Bouncing Flask+1","Cloak And Dagger+1","Bite","Bite","Bite","Bite","Bite","Glass Knife","A Thousand Cuts","Quick Slash+1","Terror","Blade Dance+1","Acrobatics+1","Burst","Apotheosis+1","Skewer","Infinite Blades+1","Flying Knee+1","Die Die Die"],"max_hp_per_floor":[70,70,70,70,70,70,70,70,70,70,70,70,70,70,70,70,70,70,70,70,70,70,70,70,70,70,70,70,70,70,70,70,70,70,70,70,70,70,70,70,70,70,70,70,70,70,70,70,70,70],"relics":["Sozu","Happy Flower","Orichalcum","Runic Dome","Gremlin Horn","Mummified Hand","Cursed Key","War Paint","Kunai","Regal Pillow","Matryoshka"],"card_choices":[{"not_picked":["Deadly Poison","Finisher"],"picked":"Dash","floor":1},{"not_picked":["PiercingWail","Quick Slash"],"picked":"Masterful Stab","floor":3},{"not_picked":["Slice","Poisoned Stab"],"picked":"Flying Knee","floor":5},{"not_picked":["Poisoned Stab","Prepared"],"picked":"Dagger Spray","floor":6},{"not_picked":["Riddle With Holes","Dagger Spray"],"picked":"Predator","floor":7},{"not_picked":["Outmaneuver","Setup"],"picked":"Predator","floor":11},{"not_picked":["Reflex","Outmaneuver"],"picked":"Die Die Die","floor":14},{"not_picked":["Wraith Form v2","A Thousand Cuts"],"picked":"Envenom","floor":16},{"not_picked":["Poisoned Stab","Dagger Throw"],"picked":"Catalyst+1","floor":18},{"not_picked":["Underhanded Strike+1","Catalyst"],"picked":"Noxious Fumes","floor":19},{"not_picked":["Masterful Stab","Sucker Punch"],"picked":"Cloak And Dagger+1","floor":21},{"not_picked":["Concentrate","Dagger Spray"],"picked":"Glass Knife","floor":29},{"not_picked":["Dash","Blur+1"],"picked":"Footwork","floor":31},{"not_picked":["Die Die Die","Grand Finale"],"picked":"A Thousand Cuts","floor":33},{"not_picked":["Endless Agony+1","Setup"],"picked":"Quick Slash+1","floor":35},{"not_picked":["Flying Knee","Backflip"],"picked":"Blade Dance+1","floor":38},{"not_picked":["Flying Knee+1","Dagger Spray"],"picked":"Acrobatics+1","floor":39},{"not_picked":["Flying Knee+1","Sucker Punch+1"],"picked":"Burst","floor":40},{"not_picked":["Madness","Swift Strike"],"picked":"Apotheosis","floor":42},{"not_picked":["Cloak And Dagger+1","Sucker Punch"],"picked":"Infinite Blades+1","floor":46},{"not_picked":["Outmaneuver","Underhanded Strike"],"picked":"Flying Knee+1","floor":47},{"not_picked":["Prepared+1","Flying Knee"],"picked":"Die Die Die","floor":48}],"player_experience":368918,"potions_floor_usage":[],"damage_taken":[{"damage":7,"enemies":"Small Slimes","floor":1,"turns":6},{"damage":0,"enemies":"Cultist","floor":3,"turns":4},{"damage":0,"enemies":"2 Louse","floor":5,"turns":2},{"damage":0,"enemies":"Exordium Thugs","floor":6,"turns":5},{"damage":28,"enemies":"Lagavulin","floor":7,"turns":7},{"damage":0,"enemies":"Large Slime","floor":11,"turns":4},{"damage":0,"enemies":"Blue Slaver","floor":14,"turns":2},{"damage":6,"enemies":"Hexaghost","floor":16,"turns":9},{"damage":13,"enemies":"Chosen","floor":18,"turns":4},{"damage":4,"enemies":"3 Byrds","floor":19,"turns":5},{"damage":0,"enemies":"Snecko","floor":21,"turns":4},{"damage":18,"enemies":"Sentry and Sphere","floor":29,"turns":4},{"damage":19,"enemies":"Book of Stabbing","floor":31,"turns":5},{"damage":42,"enemies":"Champ","floor":33,"turns":9},{"damage":4,"enemies":"Orb Walker","floor":35,"turns":4},{"damage":10,"enemies":"3 Darklings","floor":38,"turns":3},{"damage":18,"enemies":"Maw","floor":39,"turns":5},{"damage":43,"enemies":"Giant Head","floor":40,"turns":7},{"damage":10,"enemies":"Transient","floor":46,"turns":5},{"damage":23,"enemies":"2 Orb Walkers","floor":47,"turns":4},{"damage":3,"enemies":"4 Shapes","floor":48,"turns":4},{"damage":88,"enemies":"Donu and Deca","floor":50,"turns":5}],"relics_obtained":[{"floor":7,"key":"Happy Flower"},{"floor":9,"key":"Orichalcum"},{"floor":26,"key":"Gremlin Horn"},{"floor":31,"key":"Mummified Hand"},{"floor":40,"key":"Kunai"},{"floor":43,"key":"Regal Pillow"},{"floor":47,"key":"Matryoshka"}],"event_choices":[{"event_name":"Match and Keep!","player_choice":"2 cards matched","floor":2,"damage_taken":0},{"event_name":"Accursed Blacksmith","player_choice":"Forge","floor":13,"damage_taken":0},{"event_name":"The Library","player_choice":"Read","floor":20,"damage_taken":0},{"event_name":"The Lab","player_choice":"Got Potions","floor":22,"damage_taken":0},{"event_name":"Vampires","player_choice":"Became a vampire (Vial)","floor":27,"damage_taken":0},{"event_name":"Back to Basics","player_choice":"Elegance","floor":28,"damage_taken":0},{"event_name":"Falling","player_choice":"Removed Power","floor":36,"damage_taken":0},{"event_name":"SensoryStone","player_choice":"Memory 1","floor":42,"damage_taken":0}],"boss_relics":[{"not_picked":["Astrolabe","White Beast Statue"],"picked":"Runic Dome"},{"not_picked":["Snecko Eye","Velvet Choker"],"picked":"Cursed Key"}],"items_purged_floors":[4,45],"is_endless":false,"potions_floor_spawned":[5,7,11,16,18,29,33,35,47,48],"seed_played":"-4860245672616823498","killed_by":"Donu and Deca","ascension_level":8,"potions_obtained":[],"is_trial":false}