{"gold_per_floor":[209,359,378,33,108,108,119,150,150,184,184,202,214,214,214,214],"floor_reached":16,"playtime":648,"items_purged":["Doubt"],"score":220,"play_id":"170f1d9a-59d5-4faf-b7a2-a7148b897dbe","local_time":"20190214174053","is_ascension_mode":true,"campfire_choices":[{"data":"Neutralize","floor":6,"key":"SMITH"},{"floor":15,"key":"REST"}],"neow_cost":"NONE","seed_source_timestamp":22822080241176,"circlet_count":0,"master_deck":["AscendersBane","Defend_G","Defend_G","Defend_G","Defend_G","Defend_G","Strike_G","Strike_G","Strike_G","Strike_G","Strike_G","Survivor","Neutralize+1","Quick Slash","Quick Slash","Dramatic Entrance","PiercingWail","Bouncing Flask","Well Laid Plans","Dodge and Roll"],"relics":["Ring of the Snake","Anchor","Tingsha","Girya","Regal Pillow"],"potions_floor_usage":[8,8,16],"damage_taken":[{"damage":3,"enemies":"Jaw Worm","floor":1,"turns":5},{"damage":1,"enemies":"Small Slimes","floor":3,"turns":7},{"damage":0,"enemies":"2 Louse","floor":7,"turns":2},{"damage":18,"enemies":"Gremlin Nob","floor":8,"turns":4},{"damage":21,"enemies":"3 Sentries","floor":10,"turns":10},{"damage":0,"enemies":"Looter","floor":12,"turns":3},{"damage":0,"enemies":"3 Louse","floor":13,"turns":4},{"damage":46,"enemies":"Slime Boss","floor":16,"turns":10}],"seed_played":"-363258059641943062","potions_obtained":[{"floor":1,"key":"Poison Potion"},{"floor":3,"key":"LiquidBronze"},{"floor":7,"key":"Block Potion"},{"floor":12,"key":"SteroidPotion"}],"is_trial":false,"path_per_floor":["M","?","M","$","?","R","M","E","T","E","?","M","M","?","R","B"],"character_chosen":"THE_SILENT","items_purchased":["Anchor","Dramatic Entrance"],"campfire_rested":1,"item_purchase_floors":[4,4],"current_hp_per_floor":[56,56,55,55,44,44,44,26,26,5,5,5,5,5,39,0],"gold":214,"neow_bonus":"HUNDRED_GOLD","is_prod":false,"is_daily":false,"chose_seed":false,"campfire_upgraded":1,"win_rate":0,"timestamp":1550162453,"path_taken":["M","?","M","$","?","R","M","E","T","E","?","M","M","?","R","BOSS"],"build_version":"2019-01-23","purchased_purges":1,"victory":false,"max_hp_per_floor":[66,66,66,66,66,66,66,66,66,66,66,66,66,66,66,66],"card_choices":[{"not_picked":["Reflex","Cloak And Dagger"],"picked":"Quick Slash","floor":1},{"not_picked":["Masterful Stab","Slice"],"picked":"Quick Slash","floor":3},{"not_picked":["Predator","Flying Knee"],"picked":"PiercingWail","floor":7},{"not_picked":["Terror","Predator"],"picked":"Bouncing Flask","floor":8},{"not_picked":["Infinite Blades","Flechettes"],"picked":"Well Laid Plans","floor":10},{"not_picked":["Acrobatics","Heel Hook","Riddle With Holes"],"picked":"SKIP","floor":12},{"not_picked":["Reflex","Bane"],"picked":"Dodge and Roll","floor":13}],"player_experience":1272415,"relics_obtained":[{"floor":8,"key":"Tingsha"},{"floor":9,"key":"Girya"},{"floor":10,"key":"Regal Pillow"}],"event_choices":[{"damage_healed":0,"gold_gain":150,"player_choice":"AGREE","damage_taken":0,"max_hp_gain":0,"max_hp_loss":0,"event_name":"Liars Game","floor":2,"gold_loss":0,"cards_obtained":["Doubt"]},{"damage_healed":0,"gold_gain":75,"player_choice":"Gather Gold","damage_taken":11,"max_hp_gain":0,"max_hp_loss":0,"event_name":"World of Goop","floor":5,"gold_loss":0},{"damage_healed":0,"gold_gain":0,"player_choice":"Ignored","damage_taken":0,"max_hp_gain":0,"max_hp_loss":0,"event_name":"Golden Wing","floor":11,"gold_loss":0},{"damage_healed":0,"gold_gain":0,"player_choice":"Fled","damage_taken":0,"max_hp_gain":0,"max_hp_loss":0,"event_name":"Scrap Ooze","floor":14,"gold_loss":0}],"is_beta":false,"boss_relics":[],"items_purged_floors":[4],"is_endless":false,"potions_floor_spawned":[1,3,7,12],"killed_by":"Slime Boss","ascension_level":20}