{"gold_per_floor":[113,37,47,47,65,65,94,94,94,94,110,110,136,136,136,234,234,250,265,276,276,276,276],"floor_reached":23,"playtime":1328,"items_purged":[],"score":284,"play_id":"8753f4e2-509c-4164-9beb-957c828a5ba9","local_time":"20190326085747","is_ascension_mode":true,"campfire_choices":[{"floor":6,"key":"REST"},{"data":"Zap","floor":8,"key":"SMITH"},{"data":"Dualcast","floor":10,"key":"SMITH"},{"data":"Heatsinks","floor":12,"key":"SMITH"},{"data":"Defragment","floor":15,"key":"SMITH"}],"neow_cost":"PERCENT_DAMAGE","seed_source_timestamp":77829370557901,"circlet_count":0,"master_deck":["Strike_B+1","Strike_B+1","Defend_B+1","Defend_B+1","Defend_B+1","Defend_B+1","Zap+1","Dualcast+1","Auto Shields","Cold Snap+1","Defragment+1","Ball Lightning","Heatsinks+1","Loop","Machine Learning","Echo Form","Storm+1","BootSequence","Steam Power","Pain"],"relics":["Cracked Core","Mango","Bottled Tornado","Strawberry","Runic Dome"],"potions_floor_usage":[7,7,11,23],"damage_taken":[{"damage":0,"enemies":"Small Slimes","floor":1,"turns":3},{"damage":7,"enemies":"2 Louse","floor":3,"turns":3},{"damage":0,"enemies":"Cultist","floor":5,"turns":3},{"damage":3,"enemies":"Gremlin Nob","floor":7,"turns":5},{"damage":5,"enemies":"Gremlin Gang","floor":11,"turns":3},{"damage":16,"enemies":"Lagavulin","floor":13,"turns":5},{"damage":2,"enemies":"Slime Boss","floor":16,"turns":9},{"damage":12,"enemies":"Chosen","floor":18,"turns":4},{"damage":7,"enemies":"3 Byrds","floor":19,"turns":4},{"damage":4,"enemies":"Cultist and Chosen","floor":20,"turns":5},{"damage":73,"enemies":"Gremlin Leader","floor":23,"turns":7}],"seed_played":"-3911235923860331450","potions_obtained":[{"floor":1,"key":"Weak Potion"},{"floor":5,"key":"Fruit Juice"},{"floor":7,"key":"Explosive Potion"},{"floor":18,"key":"Weak Potion"},{"floor":19,"key":"Block Potion"}],"is_trial":false,"path_per_floor":["M","$","M","?","M","R","E","R","T","R","M","R","E","?","R","B",null,"M","M","M","?","?","E"],"character_chosen":"DEFECT","items_purchased":["Defragment"],"campfire_rested":1,"item_purchase_floors":[2],"current_hp_per_floor":[50,50,43,28,28,50,66,66,66,66,61,61,52,77,77,75,95,83,76,72,72,72,0],"gold":276,"neow_bonus":"TRANSFORM_TWO_CARDS","is_prod":false,"is_daily":false,"chose_seed":false,"campfire_upgraded":4,"win_rate":0,"timestamp":1553615867,"path_taken":["M","$","M","?","M","R","E","R","T","R","M","R","E","?","R","BOSS","M","M","M","?","?","E"],"build_version":"2019-01-23","purchased_purges":0,"victory":false,"max_hp_per_floor":[75,75,75,75,75,75,94,94,94,94,94,94,101,101,101,101,101,101,101,101,101,98,98],"card_choices":[{"not_picked":["Hello World","Static Discharge"],"picked":"Cold Snap","floor":1},{"not_picked":["Barrage","Redo"],"picked":"Ball Lightning","floor":3},{"not_picked":["Static Discharge","Stack","Glacier"],"picked":"SKIP","floor":5},{"not_picked":["Sunder","Cold Snap"],"picked":"Heatsinks","floor":7},{"not_picked":["Sweeping Beam","Conserve Battery"],"picked":"Loop","floor":11},{"not_picked":["Turbo","Static Discharge"],"picked":"Machine Learning","floor":13},{"not_picked":["All For One","Seek"],"picked":"Echo Form","floor":16},{"not_picked":["Leap+1","FTL+1"],"picked":"Storm+1","floor":18},{"not_picked":["Consume","Barrage+1"],"picked":"BootSequence","floor":19},{"not_picked":["Cold Snap","Steam","Undo"],"picked":"SKIP","floor":20}],"player_experience":428224,"relics_obtained":[{"floor":7,"key":"Mango"},{"floor":9,"key":"Bottled Tornado"},{"floor":13,"key":"Strawberry"}],"event_choices":[{"damage_healed":0,"gold_gain":0,"player_choice":"Entered Light","damage_taken":15,"max_hp_gain":0,"max_hp_loss":0,"event_name":"Shining Light","floor":4,"gold_loss":0,"cards_upgraded":["Meteor Strike","Cold Snap"]},{"damage_healed":25,"gold_gain":0,"player_choice":"Healed and dodged fight","damage_taken":0,"max_hp_gain":0,"max_hp_loss":0,"event_name":"Mushrooms","floor":14,"gold_loss":0,"cards_obtained":["Parasite"]},{"damage_healed":0,"gold_gain":0,"player_choice":"Simplicity","damage_taken":0,"max_hp_gain":0,"max_hp_loss":0,"event_name":"Back to Basics","floor":21,"gold_loss":0,"cards_upgraded":["Strike_B","Strike_B","Defend_B","Defend_B","Defend_B","Defend_B"]},{"damage_healed":0,"gold_gain":0,"cards_transformed":["Meteor Strike","Parasite"],"player_choice":"Became Test Subject","damage_taken":0,"max_hp_gain":0,"max_hp_loss":0,"event_name":"Drug Dealer","floor":22,"gold_loss":0,"cards_obtained":["Steam Power","Pain"]}],"is_beta":false,"boss_relics":[{"not_picked":["Empty Cage","Orrery"],"picked":"Runic Dome"}],"items_purged_floors":[],"is_endless":false,"potions_floor_spawned":[1,5,7,18,19],"killed_by":"Gremlin Leader","ascension_level":6}