{"gold_per_floor":[117,217,217,228,245,245,245,245,324,343,368,368,399,128,128,230,230,243,243,243,255,255,215,215,247,318,318,382,401,95,95],"floor_reached":31,"playtime":963,"items_purged":[],"score":486,"play_id":"f05064d6-0032-40fe-bd6c-8c6e904ebc58","local_time":"20180923223414","is_ascension_mode":true,"campfire_choices":[{"data":"Uppercut","floor":6,"key":"SMITH"},{"data":"Perfected Strike","floor":8,"key":"SMITH"},{"data":"Perfected Strike","floor":12,"key":"SMITH"},{"data":"Demon Form","floor":15,"key":"SMITH"},{"data":"Immolate","floor":24,"key":"SMITH"},{"floor":27,"key":"REST"}],"neow_cost":"NONE","seed_source_timestamp":44231477395795,"circlet_count":0,"master_deck":["Strike_R","Strike_R","Strike_R","Strike_R","Strike_R","Defend_R","Defend_R","Defend_R","Defend_R","Bash","AscendersBane","Uppercut+1","Perfected Strike+1","Clash","Perfected Strike+1","Thunderclap","Demon Form+1","Heavy Blade+1","Sword Boomerang","Spot Weakness","Immolate+1","Sword Boomerang","Spot Weakness","Shrug It Off","Immolate","Twin Strike+1"],"relics":["Burning Blood","Nunchaku","Gremlin Horn","Pantograph","Sundial","PreservedInsect","Black Star","Matryoshka","Peace Pipe","Thread and Needle","Pen Nib","Ornamental Fan","Dream Catcher","Tiny Chest","Magic Flower"],"potions_floor_usage":[18,25,31],"damage_taken":[{"damage":11,"enemies":"Jaw Worm","floor":1,"turns":4},{"damage":6,"enemies":"Cultist","floor":4,"turns":3},{"damage":4,"enemies":"Small Slimes","floor":5,"turns":3},{"damage":7,"enemies":"Exordium Wildlife","floor":10,"turns":4},{"damage":0,"enemies":"Gremlin Nob","floor":11,"turns":2},{"damage":19,"enemies":"3 Sentries","floor":13,"turns":6},{"damage":38,"enemies":"Slime Boss","floor":16,"turns":7},{"damage":11,"enemies":"Spheric Guardian","floor":18,"turns":3},{"damage":44,"enemies":"2 Thieves","floor":21,"turns":3},{"damage":29,"enemies":"Book of Stabbing","floor":25,"turns":4},{"damage":39,"enemies":"Slavers","floor":28,"turns":3},{"damage":0,"enemies":"Centurion and Healer","floor":29,"turns":4},{"damage":20,"enemies":"Snake Plant","floor":31,"turns":2}],"seed_played":"7632629904301063792","potions_obtained":[{"floor":1,"key":"AttackPotion"},{"floor":16,"key":"Poison Potion"},{"floor":29,"key":"FearPotion"}],"is_trial":false,"path_per_floor":["M","?","?","M","M","R","?","R","T","M","E","R","E","$","R","B",null,"M","?","?","M","T","?","R","E","T","R","E","M","$"],"character_chosen":"IRONCLAD","items_purchased":["Heavy Blade","Sword Boomerang","PreservedInsect","Spot Weakness","Magic Flower"],"campfire_rested":1,"item_purchase_floors":[14,14,14,14,30],"current_hp_per_floor":[75,75,72,72,74,74,79,79,79,78,84,84,71,71,71,61,85,80,80,80,42,42,42,42,19,19,46,13,19,19,0],"gold":95,"neow_bonus":"TEN_PERCENT_HP_BONUS","is_prod":false,"is_daily":false,"chose_seed":false,"campfire_upgraded":5,"win_rate":0,"timestamp":1537734854,"path_taken":["M","?","?","M","M","R","?","R","T","M","E","R","E","$","R","BOSS","M","?","?","?","?","?","R","E","T","R","E","M","$","M"],"build_version":"2018-09-20","purchased_purges":0,"victory":false,"max_hp_per_floor":[88,88,88,88,88,88,93,93,93,93,93,93,93,93,93,93,93,93,93,93,93,93,93,93,93,93,93,93,93,93,93],"card_choices":[{"not_picked":["Fire Breathing","Pommel Strike"],"picked":"Uppercut","floor":1},{"not_picked":["Metallicize","Pummel"],"picked":"Perfected Strike","floor":4},{"not_picked":["Shockwave","True Grit"],"picked":"Clash","floor":5},{"not_picked":["Warcry","Sever Soul"],"picked":"Perfected Strike","floor":10},{"not_picked":["Pommel Strike","Infernal Blade"],"picked":"Thunderclap","floor":11},{"not_picked":["Havoc","Corruption"],"picked":"Demon Form","floor":13},{"not_picked":["Bludgeon","Exhume"],"picked":"Immolate","floor":16},{"not_picked":["Rage","Power Through"],"picked":"Sword Boomerang","floor":18},{"not_picked":["Thunderclap","Bloodletting"],"picked":"Shrug It Off","floor":21},{"not_picked":["Dark Embrace","Shrug It Off"],"picked":"Immolate","floor":25},{"not_picked":["Spot Weakness","Thunderclap","Combust"],"picked":"SKIP","floor":28},{"not_picked":["Hemokinesis","Sentinel"],"picked":"Twin Strike+1","floor":29}],"player_experience":500894,"relics_obtained":[{"floor":9,"key":"Gremlin Horn"},{"floor":11,"key":"Pantograph"},{"floor":13,"key":"Sundial"},{"floor":22,"key":"Matryoshka"},{"floor":25,"key":"Peace Pipe"},{"floor":25,"key":"Thread and Needle"},{"floor":26,"key":"Pen Nib"},{"floor":26,"key":"Ornamental Fan"},{"floor":28,"key":"Dream Catcher"},{"floor":28,"key":"Tiny Chest"}],"event_choices":[{"event_name":"Golden Shrine","player_choice":"Pray","floor":2,"damage_taken":0},{"event_name":"Scrap Ooze","player_choice":"success","floor":3,"damage_taken":3},{"event_name":"Big Fish","player_choice":"Donut","floor":7,"damage_taken":0},{"event_name":"Vampires","player_choice":"Ignored","floor":19,"damage_taken":0},{"event_name":"The Library","player_choice":"Read","floor":20,"damage_taken":0},{"event_name":"Designer","player_choice":"Upgrade Card","floor":23,"damage_taken":0}],"is_beta":true,"boss_relics":[{"not_picked":["Calling Bell","Ectoplasm"],"picked":"Black Star"}],"items_purged_floors":[],"is_endless":false,"potions_floor_spawned":[1,16,29],"killed_by":"Snake Plant","ascension_level":12}