{"gold_per_floor":[114,132,0,0,0,26,41,71,71,90,0,0,0,41,41,131,131,131,131,131,0,0,0,0,0,0,0,0,0,0,0,0,0,0,0,0,0,0,0],"floor_reached":39,"playtime":1569,"items_purged":[],"score":963,"play_id":"3ff4d510-29e5-4457-b825-14a8f0198e33","local_time":"20190316202721","is_ascension_mode":true,"campfire_choices":[{"floor":12,"key":"REST"},{"data":"Noxious Fumes","floor":15,"key":"SMITH"},{"floor":23,"key":"REST"},{"data":"Wraith Form v2","floor":25,"key":"SMITH"},{"data":"Footwork","floor":30,"key":"SMITH"},{"floor":32,"key":"REST"}],"neow_cost":"NONE","seed_source_timestamp":45137978980417,"circlet_count":0,"master_deck":["AscendersBane","Defend_G","Defend_G","Defend_G","Defend_G","Defend_G","Strike_G","Strike_G","Strike_G","Strike_G","Survivor","Neutralize","PiercingWail","Poisoned Stab","Footwork+1","Backflip","Corpse Explosion","Backflip","Sucker Punch+1","Flying Knee+1","Noxious Fumes+1","PiercingWail","Wraith Form v2+1","Noxious Fumes","Catalyst","Noxious Fumes","Backflip","Footwork+1","Night Terror","Footwork","Wraith Form v2+1","Footwork+1"],"special_seed":0,"relics":["Ring of the Snake","NeowsBlessing","Dodecahedron","Tough Bandages","Molten Egg 2","Incense Burner","Bloody Idol","Sundial","Ectoplasm","Paper Crane","Pear","Runic Pyramid"],"potions_floor_usage":[16,27,33],"damage_taken":[{"damage":0.0,"enemies":"Small Slimes","floor":1.0,"turns":1.0},{"damage":0.0,"enemies":"Jaw Worm","floor":2.0,"turns":1.0},{"damage":0.0,"enemies":"Gremlin Nob","floor":6.0,"turns":1.0},{"damage":0.0,"enemies":"Cultist","floor":7.0,"turns":4.0},{"damage":20,"enemies":"3 Sentries","floor":8,"turns":4},{"damage":1,"enemies":"Blue Slaver","floor":10,"turns":6},{"damage":10,"enemies":"Lagavulin","floor":14,"turns":8},{"damage":10,"enemies":"The Guardian","floor":16,"turns":11},{"damage":20,"enemies":"3 Byrds","floor":18,"turns":4},{"damage":13,"enemies":"Chosen","floor":19,"turns":6},{"damage":4,"enemies":"Shelled Parasite and Fungi","floor":24,"turns":6},{"damage":12,"enemies":"Cultist and Chosen","floor":27,"turns":5},{"damage":5,"enemies":"Gremlin Leader","floor":28,"turns":7},{"damage":16,"enemies":"Sentry and Sphere","floor":31,"turns":7},{"damage":22,"enemies":"Champ","floor":33,"turns":12},{"damage":21,"enemies":"3 Shapes","floor":35,"turns":5},{"damage":2,"enemies":"Orb Walker","floor":37,"turns":5},{"damage":29,"enemies":"Transient","floor":38,"turns":6},{"damage":8,"enemies":"4 Shapes","floor":39,"turns":1}],"seed_played":"4645141475714020903","potions_obtained":[{"floor":7.0,"key":"Block Potion"},{"floor":10,"key":"GamblersBrew"},{"floor":16,"key":"Energy Potion"},{"floor":31,"key":"Dexterity Potion"},{"floor":33,"key":"Strength Potion"}],"is_trial":false,"path_per_floor":["M","M","$","?","?","E","M","E","T","M","$","R","?","E","R","B",null,"M","M","?","$","?","R","M","R","T","M","E","?","R","M","R","B",null,"M","?","M","M","M"],"character_chosen":"THE_SILENT","items_purchased":["Footwork","Backflip","Noxious Fumes","Catalyst","SkillPotion"],"campfire_rested":3,"item_purchase_floors":[3,3,11,21,21],"current_hp_per_floor":[59,59,59,52,34,34,34,14,14,13,13,32,32,22,22,12,48,28,15,15,15,15,33,29,29,29,17,22,22,22,6,27,5,54,33,33,31,2,0],"gold":0,"neow_bonus":"THREE_ENEMY_KILL","is_prod":false,"is_daily":false,"chose_seed":false,"campfire_upgraded":3,"win_rate":0,"timestamp":1552764441,"path_taken":["M","M","$","?","?","E","M","E","T","M","$","R","?","E","R","BOSS","M","M","?","$","?","R","M","R","T","M","E","?","R","?","R","BOSS","M","?","M","?","M"],"build_version":"2019-01-23","purchased_purges":0,"victory":false,"max_hp_per_floor":[66,66,66,66,66,66,66,66,66,66,66,66,60,60,60,60,60,60,60,60,60,60,60,60,60,60,60,70,70,70,70,70,70,70,70,70,70,70,70],"card_choices":[{"not_picked":["Underhanded Strike","Masterful Stab"],"picked":"PiercingWail","floor":1.0},{"not_picked":["Slice","Dagger Spray"],"picked":"Poisoned Stab","floor":2.0},{"not_picked":["Dagger Spray","Dagger Throw"],"picked":"Corpse Explosion","floor":6.0},{"not_picked":["Blade Dance","Sucker Punch"],"picked":"Backflip","floor":7.0},{"not_picked":["Infinite Blades","Prepared"],"picked":"Sucker Punch","floor":8},{"not_picked":["Finisher+1","Quick Slash+1"],"picked":"Flying Knee+1","floor":10},{"not_picked":["Slice+1","Outmaneuver"],"picked":"PiercingWail","floor":14},{"not_picked":["Corpse Explosion","Storm of Steel"],"picked":"Wraith Form v2","floor":16},{"not_picked":["Dagger Spray+1","Acrobatics","Dagger Throw+1"],"picked":"SKIP","floor":18},{"not_picked":["Flying Knee+1","All Out Attack+1"],"picked":"Noxious Fumes","floor":19},{"not_picked":["Flying Knee+1","Deflect"],"picked":"Noxious Fumes","floor":24},{"not_picked":["Flechettes+1","Reflex"],"picked":"Backflip","floor":27},{"not_picked":["Glass Knife+1","Slice+1","Riddle With Holes+1"],"picked":"SKIP","floor":28},{"not_picked":["Quick Slash+1","Deflect"],"picked":"Footwork+1","floor":31},{"not_picked":["Storm of Steel","Malaise"],"picked":"Night Terror","floor":33},{"not_picked":["Flying Knee+1","Escape Plan"],"picked":"Footwork","floor":35},{"not_picked":["Caltrops","Skewer+1"],"picked":"Footwork+1","floor":37},{"not_picked":["Dagger Throw+1","Acrobatics","Bane+1"],"picked":"SKIP","floor":38}],"player_experience":1425110,"relics_obtained":[{"floor":6.0,"key":"Tough Bandages"},{"floor":8,"key":"Molten Egg 2"},{"floor":9,"key":"Incense Burner"},{"floor":14,"key":"Sundial"},{"floor":26,"key":"Paper Crane"},{"floor":28,"key":"Pear"}],"event_choices":[{"cards_removed":["Strike_G"],"damage_healed":0.0,"max_hp_gain":0.0,"max_hp_loss":0.0,"gold_gain":0.0,"event_name":"Golden Wing","player_choice":"Card Removal","floor":4.0,"gold_loss":0.0,"damage_taken":7.0},{"damage_healed":0.0,"max_hp_gain":0.0,"max_hp_loss":0.0,"gold_gain":0.0,"event_name":"Scrap Ooze","player_choice":"Success","floor":5.0,"gold_loss":0.0,"damage_taken":18.0,"relics_obtained":["Dodecahedron"]},{"damage_healed":0,"gold_gain":0,"player_choice":"Lose Max HP","damage_taken":0,"relics_obtained":["Golden Idol"],"max_hp_gain":0,"max_hp_loss":6,"event_name":"Golden Idol","floor":13,"gold_loss":0},{"damage_healed":0,"gold_gain":0,"player_choice":"Gave Idol","damage_taken":0,"relics_obtained":["Bloody Idol"],"max_hp_gain":0,"max_hp_loss":0,"event_name":"Forgotten Altar","floor":20,"relics_lost":["Golden Idol"],"gold_loss":0},{"damage_healed":0,"gold_gain":0,"player_choice":"Ignored","damage_taken":0,"max_hp_gain":0,"max_hp_loss":0,"event_name":"Beggar","floor":22,"gold_loss":0},{"damage_healed":0,"gold_gain":0,"player_choice":"Ignored","damage_taken":0,"max_hp_gain":0,"max_hp_loss":0,"event_name":"The Mausoleum","floor":29,"gold_loss":0},{"damage_healed":0,"gold_gain":0,"player_choice":"Copied","damage_taken":0,"max_hp_gain":0,"max_hp_loss":0,"event_name":"Duplicator","floor":36,"gold_loss":0,"cards_obtained":["Wraith Form v2"]}],"is_beta":false,"boss_relics":[{"not_picked":["Coffee Dripper","WristBlade"],"picked":"Ectoplasm"},{"not_picked":["Busted Crown","Snecko Eye"],"picked":"Runic Pyramid"}],"items_purged_floors":[],"is_endless":false,"potions_floor_spawned":[7,10,16,24,31,33],"killed_by":"4 Shapes","ascension_level":20}