{"path_per_floor":["M","M","$","?","M","E","M","R","T","R","M","?","E"],"character_chosen":"IRONCLAD","items_purchased":["Bandage Up"],"gold_per_floor":[110,120,13,13,27,68,88,88,111,111,131,131,174,174],"floor_reached":14,"campfire_rested":1,"playtime":894,"item_purchase_floors":[3],"current_hp_per_floor":[69,68,68,48,55,39,28,54,54,54,59,56,30,0],"items_purged":[],"gold":174,"score":135,"play_id":"982200d7-4c3e-41e1-a0a7-e3d8efe4493f","local_time":"20180529215612","is_prod":false,"is_daily":false,"chose_seed":false,"is_ascension_mode":true,"campfire_upgraded":1,"win_rate":0,"timestamp":1527623772,"campfire_choices":[{"floor":8,"key":"REST"},{"data":"Intimidate","floor":10,"key":"SMITH"}],"path_taken":["M","M","$","?","M","E","M","R","T","R","M","?","E","?"],"build_version":"2018-05-28","seed_source_timestamp":45164282180351,"purchased_purges":0,"victory":false,"master_deck":["Strike_R","Strike_R","Strike_R","Strike_R","Strike_R","Defend_R","Defend_R","Defend_R","Defend_R","Bash","Iron Wave","Clothesline","Bandage Up","Heavy Blade","Intimidate+1","Power Through","Cleave","Twin Strike"],"max_hp_per_floor":[80,80,80,80,80,87,87,87,87,87,87,87,87,87],"relics":["Burning Blood","Golden Idol","Strawberry","Singing Bowl","Bronze Scales","Boot"],"card_choices":[{"not_picked":["Blood for Blood","Pummel"],"picked":"Iron Wave","floor":1},{"not_picked":["Reckless Charge","Thunderclap"],"picked":"Clothesline","floor":2},{"not_picked":["True Grit","Headbutt"],"picked":"Heavy Blade","floor":5},{"not_picked":["Entrench","Clothesline"],"picked":"Intimidate","floor":6},{"not_picked":["Sentinel","Dual Wield"],"picked":"Power Through","floor":7},{"not_picked":["Dropkick","Twin Strike"],"picked":"Cleave","floor":11},{"not_picked":["Blood for Blood","Reckless Charge"],"picked":"Twin Strike","floor":13}],"player_experience":249368,"potions_floor_usage":[7,7,11,13],"damage_taken":[{"damage":9,"enemies":"2 Louse","floor":1,"turns":3},{"damage":7,"enemies":"Small Slimes","floor":2,"turns":4},{"damage":3,"enemies":"Cultist","floor":5,"turns":5},{"damage":33,"enemies":"3 Sentries","floor":6,"turns":9},{"damage":21,"enemies":"Lots of Slimes","floor":7,"turns":4},{"damage":5,"enemies":"2 Fungi Beasts","floor":11,"turns":4},{"damage":36,"enemies":"Lagavulin","floor":13,"turns":7},{"damage":33,"enemies":"Gremlin Gang","floor":14,"turns":3}],"relics_obtained":[{"floor":6,"key":"Strawberry"},{"floor":9,"key":"Singing Bowl"},{"floor":13,"key":"Boot"}],"event_choices":[{"event_name":"Golden Idol","player_choice":"Take Damage","floor":4,"damage_taken":0},{"event_name":"Scrap Ooze","player_choice":"success","floor":12,"damage_taken":3}],"boss_relics":[],"items_purged_floors":[],"potions_floor_spawned":[2,6,7,11],"seed_played":"86552202170424614","killed_by":"Gremlin Gang","ascension_level":7,"potions_obtained":[{"floor":2,"key":"Strength Potion"},{"floor":6,"key":"LiquidBronze"},{"floor":7,"key":"SpeedPotion"},{"floor":11,"key":"Poison Potion"}],"is_trial":false}