{"gold_per_floor":[111,123,123,123,48,83,83,102,102,137,153,50,83,98,98,175,175,191,241,20,34,34,34,34,34],"floor_reached":25,"playtime":2119,"items_purged":[],"score":488,"play_id":"aeb68d12-1bfd-4f9d-82b0-049db1b23ed9","local_time":"20190617104255","is_ascension_mode":true,"campfire_choices":[{"data":"Blizzard","floor":15.0,"key":"SMITH"},{"floor":23,"key":"REST"}],"neow_cost":"NONE","seed_source_timestamp":0,"circlet_count":0,"master_deck":["AscendersBane","Strike_B","Strike_B","Strike_B","Defend_B","Defend_B","Defend_B","Defend_B","Zap+1","Dualcast","Cold Snap","Chill","Biased Cognition","Cold Snap","Hologram","Blizzard+1","Ball Lightning","Coolheaded","Creative AI","Conserve Battery","Turbo","Defragment+1"],"special_seed":0,"relics":["Cracked Core","NeowsBlessing","Mummified Hand","Meat on the Bone","The Courier","Art of War","Smiling Mask","Runic Pyramid","Membership Card"],"potions_floor_usage":[21,25,25],"damage_taken":[{"damage":0.0,"enemies":"Cultist","floor":1.0,"turns":1.0},{"damage":0.0,"enemies":"Jaw Worm","floor":2.0,"turns":1.0},{"damage":0.0,"enemies":"Lagavulin","floor":6.0,"turns":1.0},{"damage":0.0,"enemies":"Small Slimes","floor":8.0,"turns":3.0},{"damage":19.0,"enemies":"3 Sentries","floor":10.0,"turns":13.0},{"damage":0.0,"enemies":"2 Fungi Beasts","floor":11.0,"turns":3.0},{"damage":24.0,"enemies":"Lagavulin","floor":13.0,"turns":8.0},{"damage":6.0,"enemies":"Large Slime","floor":14.0,"turns":4.0},{"damage":30.0,"enemies":"Slime Boss","floor":16.0,"turns":11.0},{"damage":31.0,"enemies":"2 Thieves","floor":18.0,"turns":5.0},{"damage":3,"enemies":"Chosen","floor":21,"turns":5},{"damage":48,"enemies":"Book of Stabbing","floor":25,"turns":6}],"seed_played":"1799654511108869790","potions_obtained":[{"floor":1.0,"key":"SteroidPotion"},{"floor":10.0,"key":"Dexterity Potion"},{"floor":11.0,"key":"Explosive Potion"},{"floor":16.0,"key":"PowerPotion"},{"floor":21,"key":"Block Potion"}],"is_trial":false,"path_per_floor":["M","M","?","?","?","E","?","M","T","E","M","$","E","M","R","B",null,"M","?","$","M","?","R","$","E"],"character_chosen":"DEFECT","items_purchased":["Blizzard","Fire Potion","Membership Card","Conserve Battery","Turbo"],"campfire_rested":1,"item_purchase_floors":[12,12,20,20,20],"current_hp_per_floor":[64,64,59,59,59,59,64,64,64,45,45,45,33,39,39,21,62,43,43,43,40,18,42,42,0],"gold":34,"neow_bonus":"THREE_ENEMY_KILL","is_prod":false,"is_daily":false,"chose_seed":false,"campfire_upgraded":1,"win_rate":0,"timestamp":1560760975,"path_taken":["M","?","?","?","?","E","?","M","T","E","?","$","E","M","R","BOSS","M","?","$","M","?","R","?","E"],"build_version":"2019-01-23","purchased_purges":0,"victory":false,"max_hp_per_floor":[71,71,71,71,71,71,76,76,76,76,76,76,76,76,76,76,76,76,76,76,76,81,81,81,81],"card_choices":[{"not_picked":["Recycle","Leap"],"picked":"Cold Snap","floor":1.0},{"not_picked":["Streamline","Hello World"],"picked":"Chill","floor":2.0},{"not_picked":["Beam Cell","Loop"],"picked":"Biased Cognition","floor":6.0},{"not_picked":["Rebound","Leap"],"picked":"Cold Snap","floor":8.0},{"not_picked":["Streamline","Hello World","Go for the Eyes"],"picked":"SKIP","floor":10.0},{"not_picked":["Skim","Turbo"],"picked":"Hologram","floor":11.0},{"not_picked":["Stack","Force Field"],"picked":"Ball Lightning","floor":13.0},{"not_picked":["Streamline","Reprogram"],"picked":"Coolheaded","floor":14.0},{"not_picked":["Thunder Strike","Amplify"],"picked":"Creative AI","floor":16.0},{"not_picked":["Cold Snap","Fusion","Beam Cell"],"picked":"SKIP","floor":18.0},{"not_picked":["Reprogram+1","Tempest"],"picked":"Defragment+1","floor":21}],"player_experience":1742515,"relics_obtained":[{"floor":6.0,"key":"Meat on the Bone"},{"floor":9.0,"key":"The Courier"},{"floor":10.0,"key":"Art of War"},{"floor":13.0,"key":"Smiling Mask"}],"event_choices":[{"damage_healed":0.0,"max_hp_gain":0.0,"max_hp_loss":0.0,"gold_gain":0.0,"event_name":"Scrap Ooze","player_choice":"Success","floor":3.0,"gold_loss":0.0,"damage_taken":5.0,"relics_obtained":["Mummified Hand"]},{"damage_healed":0.0,"max_hp_gain":0.0,"max_hp_loss":0.0,"gold_gain":0.0,"event_name":"Living Wall","player_choice":"Grow","floor":4.0,"gold_loss":0.0,"damage_taken":0.0,"cards_upgraded":["Zap"]},{"cards_removed":["Strike_B"],"damage_healed":0.0,"max_hp_gain":0.0,"max_hp_loss":0.0,"gold_gain":0.0,"event_name":"The Cleric","player_choice":"Card Removal","floor":5.0,"gold_loss":75.0,"damage_taken":0.0},{"damage_healed":0.0,"max_hp_gain":5.0,"max_hp_loss":0.0,"gold_gain":0.0,"event_name":"Big Fish","player_choice":"Donut","floor":7.0,"gold_loss":0.0,"damage_taken":0.0},{"damage_healed":0.0,"max_hp_gain":0.0,"max_hp_loss":0.0,"gold_gain":50.0,"event_name":"Nest","player_choice":"Stole From Cult","floor":19.0,"gold_loss":0.0,"damage_taken":0.0},{"damage_healed":0,"gold_gain":0,"player_choice":"Shed Blood","damage_taken":27,"max_hp_gain":5,"max_hp_loss":0,"event_name":"Forgotten Altar","floor":22,"gold_loss":0}],"is_beta":false,"boss_relics":[{"not_picked":["Snecko Eye","Fusion Hammer"],"picked":"Runic Pyramid"}],"items_purged_floors":[],"is_endless":false,"potions_floor_spawned":[1,10,11,13,16,21],"killed_by":"Book of Stabbing","ascension_level":20}