{"gold_per_floor":[214,214,17,35,110,139,150,150,219,254,264,264,214,238,238,338,338,350,363,383,9,9],"floor_reached":22,"playtime":1377,"items_purged":["Strike_B"],"score":350,"play_id":"75ecc5a1-c1e9-4609-9921-a8f9110168fd","local_time":"20190607111740","is_ascension_mode":true,"campfire_choices":[{"floor":8,"key":"REST"},{"floor":12,"key":"REST"},{"data":"Zap","floor":15,"key":"SMITH"}],"neow_cost":"NONE","seed_source_timestamp":1409752017943418,"circlet_count":0,"master_deck":["AscendersBane","Strike_B","Defend_B","Defend_B","Defend_B","Defend_B","Zap+1","Dualcast","Redo","Melter","Sunder","Buffer","Chaos","Core Surge","Ball Lightning","Amplify","Genetic Algorithm","Beam Cell"],"relics":["Cracked Core","Oddly Smooth Stone","Potion Belt","Letter Opener","Dead Branch","Omamori","Cursed Key","FossilizedHelix"],"potions_floor_usage":[10,16,16],"damage_taken":[{"damage":12,"enemies":"Small Slimes","floor":1,"turns":3},{"damage":6,"enemies":"Jaw Worm","floor":4,"turns":2},{"damage":26,"enemies":"3 Sentries","floor":6,"turns":7},{"damage":0,"enemies":"2 Louse","floor":7,"turns":1},{"damage":0,"enemies":"Lagavulin","floor":10,"turns":7},{"damage":3,"enemies":"Red Slaver","floor":11,"turns":3},{"damage":38,"enemies":"Hexaghost","floor":16,"turns":8},{"damage":23,"enemies":"3 Byrds","floor":18,"turns":4},{"damage":0,"enemies":"Spheric Guardian","floor":19,"turns":1},{"damage":13,"enemies":"Snecko","floor":20,"turns":5},{"damage":24,"enemies":"Snake Plant","floor":22,"turns":2}],"seed_played":"7877550424364599928","potions_obtained":[{"floor":6,"key":"Poison Potion"},{"floor":10,"key":"FocusPotion"},{"floor":11,"key":"Weak Potion"},{"floor":18,"key":"Dexterity Potion"}],"is_trial":false,"path_per_floor":["M","?","$","M","?","E","M","R","T","E","M","R","?","T","R","B",null,"M","M","M","$","M"],"character_chosen":"DEFECT","items_purchased":["Oddly Smooth Stone","Melter","FossilizedHelix"],"campfire_rested":2,"item_purchase_floors":[3,3,21],"current_hp_per_floor":[56,49,49,43,32,6,6,28,28,28,25,47,47,47,47,9,59,36,36,23,23,0],"gold":9,"neow_bonus":"HUNDRED_GOLD","is_prod":false,"is_daily":false,"chose_seed":false,"campfire_upgraded":1,"win_rate":0,"timestamp":1559931460,"path_taken":["M","?","$","M","?","E","M","R","T","E","M","R","?","?","R","BOSS","M","M","M","$","M"],"build_version":"2019-01-23","purchased_purges":1,"victory":false,"max_hp_per_floor":[75,75,75,75,75,75,75,75,75,75,75,75,75,75,75,75,75,75,75,75,75,75],"card_choices":[{"not_picked":["Barrage","Coolheaded"],"picked":"Redo","floor":1},{"not_picked":["Steam","Loop"],"picked":"Sunder","floor":4},{"not_picked":["Sweeping Beam","Beam Cell"],"picked":"Buffer","floor":6},{"not_picked":["Hello World","Leap"],"picked":"Chaos","floor":7},{"not_picked":["Leap","Cold Snap"],"picked":"Core Surge","floor":10},{"not_picked":["Reprogram","Barrage"],"picked":"Ball Lightning","floor":11},{"not_picked":["Hyperbeam","Fission"],"picked":"Amplify","floor":16},{"not_picked":["Double Energy","Redo","Turbo"],"picked":"SKIP","floor":18},{"not_picked":["Blizzard","Lockon"],"picked":"Genetic Algorithm","floor":19},{"not_picked":["Cold Snap","Gash"],"picked":"Beam Cell","floor":20}],"player_experience":630208,"relics_obtained":[{"floor":6,"key":"Potion Belt"},{"floor":9,"key":"Letter Opener"},{"floor":10,"key":"Dead Branch"},{"floor":14,"key":"Omamori"}],"event_choices":[{"cards_removed":["Strike_B"],"damage_healed":0,"gold_gain":0,"player_choice":"Card Removal","damage_taken":7,"max_hp_gain":0,"max_hp_loss":0,"event_name":"Golden Wing","floor":2,"gold_loss":0},{"damage_healed":0,"gold_gain":75,"player_choice":"Gather Gold","damage_taken":11,"max_hp_gain":0,"max_hp_loss":0,"event_name":"World of Goop","floor":5,"gold_loss":0},{"cards_removed":["Strike_B"],"damage_healed":0,"gold_gain":0,"player_choice":"Card Removal","damage_taken":0,"max_hp_gain":0,"max_hp_loss":0,"event_name":"The Cleric","floor":13,"gold_loss":50}],"is_beta":false,"boss_relics":[{"not_picked":["Ectoplasm","Fusion Hammer"],"picked":"Cursed Key"}],"items_purged_floors":[21],"is_endless":false,"potions_floor_spawned":[6,10,11,18],"killed_by":"Snake Plant","ascension_level":12}