{"gold_per_floor":[110,120,14,14,14,14,83,83,129,154,218,257,23,41,41,135,135,148,148,166,190,94,94,130,130,130,130,170,170,195,208,208,208],"floor_reached":33,"playtime":2111,"items_purged":[],"score":566,"play_id":"dbe62b9f-395f-4e75-8021-bf462666e2f5","local_time":"20181111163318","is_ascension_mode":true,"campfire_choices":[{"data":"Skewer","floor":6.0,"key":"SMITH"},{"data":"Neutralize","floor":8.0,"key":"SMITH"},{"data":"Infinite Blades","floor":15.0,"key":"SMITH"},{"data":"Bullet Time","floor":23,"key":"SMITH"},{"floor":25,"key":"REST"},{"data":"A Thousand Cuts","floor":32,"key":"SMITH"}],"neow_cost":"NONE","seed_source_timestamp":0,"circlet_count":0,"master_deck":["AscendersBane","Defend_G","Defend_G","Defend_G","Defend_G","Defend_G","Survivor","Neutralize+1","Skewer+1","Choke","Well Laid Plans","Heel Hook","Caltrops","Dagger Spray","Infinite Blades","Infinite Blades+1","Dagger Throw","Bullet Time+1","Acrobatics+1","Quick Slash","PiercingWail+1","Mind Blast","A Thousand Cuts+1","Acrobatics+1","Bite","Bite","Bite","Bite","Bite","Eviscerate","Doppelganger"],"special_seed":0,"relics":["Ring of the Snake","NeowsBlessing","Golden Idol","Tiny Chest","Regal Pillow","Bag of Marbles","Orichalcum","Snecko Eye","Dream Catcher","Ninja Scroll","Pantograph"],"potions_floor_usage":[31,33],"damage_taken":[{"damage":0.0,"enemies":"Small Slimes","floor":1.0,"turns":1.0},{"damage":0.0,"enemies":"2 Louse","floor":2.0,"turns":1.0},{"damage":0.0,"enemies":"3 Sentries","floor":7.0,"turns":1.0},{"damage":2.0,"enemies":"Jaw Worm","floor":10.0,"turns":3.0},{"damage":16.0,"enemies":"Gremlin Nob","floor":12.0,"turns":3.0},{"damage":9.0,"enemies":"Gremlin Gang","floor":14.0,"turns":4.0},{"damage":23,"enemies":"Slime Boss","floor":16,"turns":7},{"damage":0,"enemies":"3 Byrds","floor":18,"turns":3},{"damage":7,"enemies":"Shell Parasite","floor":20,"turns":4},{"damage":10,"enemies":"Snecko","floor":21,"turns":3},{"damage":17,"enemies":"Gremlin Leader","floor":24,"turns":7},{"damage":10,"enemies":"Slavers","floor":28,"turns":4},{"damage":18,"enemies":"Snake Plant","floor":30,"turns":3},{"damage":0,"enemies":"3 Cultists","floor":31,"turns":2},{"damage":58,"enemies":"Collector","floor":33,"turns":8}],"seed_played":"4891805563864110102","potions_obtained":[{"floor":1.0,"key":"Fire Potion"},{"floor":10.0,"key":"AttackPotion"},{"floor":19,"key":"Dexterity Potion"},{"floor":19,"key":"FearPotion"}],"is_trial":false,"path_per_floor":["M","M","$","?","?","R","E","R","T","M","?","E","$","M","R","B",null,"M","?","M","M","$","R","E","R","T","?","E","?","M","M","R","B"],"character_chosen":"THE_SILENT","items_purchased":["Well Laid Plans","Heel Hook","Infinite Blades","Orichalcum","Mind Blast"],"campfire_rested":1,"item_purchase_floors":[3,3,13,13,22],"current_hp_per_floor":[59,59,59,59,59,59,59,59,59,57,57,41,41,32,32,9,48,48,48,41,31,31,31,14,47,47,42,38,38,24,26,26,0],"gold":208,"neow_bonus":"THREE_ENEMY_KILL","is_prod":false,"is_daily":false,"chose_seed":false,"campfire_upgraded":5,"win_rate":0,"timestamp":1541950398,"path_taken":["M","M","$","?","?","R","E","R","T","M","?","E","$","M","R","BOSS","M","?","?","M","?","R","E","R","T","?","E","?","M","M","R","BOSS"],"build_version":"2018-11-08","purchased_purges":0,"victory":false,"max_hp_per_floor":[66,66,66,61,61,61,61,61,61,61,61,61,61,61,61,61,61,61,61,61,61,61,61,61,61,61,42,42,42,42,42,42,42],"card_choices":[{"not_picked":["Dagger Throw","Blur"],"picked":"Skewer","floor":1.0},{"not_picked":["Flechettes","Dagger Throw"],"picked":"Choke","floor":2.0},{"not_picked":["Slice","Backstab"],"picked":"Caltrops","floor":7.0},{"not_picked":["Dodge and Roll","Underhanded Strike"],"picked":"Dagger Spray","floor":10.0},{"not_picked":["Underhanded Strike","Slice"],"picked":"Infinite Blades","floor":12.0},{"not_picked":["Catalyst","Flying Knee"],"picked":"Dagger Throw","floor":14.0},{"not_picked":["Adrenaline","Phantasmal Killer"],"picked":"Bullet Time","floor":16},{"not_picked":["Quick Slash","Dodge and Roll"],"picked":"Acrobatics+1","floor":18},{"not_picked":["Poisoned Stab","Underhanded Strike"],"picked":"Quick Slash","floor":20},{"not_picked":["Dagger Spray","Calculated Gamble"],"picked":"PiercingWail+1","floor":21},{"not_picked":["Deflect","Slice"],"picked":"A Thousand Cuts","floor":24},{"not_picked":["Sucker Punch","Bane"],"picked":"Acrobatics+1","floor":25},{"not_picked":["Dagger Spray+1","Heel Hook"],"picked":"Eviscerate","floor":28},{"not_picked":["Blade Dance","Dagger Throw+1","Dagger Spray"],"picked":"SKIP","floor":30},{"not_picked":["Predator","Backflip"],"picked":"Doppelganger","floor":31}],"player_experience":786610,"relics_obtained":[{"floor":7.0,"key":"Tiny Chest"},{"floor":9.0,"key":"Regal Pillow"},{"floor":12.0,"key":"Bag of Marbles"},{"floor":24,"key":"Dream Catcher"},{"floor":26,"key":"Ninja Scroll"},{"floor":28,"key":"Pantograph"}],"event_choices":[{"damage_healed":0.0,"max_hp_gain":0.0,"max_hp_loss":5.0,"gold_gain":0.0,"event_name":"Golden Idol","player_choice":"Lose Max HP","floor":4.0,"gold_loss":0.0,"damage_taken":0.0,"relics_obtained":["Golden Idol"]},{"damage_healed":0.0,"max_hp_gain":0.0,"max_hp_loss":0.0,"gold_gain":0.0,"event_name":"Liars Game","player_choice":"Ignored","floor":5.0,"gold_loss":0.0,"damage_taken":0.0},{"damage_healed":0.0,"max_hp_gain":0.0,"max_hp_loss":0.0,"gold_gain":64.0,"event_name":"Golden Wing","player_choice":"Gained Gold","floor":11.0,"gold_loss":0.0,"damage_taken":0.0},{"damage_healed":0,"gold_gain":0,"player_choice":"Got Potions","damage_taken":0,"max_hp_gain":0,"max_hp_loss":0,"event_name":"Lab","floor":19,"gold_loss":0},{"damage_healed":0,"gold_gain":0,"player_choice":"Became a vampire","damage_taken":0,"max_hp_gain":0,"max_hp_loss":19,"event_name":"Vampires","floor":27,"gold_loss":0,"cards_obtained":["Bite","Bite","Bite","Bite","Bite"]},{"damage_healed":0,"gold_gain":0,"player_choice":"Ignored","damage_taken":0,"max_hp_gain":0,"max_hp_loss":0,"event_name":"Ghosts","floor":29,"gold_loss":0}],"is_beta":true,"boss_relics":[{"not_picked":["Tiny House","Pandora\u0027s Box"],"picked":"Snecko Eye"}],"items_purged_floors":[],"is_endless":false,"potions_floor_spawned":[1,10,21,24,28],"killed_by":"Collector","ascension_level":14}