{"gold_per_floor":[118,268,268,45,59,59,84,84,131,164,6,34,51,63,63,139,139,149,74,92,102,2,2,35,35,103,103,117,145,171,190,190,263,263,277,0,12,31,31,31,58,58,58,83,83,95,195,228,228,228,228,228,66,92,92],"floor_reached":55,"playtime":1767,"items_purged":["Doubt","Strike_G"],"score":1723,"play_id":"65eb2fbf-465d-43e3-93b4-438758ccbb95","local_time":"20181209121420","is_ascension_mode":true,"campfire_choices":[{"data":"Neutralize","floor":6,"key":"SMITH"},{"data":"Bouncing Flask","floor":8,"key":"SMITH"},{"data":"Catalyst","floor":15,"key":"SMITH"},{"data":"Malaise","floor":23,"key":"SMITH"},{"data":"Dash","floor":27,"key":"SMITH"},{"floor":32,"key":"REST"},{"data":"Well Laid Plans","floor":40,"key":"SMITH"},{"data":"Calculated Gamble","floor":42,"key":"SMITH"},{"floor":49,"key":"RECALL"},{"data":"Deadly Poison","floor":52,"key":"SMITH"}],"neow_cost":"NONE","seed_source_timestamp":3817668024840,"circlet_count":0,"master_deck":["AscendersBane","Defend_G","Defend_G","Defend_G+1","Defend_G","Defend_G+1","Strike_G","Strike_G","Strike_G","Survivor","Neutralize+1","Dash+1","Bouncing Flask+1","Poisoned Stab","Well Laid Plans+1","Catalyst+1","Deadly Poison+1","Malaise+1","Escape Plan","Catalyst+1","Noxious Fumes+1","Calculated Gamble+1","Writhe"],"relics":["Ring of the Snake","NeowsBlessing","TwistedFunnel","PreservedInsect","Snake Skull","Pantograph","Orichalcum","Busted Crown","Frozen Egg 2","Matryoshka","Incense Burner","Pen Nib","Bag of Preparation","Black Star","Bottled Tornado","Ancient Tea Set","Regal Pillow","Kunai","Tingsha","Lantern","Bird Faced Urn","Letter Opener","Bronze Scales","Happy Flower","Mercury Hourglass","War Paint"],"potions_floor_usage":[33,44,55,55],"damage_taken":[{"damage":0,"enemies":"Small Slimes","floor":1,"turns":1},{"damage":0,"enemies":"Jaw Worm","floor":5,"turns":1},{"damage":0,"enemies":"Lagavulin","floor":7,"turns":1},{"damage":0,"enemies":"Gremlin Nob","floor":10,"turns":2},{"damage":9,"enemies":"3 Sentries","floor":12,"turns":7},{"damage":0,"enemies":"Cultist","floor":13,"turns":2},{"damage":7,"enemies":"Exordium Thugs","floor":14,"turns":4},{"damage":26,"enemies":"Hexaghost","floor":16,"turns":5},{"damage":14,"enemies":"2 Thieves","floor":18,"turns":5},{"damage":4,"enemies":"Shell Parasite","floor":20,"turns":3},{"damage":4,"enemies":"3 Cultists","floor":21,"turns":4},{"damage":10,"enemies":"Gremlin Leader","floor":24,"turns":4},{"damage":0,"enemies":"Chosen and Byrds","floor":28,"turns":3},{"damage":7,"enemies":"Book of Stabbing","floor":29,"turns":3},{"damage":5,"enemies":"Snake Plant","floor":31,"turns":2},{"damage":2,"enemies":"Automaton","floor":33,"turns":6},{"damage":22,"enemies":"3 Darklings","floor":35,"turns":6},{"damage":0,"enemies":"3 Shapes","floor":37,"turns":2},{"damage":0,"enemies":"Transient","floor":38,"turns":5},{"damage":3,"enemies":"Giant Head","floor":41,"turns":5},{"damage":22,"enemies":"Reptomancer","floor":44,"turns":3},{"damage":6,"enemies":"Spire Growth","floor":46,"turns":2},{"damage":0,"enemies":"Mind Bloom Boss Battle","floor":47,"turns":2},{"damage":0,"enemies":"Giant Head","floor":48,"turns":4},{"damage":32,"enemies":"Time Eater","floor":50,"turns":6},{"damage":37,"enemies":"Shield and Spear","floor":54,"turns":4},{"damage":60,"enemies":"The Heart","floor":55,"turns":3}],"seed_played":"7037705655552517347","potions_obtained":[{"floor":5,"key":"Explosive Potion"},{"floor":10,"key":"Strength Potion"},{"floor":18,"key":"SkillPotion"},{"floor":28,"key":"Fire Potion"},{"floor":33,"key":"Ancient Potion"},{"floor":46,"key":"Explosive Potion"},{"floor":48,"key":"SpeedPotion"}],"is_trial":false,"path_per_floor":["M","?","?","$","M","R","E","R","T","E","$","E","M","M","R","B",null,"M","?","M","M","$","R","E","?","T","R","M","E","T","M","R","B",null,"M","$","M","M","?","R","E","R","T","E","?","M","?","E","R","B",null,"R","$","E","B"],"character_chosen":"THE_SILENT","items_purchased":["TwistedFunnel","Well Laid Plans","Bottled Tornado","Happy Flower"],"campfire_rested":1,"item_purchase_floors":[4,11,36,53],"current_hp_per_floor":[59,59,64,64,64,64,64,64,64,64,64,55,55,48,48,45,65,51,51,47,43,43,43,33,33,33,33,33,26,26,21,42,65,70,48,48,48,48,48,48,45,45,45,23,37,31,56,60,60,41,64,64,64,31,0],"gold":92,"neow_bonus":"THREE_ENEMY_KILL","is_prod":false,"is_daily":false,"chose_seed":false,"campfire_upgraded":8,"win_rate":0,"timestamp":1544354060,"path_taken":["M","?","?","$","M","R","E","R","T","E","?","E","M","M","R","BOSS","M","?","M","M","$","R","E","?","T","R","?","E","?","M","R","BOSS","M","$","M","M","?","R","E","R","T","E","?","M","?","E","R","BOSS","R","$","E","BOSS"],"build_version":"2018-12-06","purchased_purges":2,"victory":false,"max_hp_per_floor":[66,66,71,71,71,71,71,71,71,71,71,71,71,71,71,71,71,71,71,71,71,71,71,71,71,71,71,71,71,71,71,71,71,71,71,71,71,71,71,71,71,71,71,71,71,71,71,71,71,71,71,71,71,71,71],"card_choices":[{"not_picked":["Cloak And Dagger","Underhanded Strike"],"picked":"Dash","floor":1},{"not_picked":["PiercingWail","Blade Dance"],"picked":"Bouncing Flask","floor":5},{"not_picked":["Bane","Predator"],"picked":"Poisoned Stab","floor":7},{"not_picked":["Riddle With Holes","Acrobatics"],"picked":"Poisoned Stab","floor":10},{"not_picked":["Doppelganger","Acrobatics"],"picked":"Catalyst","floor":12},{"not_picked":["Reflex","Cloak And Dagger"],"picked":"Deadly Poison","floor":13},{"not_picked":["Slice","Outmaneuver","Prepared"],"picked":"SKIP","floor":14},{"not_picked":["Glass Knife","Venomology"],"picked":"Malaise","floor":16},{"not_picked":["Acrobatics"],"picked":"SKIP","floor":18},{"not_picked":[],"picked":"Escape Plan","floor":20},{"not_picked":["Underhanded Strike"],"picked":"SKIP","floor":21},{"not_picked":["Poisoned Stab"],"picked":"SKIP","floor":24},{"not_picked":["Deadly Poison"],"picked":"SKIP","floor":28},{"not_picked":[],"picked":"Noxious Fumes+1","floor":29},{"not_picked":[],"picked":"Calculated Gamble","floor":31},{"not_picked":["Dagger Throw"],"picked":"SKIP","floor":35},{"not_picked":["Bouncing Flask"],"picked":"SKIP","floor":37},{"not_picked":["Finisher+1"],"picked":"SKIP","floor":38},{"not_picked":["Cloak And Dagger"],"picked":"SKIP","floor":41},{"not_picked":["Blade Dance"],"picked":"SKIP","floor":44},{"not_picked":["Poisoned Stab+1"],"picked":"SKIP","floor":46},{"not_picked":["Phantasmal Killer"],"picked":"SKIP","floor":48},{"not_picked":["Deadly Poison+1"],"picked":"SKIP","floor":54}],"player_experience":992337,"relics_obtained":[{"floor":7,"key":"PreservedInsect"},{"floor":9,"key":"Snake Skull"},{"floor":10,"key":"Pantograph"},{"floor":12,"key":"Orichalcum"},{"floor":24,"key":"Frozen Egg 2"},{"floor":26,"key":"Matryoshka"},{"floor":29,"key":"Incense Burner"},{"floor":30,"key":"Pen Nib"},{"floor":30,"key":"Bag of Preparation"},{"floor":41,"key":"Ancient Tea Set"},{"floor":41,"key":"Regal Pillow"},{"floor":43,"key":"Kunai"},{"floor":44,"key":"Tingsha"},{"floor":44,"key":"Lantern"},{"floor":47,"key":"Bird Faced Urn"},{"floor":48,"key":"Letter Opener"},{"floor":48,"key":"Bronze Scales"},{"floor":54,"key":"Mercury Hourglass"},{"floor":54,"key":"War Paint"}],"event_choices":[{"damage_healed":0,"gold_gain":150,"player_choice":"AGREE","damage_taken":0,"max_hp_gain":0,"max_hp_loss":0,"event_name":"Liars Game","floor":2,"gold_loss":0,"cards_obtained":["Doubt"]},{"damage_healed":0,"gold_gain":0,"player_choice":"Donut","damage_taken":0,"max_hp_gain":5,"max_hp_loss":0,"event_name":"Big Fish","floor":3,"gold_loss":0},{"cards_removed":["Strike_G"],"damage_healed":0,"gold_gain":0,"player_choice":"Gave Gold","damage_taken":0,"max_hp_gain":0,"max_hp_loss":0,"event_name":"Beggar","floor":19,"gold_loss":75},{"damage_healed":0,"gold_gain":0,"player_choice":"Copied","damage_taken":0,"max_hp_gain":0,"max_hp_loss":0,"event_name":"Duplicator","floor":25,"gold_loss":0,"cards_obtained":["Catalyst"]},{"cards_removed":["Poisoned Stab"],"damage_healed":0,"gold_gain":0,"player_choice":"Removed Attack","damage_taken":0,"max_hp_gain":0,"max_hp_loss":0,"event_name":"Falling","floor":39,"gold_loss":0},{"damage_healed":14,"gold_gain":0,"player_choice":"Writhe","damage_taken":0,"max_hp_gain":0,"max_hp_loss":0,"event_name":"Winding Halls","floor":45,"gold_loss":0,"cards_obtained":["Writhe"]},{"damage_healed":0,"gold_gain":0,"player_choice":"Fight","damage_taken":0,"max_hp_gain":0,"max_hp_loss":0,"event_name":"MindBloom","floor":47,"gold_loss":0}],"is_beta":true,"boss_relics":[{"not_picked":["Runic Dome","Lizard Tail"],"picked":"Busted Crown"},{"not_picked":["Orrery","Snecko Eye"],"picked":"Black Star"}],"items_purged_floors":[11,22],"is_endless":false,"potions_floor_spawned":[5,10,18,28,29,33,35,38,41,46,48],"killed_by":"The Heart","ascension_level":17}