{"gold_per_floor":[113,126,126,137,151,151,176,176,221,232,9,9,9,40,40,117,117,137,152,92,17,33,33,33],"floor_reached":24,"playtime":1036,"items_purged":["Heatsinks"],"score":412,"play_id":"6e93feb4-69d1-45ae-a314-7ffc32abaf3e","local_time":"20190412173420","is_ascension_mode":true,"campfire_choices":[{"data":"Compile Driver","floor":6,"key":"SMITH"},{"data":"Rip and Tear","floor":12,"key":"SMITH"},{"data":"Cold Snap","floor":15,"key":"SMITH"},{"data":"Consume","floor":23,"key":"SMITH"}],"neow_cost":"NONE","seed_source_timestamp":25155908592940,"circlet_count":0,"master_deck":["AscendersBane","Zap+1","Dualcast","Gash","Leap","FTL","Compile Driver+1","Rip and Tear+1","Cold Snap+1","Rainbow","Seek","Aggregate","Self Repair","All For One","FTL","Turbo","Consume+1","Heatsinks","Fusion","Cold Snap"],"relics":["Cracked Core","FaceOfCleric","Meat on the Bone","DataDisk","Runic Capacitor","The Courier","Regal Pillow","Pandora\u0027s Box"],"potions_floor_usage":[5,7],"damage_taken":[{"damage":1,"enemies":"Cultist","floor":1,"turns":4},{"damage":7,"enemies":"Jaw Worm","floor":2,"turns":4},{"damage":6,"enemies":"Small Slimes","floor":4,"turns":4},{"damage":5,"enemies":"Gremlin Gang","floor":5,"turns":3},{"damage":25,"enemies":"Lagavulin","floor":7,"turns":6},{"damage":0,"enemies":"2 Fungi Beasts","floor":10,"turns":3},{"damage":7,"enemies":"3 Sentries","floor":14,"turns":5},{"damage":42,"enemies":"Slime Boss","floor":16,"turns":10},{"damage":5,"enemies":"Spheric Guardian","floor":18,"turns":3},{"damage":25,"enemies":"Shell Parasite","floor":19,"turns":4},{"damage":18,"enemies":"3 Cultists","floor":22,"turns":5},{"damage":50,"enemies":"Shelled Parasite and Fungi","floor":24,"turns":3}],"seed_played":"3572984747525378287","potions_obtained":[{"floor":1,"key":"Explosive Potion"},{"floor":2,"key":"Dexterity Potion"},{"floor":5,"key":"Ancient Potion"},{"floor":7,"key":"LiquidBronze"}],"is_trial":false,"path_per_floor":["M","M","?","M","M","R","E","?","T","M","$","R","T","E","R","B",null,"M","M","$","?","M","R","M"],"character_chosen":"DEFECT","items_purchased":["Runic Capacitor"],"campfire_rested":0,"item_purchase_floors":[11],"current_hp_per_floor":[63,56,56,51,47,47,23,28,28,41,41,41,41,47,47,18,66,69,52,52,52,47,47,0],"gold":33,"neow_bonus":"UPGRADE_CARD","is_prod":false,"is_daily":false,"chose_seed":false,"campfire_upgraded":4,"win_rate":0,"timestamp":1555083260,"path_taken":["M","M","?","?","M","R","E","?","T","M","$","R","?","E","R","BOSS","M","M","$","?","M","R","M"],"build_version":"2019-01-23","purchased_purges":1,"victory":false,"max_hp_per_floor":[71,71,71,72,73,73,74,79,79,80,80,80,80,81,81,82,82,83,84,84,84,85,85,85],"card_choices":[{"not_picked":["BootSequence","Melter"],"picked":"Gash","floor":1},{"not_picked":["Stack","Thunder Strike"],"picked":"Leap","floor":2},{"not_picked":["Redo","Hologram"],"picked":"FTL","floor":4},{"not_picked":["Redo","Genetic Algorithm"],"picked":"Compile Driver","floor":5},{"not_picked":["Skim","Reboot"],"picked":"Rip and Tear","floor":7},{"not_picked":["Stack","Chill"],"picked":"Cold Snap","floor":10},{"not_picked":["Leap","Auto Shields","Go for the Eyes"],"picked":"SKIP","floor":14},{"not_picked":["Thunder Strike","Creative AI"],"picked":"Rainbow","floor":16},{"not_picked":["Lockon","Streamline"],"picked":"Turbo","floor":18},{"not_picked":["Go for the Eyes","BootSequence"],"picked":"Consume","floor":19},{"not_picked":["Scrape","Beam Cell"],"picked":"Cold Snap","floor":22}],"player_experience":1587820,"relics_obtained":[{"floor":7,"key":"Meat on the Bone"},{"floor":9,"key":"DataDisk"},{"floor":13,"key":"The Courier"},{"floor":14,"key":"Regal Pillow"}],"event_choices":[{"damage_healed":0,"gold_gain":0,"player_choice":"Trade","damage_taken":0,"relics_obtained":["FaceOfCleric"],"max_hp_gain":0,"max_hp_loss":0,"event_name":"FaceTrader","floor":3,"gold_loss":0},{"damage_healed":0,"gold_gain":0,"player_choice":"Donut","damage_taken":0,"max_hp_gain":5,"max_hp_loss":0,"event_name":"Big Fish","floor":8,"gold_loss":0},{"damage_healed":0,"gold_gain":0,"cards_transformed":["All For One","FTL"],"player_choice":"Transformed Cards","damage_taken":0,"max_hp_gain":0,"max_hp_loss":0,"event_name":"Designer","floor":21,"gold_loss":75,"cards_obtained":["Heatsinks","Fusion"]}],"is_beta":false,"boss_relics":[{"not_picked":["Eternal Feather","Empty Cage"],"picked":"Pandora\u0027s Box"}],"items_purged_floors":[20],"is_endless":false,"potions_floor_spawned":[1,2,5,7],"killed_by":"Shelled Parasite and Fungi","ascension_level":20}