{"gold_per_floor":[114,114,189,189,201,236,236,249,302,330,344,344,379,60,60,60],"floor_reached":16,"playtime":378,"items_purged":[],"score":286,"play_id":"6611ebc1-d2b1-48ad-9b63-a7ed0e54b767","local_time":"20190805213308","is_ascension_mode":true,"campfire_choices":[{"data":"Carnage","floor":7,"key":"SMITH"},{"data":"Battle Trance","floor":15,"key":"SMITH"}],"neow_cost":"NONE","seed_source_timestamp":44542127894233,"circlet_count":0,"master_deck":["AscendersBane","Strike_R","Strike_R","Strike_R","Strike_R","Defend_R","Defend_R","Defend_R","Defend_R","Bash+1","Cleave","Sword Boomerang","Carnage+1","Battle Trance+1","Reaper","Shrug It Off","Shrug It Off","Evolve","Shrug It Off"],"relics":["Burning Blood","Red Skull","Strawberry","Bag of Preparation","Bottled Lightning","Oddly Smooth Stone","OrangePellets"],"potions_floor_usage":[16,16],"damage_taken":[{"damage":31,"enemies":"Jaw Worm","floor":1,"turns":6},{"damage":5,"enemies":"Small Slimes","floor":5,"turns":2},{"damage":8,"enemies":"Gremlin Nob","floor":6,"turns":3},{"damage":3,"enemies":"2 Louse","floor":8,"turns":2},{"damage":15,"enemies":"Lagavulin","floor":10,"turns":3},{"damage":15,"enemies":"Exordium Thugs","floor":11,"turns":4},{"damage":0,"enemies":"Gremlin Nob","floor":13,"turns":2},{"damage":32,"enemies":"Hexaghost","floor":16,"turns":11}],"seed_played":"-1740217470257592617","potions_obtained":[{"floor":8,"key":"GamblersBrew"},{"floor":11,"key":"Swift Potion"}],"is_trial":false,"path_per_floor":["M","?","?","?","M","E","R","M","T","E","M","?","E","$","R","B"],"character_chosen":"IRONCLAD","items_purchased":["OrangePellets","Evolve","Shrug It Off"],"campfire_rested":0,"item_purchase_floors":[14,14,14],"current_hp_per_floor":[43,43,32,32,33,38,38,41,41,32,23,23,29,29,29,0],"gold":60,"neow_bonus":"RANDOM_COMMON_RELIC","is_prod":false,"is_daily":false,"chose_seed":false,"campfire_upgraded":2,"win_rate":0,"timestamp":1565033588,"path_taken":["M","?","?","?","M","E","R","?","T","E","M","?","E","$","R","BOSS"],"build_version":"2019-07-17","purchased_purges":0,"victory":false,"max_hp_per_floor":[75,75,75,75,75,82,82,82,82,82,82,82,82,82,82,82],"card_choices":[{"not_picked":["Iron Wave","Body Slam"],"picked":"Cleave","floor":1},{"not_picked":["Ghostly Armor","Pommel Strike"],"picked":"Sword Boomerang","floor":5},{"not_picked":["Thunderclap","Blood for Blood"],"picked":"Carnage","floor":6},{"not_picked":["Wild Strike","Second Wind"],"picked":"Battle Trance","floor":8},{"not_picked":["Sever Soul","Clash"],"picked":"Reaper","floor":10},{"not_picked":["Battle Trance","Body Slam"],"picked":"Shrug It Off","floor":11},{"not_picked":["Clothesline","Wild Strike"],"picked":"Shrug It Off","floor":13}],"player_experience":1881352,"relics_obtained":[{"floor":6,"key":"Strawberry"},{"floor":9,"key":"Bag of Preparation"},{"floor":10,"key":"Bottled Lightning"},{"floor":13,"key":"Oddly Smooth Stone"}],"event_choices":[{"damage_healed":0,"gold_gain":0,"player_choice":"Grow","damage_taken":0,"max_hp_gain":0,"max_hp_loss":0,"event_name":"Living Wall","floor":2,"gold_loss":0,"cards_upgraded":["Bash"]},{"damage_healed":0,"gold_gain":75,"player_choice":"Gather Gold","damage_taken":11,"max_hp_gain":0,"max_hp_loss":0,"event_name":"World of Goop","floor":3,"gold_loss":0},{"cards_removed":["Strike_R"],"damage_healed":0,"gold_gain":0,"player_choice":"Offered Basic","damage_taken":0,"max_hp_gain":0,"max_hp_loss":0,"event_name":"Bonfire Elementals","floor":4,"gold_loss":0},{"damage_healed":0,"gold_gain":0,"player_choice":"Ignored","damage_taken":0,"max_hp_gain":0,"max_hp_loss":0,"event_name":"Shining Light","floor":12,"gold_loss":0}],"is_beta":false,"boss_relics":[],"items_purged_floors":[],"is_endless":false,"potions_floor_spawned":[8,11,13],"killed_by":"Hexaghost","ascension_level":20}