{"gold_per_floor":[117,134,134,134,147,147,161,161,161,161,175,210,235,250,250,343,343,359,383,298,56,75,75,111,111,111,146,146,167,167],"floor_reached":30,"playtime":1224,"items_purged":["Strike_R"],"score":644,"play_id":"b73a4fe9-1a7c-4291-a778-e90ab9369dee","local_time":"20190724155051","is_ascension_mode":true,"campfire_choices":[{"data":"Disarm","floor":6,"key":"SMITH"},{"data":"Disarm","floor":8,"key":"SMITH"},{"data":"Anger","floor":10,"key":"SMITH"},{"data":"Disarm","floor":15,"key":"SMITH"},{"data":"Exhume","floor":23,"key":"SMITH"},{"data":"Immolate","floor":25,"key":"SMITH"}],"neow_cost":"NONE","seed_source_timestamp":21280186224551,"circlet_count":0,"master_deck":["AscendersBane","Strike_R","Strike_R","Strike_R","Strike_R","Defend_R","Defend_R","Defend_R","Defend_R","Bash+1","Sword Boomerang","Disarm+1","Anger+1","Disarm+1","Rampage","Exhume+1","Headbutt","Disarm+1","Juggernaut","Immolate+1","Battle Trance","True Grit"],"relics":["Burning Blood","NeowsBlessing","Golden Idol","Ornamental Fan","Gremlin Horn","Runic Pyramid","Calipers","Anchor","Lantern","Ancient Tea Set"],"potions_floor_usage":[28],"damage_taken":[{"damage":0,"enemies":"Cultist","floor":1,"turns":1},{"damage":0,"enemies":"Jaw Worm","floor":2,"turns":1},{"damage":0,"enemies":"2 Louse","floor":5,"turns":1},{"damage":10,"enemies":"2 Fungi Beasts","floor":7,"turns":3},{"damage":6,"enemies":"Red Slaver","floor":11,"turns":5},{"damage":19,"enemies":"Lagavulin","floor":12,"turns":7},{"damage":5,"enemies":"Exordium Wildlife","floor":13,"turns":3},{"damage":16,"enemies":"Large Slime","floor":14,"turns":5},{"damage":0,"enemies":"Hexaghost","floor":16,"turns":12},{"damage":12,"enemies":"3 Byrds","floor":18,"turns":7},{"damage":21,"enemies":"Shell Parasite","floor":19,"turns":7},{"damage":8,"enemies":"Chosen and Byrds","floor":22,"turns":9},{"damage":10,"enemies":"Book of Stabbing","floor":24,"turns":7},{"damage":25,"enemies":"Gremlin Leader","floor":27,"turns":6},{"damage":7,"enemies":"Colosseum Slavers","floor":28,"turns":4},{"damage":8,"enemies":"Shelled Parasite and Fungi","floor":29,"turns":7},{"damage":20,"enemies":"Centurion and Healer","floor":30,"turns":3}],"seed_played":"4707417863596728399","potions_obtained":[{"floor":2,"key":"AttackPotion"},{"floor":11,"key":"Strength Potion"}],"is_trial":false,"path_per_floor":["M","M","?","?","M","R","M","R","T","R","M","E","M","M","R","B",null,"M","M","?","$","M","R","E","R","T","E","?","M","M"],"character_chosen":"IRONCLAD","items_purchased":["Anchor"],"campfire_rested":0,"item_purchase_floors":[21],"current_hp_per_floor":[74,75,49,49,55,55,51,51,51,51,51,38,39,29,29,35,65,59,44,44,44,42,42,38,38,38,19,18,16,0],"gold":167,"neow_bonus":"THREE_ENEMY_KILL","is_prod":false,"is_daily":false,"chose_seed":false,"campfire_upgraded":6,"win_rate":0,"timestamp":1563976251,"path_taken":["M","?","?","?","?","R","M","R","T","R","M","E","M","M","R","BOSS","M","M","?","$","M","R","E","R","T","E","?","M","M"],"build_version":"2019-07-17","purchased_purges":1,"victory":false,"max_hp_per_floor":[75,75,75,75,75,75,75,75,75,75,75,75,75,75,75,75,75,75,75,75,75,75,75,75,75,75,75,75,75,75],"card_choices":[{"not_picked":["Body Slam","Heavy Blade"],"picked":"Sword Boomerang","floor":1},{"not_picked":["Iron Wave","Clash"],"picked":"Disarm","floor":2},{"not_picked":["Reckless Charge","Pommel Strike"],"picked":"Anger","floor":5},{"not_picked":["Flex","Anger"],"picked":"Disarm","floor":7},{"not_picked":["Warcry","Shrug It Off"],"picked":"Rampage","floor":11},{"not_picked":["Headbutt","Thunderclap"],"picked":"Exhume","floor":12},{"not_picked":["Bloodletting","Warcry"],"picked":"Headbutt","floor":13},{"not_picked":["Perfected Strike","Reckless Charge"],"picked":"Disarm","floor":14},{"not_picked":["Fiend Fire","Exhume"],"picked":"Juggernaut","floor":16},{"not_picked":["Clothesline+1","Heavy Blade","Bloodletting"],"picked":"SKIP","floor":18},{"not_picked":["Rupture","Pommel Strike","Body Slam"],"picked":"SKIP","floor":19},{"not_picked":["Anger","Twin Strike","Havoc"],"picked":"SKIP","floor":22},{"not_picked":["Clothesline","Wild Strike"],"picked":"Immolate","floor":24},{"not_picked":["Flex","Sever Soul"],"picked":"Battle Trance","floor":27},{"not_picked":["Havoc","Flex"],"picked":"True Grit","floor":29}],"player_experience":1837546,"relics_obtained":[{"floor":9,"key":"Ornamental Fan"},{"floor":12,"key":"Gremlin Horn"},{"floor":24,"key":"Lantern"},{"floor":27,"key":"Ancient Tea Set"}],"event_choices":[{"damage_healed":0,"gold_gain":0,"player_choice":"Take Damage","damage_taken":26,"relics_obtained":["Golden Idol"],"max_hp_gain":0,"max_hp_loss":0,"event_name":"Golden Idol","floor":3,"gold_loss":0},{"damage_healed":0,"gold_gain":0,"player_choice":"Upgraded","damage_taken":0,"max_hp_gain":0,"max_hp_loss":0,"event_name":"Upgrade Shrine","floor":4,"gold_loss":0,"cards_upgraded":["Bash"]},{"damage_healed":0,"gold_gain":0,"player_choice":"Obtained Relic","damage_taken":0,"relics_obtained":["Calipers"],"max_hp_gain":0,"max_hp_loss":0,"event_name":"Addict","floor":20,"gold_loss":85},{"damage_healed":0,"gold_gain":0,"player_choice":"Fight","damage_taken":0,"max_hp_gain":0,"max_hp_loss":0,"event_name":"Colosseum","floor":28,"gold_loss":0},{"damage_healed":0,"gold_gain":0,"player_choice":"Fled From Nobs","damage_taken":0,"max_hp_gain":0,"max_hp_loss":0,"event_name":"Colosseum","floor":28,"gold_loss":0}],"is_beta":false,"boss_relics":[{"not_picked":["Black Star","Black Blood"],"picked":"Runic Pyramid"}],"items_purged_floors":[21],"is_endless":false,"potions_floor_spawned":[2,11,12,18,24,28],"killed_by":"Centurion and Healer","ascension_level":20}