{"path_per_floor":["M","?","M","$","?","R","E","R","T","M","M","M","E","M","R","B",null,"M","M","M","M"],"character_chosen":"THE_SILENT","items_purchased":["Envenom","Deadly Poison"],"gold_per_floor":[117,192,208,84,34,34,66,66,66,82,97,112,138,150,150,255,255,275,295,310,328,328],"floor_reached":22,"campfire_rested":1,"playtime":1006,"item_purchase_floors":[4,4],"current_hp_per_floor":[60,60,59,59,59,59,39,39,39,39,36,36,12,12,33,16,57,46,44,33,18,0],"items_purged":[],"gold":328,"score":280,"play_id":"3fff5045-303a-43f0-ae29-8709f44c2b06","local_time":"20180611234741","is_prod":false,"is_daily":false,"chose_seed":false,"is_ascension_mode":true,"campfire_upgraded":2,"win_rate":0,"timestamp":1528753661,"campfire_choices":[{"data":"Envenom","floor":6,"key":"SMITH"},{"data":"Neutralize","floor":8,"key":"SMITH"},{"floor":15,"key":"REST"}],"path_taken":["M","?","M","$","?","R","E","R","T","?","?","M","E","M","R","BOSS","M","M","M","M","M"],"build_version":"2018-06-08","seed_source_timestamp":19694949432738,"purchased_purges":0,"victory":false,"master_deck":["Defend_G","Defend_G","Defend_G","Defend_G","Defend_G","Strike_G","Strike_G","Strike_G","Strike_G","Survivor","Neutralize+1","Masterful Stab","All Out Attack","Envenom+1","Deadly Poison","Backstab","Cloak And Dagger","Skewer","Dagger Spray","Cloak And Dagger","Footwork","Burst","Noxious Fumes+1","Endless Agony","Adrenaline","Acrobatics+1"],"max_hp_per_floor":[70,70,70,70,70,70,70,70,70,70,70,70,70,70,70,70,70,70,70,70,70,70],"relics":["Runic Dome","Mercury Hourglass","Smiling Mask","Bronze Scales","Philosopher\u0027s Stone"],"card_choices":[{"not_picked":["Dagger Spray","Prepared"],"picked":"Masterful Stab","floor":1},{"not_picked":["Finisher","Bane"],"picked":"All Out Attack","floor":3},{"not_picked":["Dodge and Roll","Bane"],"picked":"Backstab","floor":7},{"not_picked":["Flechettes","Bullet Time"],"picked":"Cloak And Dagger","floor":10},{"not_picked":["Deflect","PiercingWail"],"picked":"Skewer","floor":11},{"not_picked":["Deflect","Riddle With Holes"],"picked":"Dagger Spray","floor":12},{"not_picked":["Deadly Poison","Setup"],"picked":"Cloak And Dagger","floor":13},{"not_picked":["Acrobatics","Deflect"],"picked":"Footwork","floor":14},{"not_picked":["Venomology","A Thousand Cuts"],"picked":"Burst","floor":16},{"not_picked":["Dodge and Roll+1","Prepared"],"picked":"Noxious Fumes+1","floor":18},{"not_picked":["Dagger Throw","PiercingWail+1"],"picked":"Endless Agony","floor":19},{"not_picked":["Prepared","Acrobatics"],"picked":"Adrenaline","floor":20},{"not_picked":["Dagger Throw","Leg Sweep+1"],"picked":"Acrobatics+1","floor":21}],"player_experience":313940,"potions_floor_usage":[18,19,22,22,22],"damage_taken":[{"damage":3,"enemies":"Jaw Worm","floor":1,"turns":5},{"damage":1,"enemies":"Small Slimes","floor":3,"turns":3},{"damage":20,"enemies":"3 Sentries","floor":7,"turns":6},{"damage":0,"enemies":"2 Louse","floor":10,"turns":2},{"damage":3,"enemies":"Exordium Wildlife","floor":11,"turns":3},{"damage":0,"enemies":"3 Louse","floor":12,"turns":1},{"damage":24,"enemies":"Lagavulin","floor":13,"turns":5},{"damage":0,"enemies":"Large Slime","floor":14,"turns":3},{"damage":17,"enemies":"The Guardian","floor":16,"turns":9},{"damage":11,"enemies":"Shell Parasite","floor":18,"turns":3},{"damage":2,"enemies":"2 Thieves","floor":19,"turns":3},{"damage":11,"enemies":"Chosen and Byrds","floor":20,"turns":5},{"damage":15,"enemies":"Snecko","floor":21,"turns":4},{"damage":25,"enemies":"Centurion and Healer","floor":22,"turns":4}],"relics_obtained":[{"floor":7,"key":"Mercury Hourglass"},{"floor":9,"key":"Smiling Mask"},{"floor":13,"key":"Bronze Scales"}],"event_choices":[{"event_name":"Golden Wing","player_choice":"Gained Gold","floor":2,"damage_taken":0},{"event_name":"The Cleric","player_choice":"Card Removal","floor":5,"damage_taken":0}],"boss_relics":[{"not_picked":["Velvet Choker","Lizard Tail"],"picked":"Philosopher\u0027s Stone"}],"items_purged_floors":[],"potions_floor_spawned":[10,12,14,18,19],"seed_played":"580827380478138905","killed_by":"Centurion and Healer","ascension_level":8,"potions_obtained":[{"floor":10,"key":"SpeedPotion"},{"floor":12,"key":"Fire Potion"},{"floor":14,"key":"AttackPotion"},{"floor":18,"key":"LiquidBronze"},{"floor":19,"key":"Weak Potion"}],"is_trial":false}