{"gold_per_floor":[117,117,135,155,155,155,194,194,269,308,327,366,381,381,381,474,474,493,493,408,449,6,6,6,39,86,86,86],"floor_reached":28,"playtime":1183,"items_purged":[],"score":479,"play_id":"4496befe-1b2e-4916-b7bd-0169ae0d61bf","local_time":"20191001010302","is_ascension_mode":true,"campfire_choices":[{"data":"Neutralize","floor":6.0,"key":"SMITH"},{"floor":8.0,"key":"REST"},{"floor":15.0,"key":"REST"},{"floor":23.0,"key":"REST"},{"floor":27,"key":"REST"}],"neow_cost":"NONE","seed_source_timestamp":1568247593278500,"circlet_count":0,"master_deck":["AscendersBane","Strike_G","Strike_G","Strike_G","Defend_G","Defend_G","Defend_G","Defend_G","Defend_G","Survivor","Neutralize+1","CurseOfTheBell","Leg Sweep","Poisoned Stab","Dagger Throw","After Image","Caltrops","Cloak And Dagger","Cloak And Dagger","Night Terror","Backstab","Well Laid Plans","Deadly Poison","Catalyst"],"special_seed":0,"relics":["Calling Bell","Toy Ornithopter","HornCleat","CaptainsWheel","Golden Idol","Juzu Bracelet","Mercury Hourglass","Lantern","Tingsha","Black Star","Omamori","Red Mask","Tough Bandages","MutagenicStrength","Ancient Tea Set","Nunchaku","Strawberry"],"potions_floor_usage":[25,28],"damage_taken":[{"damage":1.0,"enemies":"2 Louse","floor":1.0,"turns":4.0},{"damage":0.0,"enemies":"Small Slimes","floor":3.0,"turns":5.0},{"damage":2.0,"enemies":"Jaw Worm","floor":4.0,"turns":6.0},{"damage":13.0,"enemies":"3 Sentries","floor":7.0,"turns":12.0},{"damage":3.0,"enemies":"Gremlin Nob","floor":10.0,"turns":5.0},{"damage":2.0,"enemies":"Lots of Slimes","floor":11.0,"turns":3.0},{"damage":12.0,"enemies":"Lagavulin","floor":12.0,"turns":8.0},{"damage":7.0,"enemies":"Blue Slaver","floor":13.0,"turns":4.0},{"damage":20.0,"enemies":"Slime Boss","floor":16.0,"turns":13.0},{"damage":5.0,"enemies":"3 Byrds","floor":18.0,"turns":5.0},{"damage":48.0,"enemies":"Masked Bandits","floor":21.0,"turns":7.0},{"damage":37,"enemies":"Book of Stabbing","floor":25,"turns":7},{"damage":47,"enemies":"Slavers","floor":28,"turns":5}],"seed_played":"-8609356012319978457","potions_obtained":[{"floor":7.0,"key":"Ancient Potion"},{"floor":10.0,"key":"DuplicationPotion"},{"floor":13.0,"key":"Explosive Potion"},{"floor":16.0,"key":"DuplicationPotion"},{"floor":25,"key":"Dexterity Potion"}],"is_trial":false,"path_per_floor":["M","?","M","M","?","R","E","R","T","E","M","E","M","?","R","B",null,"M","?","?","?","$","R","?","E","T","R","E"],"character_chosen":"THE_SILENT","items_purchased":["Tough Bandages","Well Laid Plans","Deadly Poison"],"campfire_rested":4,"item_purchase_floors":[22,22,22],"current_hp_per_floor":[58,63,63,61,37,37,24,45,45,47,45,33,26,19,40,25,60,55,55,55,12,12,33,33,1,8,31,0],"gold":86,"neow_bonus":"BOSS_RELIC","is_prod":false,"is_daily":false,"chose_seed":false,"campfire_upgraded":1,"win_rate":0,"timestamp":1569916982,"path_taken":["M","?","M","M","?","R","E","R","T","E","M","E","M","?","R","BOSS","M","?","?","?","$","R","?","E","T","R","E"],"build_version":"2019-09-27","purchased_purges":0,"victory":false,"max_hp_per_floor":[66,71,71,71,71,71,71,71,71,71,71,71,71,71,71,71,71,71,71,71,71,71,71,71,71,78,78,78],"card_choices":[{"not_picked":["Escape Plan","Dagger Throw"],"picked":"Leg Sweep","floor":1.0},{"not_picked":["Dodge and Roll","Prepared"],"picked":"Poisoned Stab","floor":3.0},{"not_picked":["Choke","Eviscerate"],"picked":"Dagger Throw","floor":4.0},{"not_picked":["Deflect","Dagger Throw","Infinite Blades"],"picked":"SKIP","floor":7.0},{"not_picked":["Blade Dance","Distraction"],"picked":"After Image","floor":10.0},{"not_picked":["Endless Agony","Catalyst"],"picked":"Caltrops","floor":11.0},{"not_picked":["Predator","Infinite Blades"],"picked":"Cloak And Dagger","floor":12.0},{"not_picked":["Acrobatics","Poisoned Stab"],"picked":"Cloak And Dagger","floor":13.0},{"not_picked":["Envenom","Wraith Form v2"],"picked":"Night Terror","floor":16.0},{"not_picked":["Dodge and Roll","Outmaneuver","Prepared"],"picked":"SKIP","floor":18.0},{"not_picked":["Leg Sweep","Prepared"],"picked":"Backstab","floor":21.0},{"not_picked":["Skewer","Masterful Stab"],"picked":"Catalyst","floor":25}],"player_experience":1515813,"relics_obtained":[{"floor":0.0,"key":"Toy Ornithopter"},{"floor":0.0,"key":"HornCleat"},{"floor":0.0,"key":"CaptainsWheel"},{"floor":7.0,"key":"Juzu Bracelet"},{"floor":9.0,"key":"Mercury Hourglass"},{"floor":10.0,"key":"Lantern"},{"floor":12.0,"key":"Tingsha"},{"floor":21.0,"key":"Red Mask"},{"floor":25,"key":"Ancient Tea Set"},{"floor":25,"key":"Nunchaku"},{"floor":26,"key":"Strawberry"}],"event_choices":[{"damage_healed":0.0,"max_hp_gain":5.0,"max_hp_loss":0.0,"gold_gain":0.0,"event_name":"Big Fish","player_choice":"Donut","floor":2.0,"gold_loss":0.0,"damage_taken":0.0},{"damage_healed":0.0,"max_hp_gain":0.0,"max_hp_loss":0.0,"gold_gain":0.0,"event_name":"Golden Idol","player_choice":"Take Damage","floor":5.0,"gold_loss":0.0,"damage_taken":24.0,"relics_obtained":["Golden Idol"]},{"cards_removed":["Strike_G"],"damage_healed":0.0,"max_hp_gain":0.0,"max_hp_loss":0.0,"gold_gain":0.0,"event_name":"Golden Wing","player_choice":"Card Removal","floor":14.0,"gold_loss":0.0,"damage_taken":7.0},{"cards_removed":["Strike_G"],"damage_healed":0.0,"max_hp_gain":0.0,"max_hp_loss":0.0,"gold_gain":0.0,"event_name":"Purifier","player_choice":"Purged","floor":19.0,"gold_loss":0.0,"damage_taken":0.0},{"damage_healed":0.0,"max_hp_gain":0.0,"max_hp_loss":0.0,"gold_gain":0.0,"event_name":"Addict","player_choice":"Obtained Relic","floor":20.0,"gold_loss":85.0,"damage_taken":0.0,"relics_obtained":["Omamori"]},{"damage_healed":0.0,"max_hp_gain":0.0,"max_hp_loss":0.0,"gold_gain":0.0,"event_name":"Masked Bandits","player_choice":"Fought Bandits","floor":21.0,"gold_loss":0.0,"damage_taken":0.0},{"damage_healed":0.0,"max_hp_gain":0.0,"max_hp_loss":0.0,"gold_gain":0.0,"event_name":"Drug Dealer","player_choice":"Inject Mutagens","floor":24.0,"gold_loss":0.0,"damage_taken":0.0,"relics_obtained":["MutagenicStrength"]}],"is_beta":true,"boss_relics":[{"not_picked":["SlaversCollar","Tiny House"],"picked":"Black Star"}],"items_purged_floors":[],"is_endless":false,"potions_floor_spawned":[7,10,13,16,18,25],"killed_by":"Slavers","ascension_level":18}