{"gold_per_floor":[114,130,140,140,140,173,173,194,247,291,291,312,335,335,335,335],"floor_reached":16,"playtime":590,"items_purged":[],"score":179,"play_id":"9817d718-35ce-4836-b97d-df424ee97434","local_time":"20190902095447","is_ascension_mode":true,"campfire_choices":[{"floor":7,"key":"REST"},{"floor":11,"key":"REST"},{"floor":15,"key":"REST"}],"neow_cost":"NONE","seed_source_timestamp":1606341347490900,"circlet_count":0,"master_deck":["AscendersBane","Strike_G","Strike_G","Strike_G","Strike_G","Defend_G","Defend_G","Defend_G","Defend_G","Defend_G","Survivor","Neutralize","Caltrops","Die Die Die","Dagger Throw","Terror","Wraith Form v2","Blur","Well Laid Plans"],"special_seed":0,"relics":["Runic Dome","Golden Idol","Question Card","Pen Nib","Bag of Marbles","Letter Opener"],"potions_floor_usage":[6],"damage_taken":[{"damage":0.0,"enemies":"Cultist","floor":1.0,"turns":5.0},{"damage":2.0,"enemies":"2 Louse","floor":2.0,"turns":3.0},{"damage":2.0,"enemies":"Small Slimes","floor":3.0,"turns":4.0},{"damage":23,"enemies":"Lagavulin","floor":6,"turns":8},{"damage":0,"enemies":"Red Slaver","floor":8,"turns":4},{"damage":32,"enemies":"Gremlin Nob","floor":10,"turns":4},{"damage":13,"enemies":"Exordium Thugs","floor":12,"turns":5},{"damage":0,"enemies":"3 Louse","floor":13,"turns":1},{"damage":40,"enemies":"The Guardian","floor":16,"turns":12}],"seed_played":"-2329030196157787440","potions_obtained":[{"floor":1.0,"key":"PowerPotion"},{"floor":8,"key":"Energy Potion"},{"floor":10,"key":"Dexterity Potion"}],"is_trial":false,"path_per_floor":["M","M","M","?","?","E","R","M","T","E","R","M","M","?","R","B"],"character_chosen":"THE_SILENT","items_purchased":[],"campfire_rested":3,"item_purchase_floors":[],"current_hp_per_floor":[63,61,59,42,35,12,33,33,33,1,22,9,9,9,30,0],"gold":335,"neow_bonus":"BOSS_RELIC","is_prod":false,"is_daily":false,"chose_seed":false,"campfire_upgraded":0,"win_rate":0,"timestamp":1567443287,"path_taken":["M","?","M","?","?","E","R","M","T","E","R","M","M","?","R","BOSS"],"build_version":"2019-07-17","purchased_purges":0,"victory":false,"max_hp_per_floor":[70,70,70,70,70,70,70,70,70,70,70,70,70,70,70,70],"card_choices":[{"not_picked":["Prepared","Underhanded Strike"],"picked":"Caltrops","floor":1.0},{"not_picked":["Setup","Blade Dance","Escape Plan"],"picked":"SKIP","floor":2.0},{"not_picked":["Noxious Fumes","Prepared"],"picked":"Die Die Die","floor":3.0},{"not_picked":["Quick Slash","Masterful Stab"],"picked":"Dagger Throw","floor":6},{"not_picked":["Dodge and Roll","Slice","Deflect"],"picked":"Terror","floor":8},{"not_picked":["Dagger Spray","Cloak And Dagger","Escape Plan"],"picked":"Wraith Form v2","floor":10},{"not_picked":["Acrobatics","Masterful Stab","Quick Slash"],"picked":"Blur","floor":12},{"not_picked":["Deflect","All Out Attack","Flying Knee"],"picked":"Well Laid Plans","floor":13}],"player_experience":1371258,"relics_obtained":[{"floor":6,"key":"Question Card"},{"floor":9,"key":"Pen Nib"},{"floor":10,"key":"Bag of Marbles"}],"event_choices":[{"damage_healed":0.0,"max_hp_gain":0.0,"max_hp_loss":0.0,"gold_gain":0.0,"event_name":"Golden Idol","player_choice":"Take Damage","floor":4.0,"gold_loss":0.0,"damage_taken":17.0,"relics_obtained":["Golden Idol"]},{"cards_removed":["Strike_G"],"damage_healed":0.0,"max_hp_gain":0.0,"max_hp_loss":0.0,"gold_gain":0.0,"event_name":"Golden Wing","player_choice":"Card Removal","floor":5.0,"gold_loss":0.0,"damage_taken":7.0},{"damage_healed":0,"gold_gain":0,"player_choice":"Gave Potion","damage_taken":0,"relics_obtained":["Letter Opener"],"max_hp_gain":0,"max_hp_loss":0,"event_name":"WeMeetAgain","floor":14,"gold_loss":0}],"is_beta":false,"boss_relics":[],"items_purged_floors":[],"is_endless":false,"potions_floor_spawned":[1,8,10],"killed_by":"The Guardian","ascension_level":12}