{"gold_per_floor":[119,134,152,163,238,238,256,256],"floor_reached":8,"playtime":306,"items_purged":[],"score":95,"play_id":"14505cda-57f7-4d3d-b807-7fd96693a457","local_time":"20190930001213","is_ascension_mode":true,"campfire_choices":[{"floor":6.0,"key":"REST"}],"neow_cost":"NONE","seed_source_timestamp":1479734708880400,"circlet_count":0,"master_deck":["AscendersBane","Strike_G","Strike_G","Strike_G","Strike_G","Strike_G","Defend_G","Defend_G","Defend_G","Defend_G","Defend_G","Survivor","Neutralize","Backstab","Quick Slash","Backflip"],"special_seed":0,"relics":["Philosopher\u0027s Stone"],"potions_floor_usage":[],"damage_taken":[{"damage":9.0,"enemies":"Cultist","floor":1.0,"turns":6.0},{"damage":0.0,"enemies":"2 Louse","floor":2.0,"turns":3.0},{"damage":8.0,"enemies":"Jaw Worm","floor":3.0,"turns":4.0},{"damage":10.0,"enemies":"Red Slaver","floor":4.0,"turns":2.0},{"damage":1.0,"enemies":"Blue Slaver","floor":7.0,"turns":4.0},{"damage":49,"enemies":"Gremlin Nob","floor":8,"turns":4}],"seed_played":"638206289506388492","potions_obtained":[{"floor":2.0,"key":"Dexterity Potion"},{"floor":3.0,"key":"AttackPotion"},{"floor":4.0,"key":"Swift Potion"},{"floor":7.0,"key":"LiquidBronze"}],"is_trial":false,"path_per_floor":["M","M","M","M","?","R","M","E"],"character_chosen":"THE_SILENT","items_purchased":[],"campfire_rested":1,"item_purchase_floors":[],"current_hp_per_floor":[50,50,42,32,21,40,39,0],"gold":256,"neow_bonus":"BOSS_RELIC","is_prod":false,"is_daily":false,"chose_seed":false,"campfire_upgraded":0,"win_rate":0,"timestamp":1569827533,"path_taken":["M","M","M","M","?","R","M","E"],"build_version":"2019-09-27","purchased_purges":0,"victory":false,"max_hp_per_floor":[66,66,66,66,66,66,66,66],"card_choices":[{"not_picked":["Sucker Punch","Eviscerate"],"picked":"Backstab","floor":1.0},{"not_picked":["Prepared","Expertise","Calculated Gamble"],"picked":"SKIP","floor":2.0},{"not_picked":["Blur","Deadly Poison"],"picked":"Quick Slash","floor":3.0},{"not_picked":["Deadly Poison","Flechettes"],"picked":"Backflip","floor":4.0},{"not_picked":["Deflect","Underhanded Strike","Flying Knee"],"picked":"SKIP","floor":7.0}],"player_experience":1509632,"relics_obtained":[],"event_choices":[{"damage_healed":0.0,"max_hp_gain":0.0,"max_hp_loss":0.0,"gold_gain":75.0,"event_name":"World of Goop","player_choice":"Gather Gold","floor":5.0,"gold_loss":0.0,"damage_taken":11.0}],"is_beta":true,"boss_relics":[],"items_purged_floors":[],"is_endless":false,"potions_floor_spawned":[2,3,4,7],"killed_by":"Gremlin Nob","ascension_level":18}