{"gold_per_floor":[113,129,142,142,67,99,109,141,141,141,161,161,179,194,194,265,265,283,283,283,23,23,57,57,67,67,67,82,82,100,111,111,111],"floor_reached":33,"playtime":1386,"items_purged":["Strike_G","Strike_G"],"score":578,"play_id":"57cfce8f-e880-4a1e-9768-508569625d08","local_time":"20191002010525","is_ascension_mode":true,"campfire_choices":[{"floor":10.0,"key":"REST"},{"floor":15.0,"key":"REST"},{"floor":24.0,"key":"REST"},{"floor":27.0,"key":"REST"},{"floor":32.0,"key":"REST"}],"neow_cost":"NONE","seed_source_timestamp":1654250989690800,"circlet_count":0,"master_deck":["AscendersBane","Defend_G","Defend_G","Defend_G","Defend_G","Defend_G","Survivor","Neutralize+1","Quick Slash","Poisoned Stab","Dash","Night Terror+1","Noxious Fumes","Well Laid Plans","Catalyst","Adrenaline","Tactician+1","Noxious Fumes+1","Glass Knife+1","Calculated Gamble","Cloak And Dagger+1","Backstab+1","Leg Sweep","Wraith Form v2","Bane+1"],"special_seed":0,"relics":["Ring of the Snake","NeowsBlessing","The Courier","Snake Skull","Bottled Lightning","Question Card","Astrolabe","Shuriken","Strawberry","Molten Egg 2","Kunai"],"potions_floor_usage":[33],"damage_taken":[{"damage":0.0,"enemies":"Cultist","floor":1.0,"turns":1.0},{"damage":0.0,"enemies":"2 Louse","floor":2.0,"turns":1.0},{"damage":0.0,"enemies":"Jaw Worm","floor":3.0,"turns":1.0},{"damage":26.0,"enemies":"3 Sentries","floor":6.0,"turns":10.0},{"damage":4.0,"enemies":"Blue Slaver","floor":7.0,"turns":4.0},{"damage":26.0,"enemies":"Gremlin Nob","floor":8.0,"turns":5.0},{"damage":14.0,"enemies":"Exordium Thugs","floor":11.0,"turns":5.0},{"damage":0.0,"enemies":"Exordium Wildlife","floor":13.0,"turns":5.0},{"damage":1.0,"enemies":"Looter","floor":14.0,"turns":4.0},{"damage":17.0,"enemies":"The Guardian","floor":16.0,"turns":11.0},{"damage":11.0,"enemies":"Shell Parasite","floor":18.0,"turns":6.0},{"damage":36.0,"enemies":"Book of Stabbing","floor":23.0,"turns":5.0},{"damage":0.0,"enemies":"Spheric Guardian","floor":25.0,"turns":3.0},{"damage":1.0,"enemies":"Cultist and Chosen","floor":28.0,"turns":5.0},{"damage":13.0,"enemies":"Snake Plant","floor":30.0,"turns":6.0},{"damage":28.0,"enemies":"3 Cultists","floor":31.0,"turns":5.0},{"damage":33,"enemies":"Collector","floor":33,"turns":10}],"seed_played":"-8146483239688410414","potions_obtained":[{"floor":6.0,"key":"FearPotion"},{"floor":11.0,"key":"CunningPotion"},{"floor":13.0,"key":"EntropicBrew"},{"floor":14.0,"key":"FearPotion"},{"floor":23.0,"key":"FearPotion"},{"floor":28.0,"key":"Dexterity Potion"},{"floor":30.0,"key":"PowerPotion"}],"is_trial":false,"path_per_floor":["M","M","M","?","$","E","M","E","T","R","M","T","M","M","R","B",null,"M","?","T","$","?","E","R","M","T","R","M","?","M","M","R","B"],"character_chosen":"THE_SILENT","items_purchased":["Strawberry","Cloak And Dagger"],"campfire_rested":5,"item_purchase_floors":[21,21],"current_hp_per_floor":[59,59,59,59,59,33,29,3,3,22,8,8,8,7,26,9,52,41,41,41,48,48,12,33,33,33,54,53,53,40,12,33,0],"gold":111,"neow_bonus":"THREE_ENEMY_KILL","is_prod":false,"is_daily":false,"chose_seed":false,"campfire_upgraded":0,"win_rate":0,"timestamp":1570003525,"path_taken":["M","M","?","?","?","E","M","E","T","R","M","?","M","?","R","BOSS","M","?","?","$","?","E","R","M","T","R","?","?","M","M","R","BOSS"],"build_version":"2019-10-01","purchased_purges":2,"victory":false,"max_hp_per_floor":[66,66,66,66,66,66,66,66,66,66,66,66,66,66,66,66,66,66,66,66,73,73,73,73,73,73,73,73,73,73,73,73,73],"card_choices":[{"not_picked":["Dagger Throw","Prepared"],"picked":"Quick Slash","floor":1.0},{"not_picked":["Sucker Punch","Acrobatics"],"picked":"Poisoned Stab","floor":2.0},{"not_picked":["Setup","Heel Hook"],"picked":"Dash","floor":3.0},{"not_picked":["Bane","Flying Knee"],"picked":"Night Terror","floor":6.0},{"not_picked":["Slice","Dagger Spray"],"picked":"Noxious Fumes","floor":7.0},{"not_picked":["Underhanded Strike","Doppelganger","Heel Hook"],"picked":"SKIP","floor":8.0},{"not_picked":["Deflect","Poisoned Stab"],"picked":"Well Laid Plans","floor":11.0},{"not_picked":["Dagger Spray","Flying Knee","Poisoned Stab","Sucker Punch"],"picked":"SKIP","floor":13.0},{"not_picked":["Calculated Gamble","Endless Agony","Backflip"],"picked":"Catalyst","floor":14.0},{"not_picked":["Unload","Storm of Steel","Grand Finale"],"picked":"Adrenaline","floor":16.0},{"not_picked":["Infinite Blades","Sucker Punch","Dodge and Roll"],"picked":"Calculated Gamble","floor":18.0},{"not_picked":["Noxious Fumes+1","All Out Attack","Blur"],"picked":"Backstab","floor":23.0},{"not_picked":["Setup","Prepared","Slice+1"],"picked":"Leg Sweep","floor":25.0},{"not_picked":["Dash+1","Setup","Noxious Fumes+1"],"picked":"Wraith Form v2","floor":28.0},{"not_picked":["Prepared","Flying Knee+1","Underhanded Strike+1"],"picked":"Bane+1","floor":30.0},{"not_picked":["Flying Knee+1","Deflect","Quick Slash+1","Prepared"],"picked":"SKIP","floor":31.0}],"player_experience":1519304,"relics_obtained":[{"floor":6.0,"key":"The Courier"},{"floor":8.0,"key":"Snake Skull"},{"floor":9.0,"key":"Bottled Lightning"},{"floor":12.0,"key":"Question Card"},{"floor":20.0,"key":"Shuriken"},{"floor":23.0,"key":"Molten Egg 2"},{"floor":26.0,"key":"Kunai"}],"event_choices":[{"damage_healed":0.0,"max_hp_gain":0.0,"max_hp_loss":0.0,"gold_gain":0.0,"event_name":"Living Wall","player_choice":"Grow","floor":4.0,"gold_loss":0.0,"damage_taken":0.0,"cards_upgraded":["Neutralize"]},{"damage_healed":0.0,"max_hp_gain":0.0,"max_hp_loss":0.0,"gold_gain":0.0,"event_name":"The Mausoleum","player_choice":"Ignored","floor":19.0,"gold_loss":0.0,"damage_taken":0.0},{"damage_healed":0.0,"max_hp_gain":0.0,"max_hp_loss":0.0,"gold_gain":0.0,"event_name":"Upgrade Shrine","player_choice":"Upgraded","floor":22.0,"gold_loss":0.0,"damage_taken":0.0,"cards_upgraded":["Cloak And Dagger"]},{"damage_healed":0.0,"max_hp_gain":0.0,"max_hp_loss":0.0,"gold_gain":0.0,"event_name":"Accursed Blacksmith","player_choice":"Forge","floor":29.0,"gold_loss":0.0,"damage_taken":0.0,"cards_upgraded":["Night Terror"]}],"is_beta":true,"boss_relics":[{"not_picked":["Tiny House","Ring of the Serpent"],"picked":"Astrolabe"}],"items_purged_floors":[5,21],"is_endless":false,"potions_floor_spawned":[6,11,13,14,23,28,30],"killed_by":"Collector","ascension_level":18}