{"gold_per_floor":[119,129,179,189,204,236,236,252,301,18,18],"floor_reached":11,"playtime":329,"items_purged":["Strike_G"],"score":150,"play_id":"230e1623-e9e5-40c4-984b-af1eeaaf8c78","local_time":"20191004001600","is_ascension_mode":true,"campfire_choices":[{"floor":7,"key":"REST"}],"neow_cost":"NONE","seed_source_timestamp":1825492511705500,"circlet_count":0,"master_deck":["AscendersBane","Strike_G","Strike_G","Strike_G","Strike_G","Defend_G","Defend_G","Defend_G","Defend_G","Defend_G","Survivor","Neutralize","Poisoned Stab","Escape Plan","Bane","Backflip","Noxious Fumes"],"special_seed":0,"relics":["Ring of the Snake","NeowsBlessing","Lantern","Blood Vial","PreservedInsect"],"potions_floor_usage":[6,6],"damage_taken":[{"damage":0.0,"enemies":"2 Louse","floor":1.0,"turns":1.0},{"damage":0.0,"enemies":"Cultist","floor":2.0,"turns":1.0},{"damage":0.0,"enemies":"Small Slimes","floor":4.0,"turns":1.0},{"damage":6.0,"enemies":"Looter","floor":5.0,"turns":4.0},{"damage":66,"enemies":"Lagavulin","floor":6,"turns":9},{"damage":16,"enemies":"Blue Slaver","floor":8,"turns":5},{"damage":9,"enemies":"Gremlin Gang","floor":11,"turns":2}],"seed_played":"523723563721768326","potions_obtained":[{"floor":1.0,"key":"Regen Potion"},{"floor":2.0,"key":"LiquidBronze"},{"floor":8,"key":"SteroidPotion"}],"is_trial":false,"path_per_floor":["M","M","?","M","M","E","R","M","T","$","M"],"character_chosen":"THE_SILENT","items_purchased":["PreservedInsect","Noxious Fumes"],"campfire_rested":1,"item_purchase_floors":[10,10],"current_hp_per_floor":[59,59,59,59,53,2,21,5,5,5,0],"gold":18,"neow_bonus":"THREE_ENEMY_KILL","is_prod":false,"is_daily":false,"chose_seed":false,"campfire_upgraded":0,"win_rate":0,"timestamp":1570173360,"path_taken":["M","M","?","M","M","E","R","M","T","?","?"],"build_version":"2019-10-03","purchased_purges":1,"victory":false,"max_hp_per_floor":[66,66,66,66,66,66,66,66,66,66,66],"card_choices":[{"not_picked":["Crippling Poison","Dagger Spray"],"picked":"Poisoned Stab","floor":1.0},{"not_picked":["Distraction","Underhanded Strike"],"picked":"Escape Plan","floor":2.0},{"not_picked":["Reflex","Deflect","Slice"],"picked":"SKIP","floor":4.0},{"not_picked":["Dodge and Roll","Flying Knee","Tactician"],"picked":"SKIP","floor":5.0},{"not_picked":["Eviscerate","Reflex"],"picked":"Bane","floor":6},{"not_picked":["Infinite Blades","Reflex"],"picked":"Backflip","floor":8}],"player_experience":1528302,"relics_obtained":[{"floor":6,"key":"Lantern"},{"floor":9,"key":"Blood Vial"}],"event_choices":[{"damage_healed":0.0,"max_hp_gain":0.0,"max_hp_loss":0.0,"gold_gain":50.0,"event_name":"Golden Shrine","player_choice":"Pray","floor":3.0,"gold_loss":0.0,"damage_taken":0.0}],"is_beta":true,"boss_relics":[],"items_purged_floors":[10],"is_endless":false,"potions_floor_spawned":[1,2,8],"killed_by":"Gremlin Gang","ascension_level":20}