{"gold_per_floor":[20,20,20,33,33,76,112,112,186,27,45,84,84,108,108,198,198,218,218,218,236,24,24,49,49,98,98,123,163,163,163,163,163],"floor_reached":33,"playtime":1828,"items_purged":["Strike_G"],"score":515,"play_id":"60f08c9a-3b46-464a-9f7d-99d4ab1fe7f8","local_time":"20190930225710","is_ascension_mode":true,"campfire_choices":[{"floor":8.0,"key":"REST"},{"floor":13.0,"key":"REST"},{"floor":15.0,"key":"REST"},{"data":"Neutralize","floor":23.0,"key":"SMITH"},{"data":"Footwork","floor":25.0,"key":"SMITH"},{"floor":27.0,"key":"REST"},{"data":"Calculated Gamble","floor":30,"key":"SMITH"},{"floor":32,"key":"REST"}],"neow_cost":"NO_GOLD","seed_source_timestamp":1559762694251100,"circlet_count":0,"master_deck":["AscendersBane","Strike_G","Strike_G","Defend_G","Defend_G","Defend_G","Defend_G","Defend_G","Survivor","Neutralize+1","Dash","Backstab","Quick Slash","Footwork+1","Calculated Gamble+1","Backflip","Wraith Form v2+1","Crippling Poison","PiercingWail","Poisoned Stab+1","Burst","A Thousand Cuts"],"special_seed":0,"relics":["Ring of the Snake","Golden Idol","Vajra","Ornamental Fan","Odd Mushroom","Mummified Hand","The Courier","Philosopher\u0027s Stone","Molten Egg 2","Juzu Bracelet","Toy Ornithopter"],"potions_floor_usage":[29,33],"damage_taken":[{"damage":7.0,"enemies":"2 Louse","floor":1.0,"turns":3.0},{"damage":0.0,"enemies":"Jaw Worm","floor":4.0,"turns":3.0},{"damage":17.0,"enemies":"3 Sentries","floor":6.0,"turns":9.0},{"damage":0.0,"enemies":"The Mushroom Lair","floor":7.0,"turns":4.0},{"damage":0.0,"enemies":"Small Slimes","floor":11.0,"turns":3.0},{"damage":32.0,"enemies":"Gremlin Nob","floor":12.0,"turns":5.0},{"damage":0.0,"enemies":"Blue Slaver","floor":14.0,"turns":3.0},{"damage":48.0,"enemies":"Slime Boss","floor":16.0,"turns":17.0},{"damage":10.0,"enemies":"Shell Parasite","floor":18.0,"turns":10.0},{"damage":6.0,"enemies":"Spheric Guardian","floor":21.0,"turns":6.0},{"damage":19.0,"enemies":"Snecko","floor":24.0,"turns":10.0},{"damage":1.0,"enemies":"Centurion and Healer","floor":28.0,"turns":8.0},{"damage":26,"enemies":"Slavers","floor":29,"turns":10},{"damage":89,"enemies":"Automaton","floor":33,"turns":18}],"seed_played":"4936741304032812113","potions_obtained":[{"floor":1.0,"key":"SmokeBomb"},{"floor":6.0,"key":"Fire Potion"},{"floor":12.0,"key":"AttackPotion"},{"floor":14.0,"key":"Dexterity Potion"},{"floor":16.0,"key":"DuplicationPotion"},{"floor":18.0,"key":"AttackPotion"},{"floor":28.0,"key":"SteroidPotion"}],"is_trial":false,"path_per_floor":["M","?","?","M","?","E","?","R","T","$","M","E","R","M","R","B",null,"M","?","?","M","$","R","M","R","T","R","M","E","R","?","R","B"],"character_chosen":"THE_SILENT","items_purchased":["Footwork","Molten Egg 2"],"campfire_rested":5,"item_purchase_floors":[10,22],"current_hp_per_floor":[64,37,11,11,37,20,20,43,43,43,43,11,34,34,57,9,61,51,51,51,45,45,45,26,26,26,49,48,22,22,22,45,0],"gold":163,"neow_bonus":"TWENTY_PERCENT_HP_BONUS","is_prod":false,"is_daily":false,"chose_seed":false,"campfire_upgraded":3,"win_rate":0,"timestamp":1569909430,"path_taken":["M","?","?","M","?","E","?","R","T","?","M","E","R","M","R","BOSS","M","?","?","?","$","R","M","R","T","R","M","E","R","?","R","BOSS"],"build_version":"2019-09-27","purchased_purges":1,"victory":false,"max_hp_per_floor":[78,78,78,78,78,78,78,78,78,78,78,78,78,78,78,78,78,78,78,78,78,78,78,78,78,78,78,78,78,78,78,78,78],"card_choices":[{"not_picked":["Blade Dance","Reflex"],"picked":"Dash","floor":1.0},{"not_picked":["Flechettes","Poisoned Stab"],"picked":"Backstab","floor":4.0},{"not_picked":["Choke","Blade Dance"],"picked":"Quick Slash","floor":6.0},{"not_picked":["Sucker Punch","Eviscerate","Expertise"],"picked":"SKIP","floor":11.0},{"not_picked":["Outmaneuver","Blade Dance"],"picked":"Calculated Gamble","floor":12.0},{"not_picked":["Bane","Distraction"],"picked":"Backflip","floor":14.0},{"not_picked":["Malaise","Phantasmal Killer"],"picked":"Wraith Form v2","floor":16.0},{"not_picked":["Riddle With Holes","Prepared","Backflip"],"picked":"SKIP","floor":18.0},{"not_picked":["Dagger Throw","Choke","Acrobatics"],"picked":"SKIP","floor":21.0},{"not_picked":["Crippling Poison","Sucker Punch+1","Prepared"],"picked":"SKIP","floor":24.0},{"not_picked":["Underhanded Strike+1","Outmaneuver"],"picked":"PiercingWail","floor":28.0},{"not_picked":["Infinite Blades","Acrobatics"],"picked":"Poisoned Stab+1","floor":29}],"player_experience":1513140,"relics_obtained":[{"floor":6.0,"key":"Ornamental Fan"},{"floor":7.0,"key":"Odd Mushroom"},{"floor":9.0,"key":"Mummified Hand"},{"floor":12.0,"key":"The Courier"},{"floor":26.0,"key":"Juzu Bracelet"},{"floor":29,"key":"Toy Ornithopter"}],"event_choices":[{"damage_healed":0.0,"max_hp_gain":0.0,"max_hp_loss":0.0,"gold_gain":0.0,"event_name":"Golden Idol","player_choice":"Take Damage","floor":2.0,"gold_loss":0.0,"damage_taken":27.0,"relics_obtained":["Golden Idol"]},{"damage_healed":0.0,"max_hp_gain":0.0,"max_hp_loss":0.0,"gold_gain":0.0,"event_name":"Scrap Ooze","player_choice":"Success","floor":3.0,"gold_loss":0.0,"damage_taken":26.0,"relics_obtained":["Vajra"]},{"damage_healed":26.0,"max_hp_gain":0.0,"max_hp_loss":0.0,"gold_gain":0.0,"event_name":"Big Fish","player_choice":"Banana","floor":5.0,"gold_loss":0.0,"damage_taken":0.0},{"damage_healed":0.0,"max_hp_gain":0.0,"max_hp_loss":0.0,"gold_gain":0.0,"event_name":"Mushrooms","player_choice":"Fought Mushrooms","floor":7.0,"gold_loss":0.0,"damage_taken":0.0},{"damage_healed":0.0,"max_hp_gain":0.0,"max_hp_loss":0.0,"gold_gain":0.0,"event_name":"The Library","player_choice":"Read","floor":19.0,"gold_loss":0.0,"damage_taken":0.0,"cards_obtained":["Crippling Poison"]},{"damage_healed":0.0,"max_hp_gain":0.0,"max_hp_loss":0.0,"gold_gain":0.0,"event_name":"Accursed Blacksmith","player_choice":"Forge","floor":20.0,"gold_loss":0.0,"damage_taken":0.0,"cards_upgraded":["Wraith Form v2"]},{"damage_healed":0,"gold_gain":0,"cards_transformed":["Strike_G","Strike_G"],"player_choice":"Became Test Subject","damage_taken":0,"max_hp_gain":0,"max_hp_loss":0,"event_name":"Drug Dealer","floor":31,"gold_loss":0,"cards_obtained":["Burst","A Thousand Cuts"]}],"is_beta":true,"boss_relics":[{"not_picked":["SlaversCollar","Fusion Hammer"],"picked":"Philosopher\u0027s Stone"}],"items_purged_floors":[10],"is_endless":false,"potions_floor_spawned":[1,6,12,14,16,18,28],"killed_by":"Automaton","ascension_level":18}