{"gold_per_floor":[99,99,69,69,69,69,69,69,69,69,69,69,69,69,69,69,69,0,0,0,0,0,0,0,0,0,0,0,0,0,0,0,0,0,0,0,0,0,0,0,0,0,0,0,0,0,0,0,0,0],"floor_reached":51,"playtime":2541,"items_purged":[],"score":1265,"play_id":"77ffbf47-82c4-4b4f-b904-dca8e9033f09","local_time":"20191003012236","is_ascension_mode":true,"campfire_choices":[{"floor":7.0,"key":"REST"},{"floor":13.0,"key":"REST"},{"data":"Neutralize","floor":15.0,"key":"SMITH"},{"floor":23.0,"key":"REST"},{"data":"Wraith Form v2","floor":30.0,"key":"SMITH"},{"floor":32.0,"key":"REST"},{"floor":40.0,"key":"REST"},{"floor":45.0,"key":"REST"},{"floor":49.0,"key":"REST"}],"neow_cost":"NONE","seed_source_timestamp":1740634574309400,"circlet_count":0,"master_deck":["AscendersBane","Strike_G+1","Strike_G+1","Strike_G+1","Strike_G+1","Strike_G+1","Defend_G+1","Defend_G+1","Defend_G+1","Defend_G+1","Defend_G+1","Survivor+1","Neutralize+1","Dash","Wraith Form v2+1","Backflip","Poisoned Stab","Bouncing Flask+1","Noxious Fumes","After Image+1","CurseOfTheBell","Bane","Caltrops","RitualDagger","Terror","All Out Attack+1","Malaise","Backflip","Skewer","Apotheosis+1","Blind","Bandage Up","Bane+1","Catalyst+1","Blade Dance+1"],"special_seed":0,"relics":["Ectoplasm","WingedGreaves","Juzu Bracelet","Akabeko","Question Card","Bloody Idol","Calling Bell","CeramicFish","Torii","Ninja Scroll","War Paint","Kunai","Fusion Hammer","Lizard Tail","Dodecahedron"],"potions_floor_usage":[50],"damage_taken":[{"damage":4.0,"enemies":"Small Slimes","floor":1.0,"turns":4.0},{"damage":0.0,"enemies":"Cultist","floor":2.0,"turns":5.0},{"damage":0.0,"enemies":"Jaw Worm","floor":4.0,"turns":4.0},{"damage":2.0,"enemies":"Exordium Wildlife","floor":5.0,"turns":7.0},{"damage":38.0,"enemies":"3 Sentries","floor":6.0,"turns":15.0},{"damage":9.0,"enemies":"Gremlin Nob","floor":8.0,"turns":6.0},{"damage":10.0,"enemies":"3 Sentries","floor":10.0,"turns":10.0},{"damage":3.0,"enemies":"Large Slime","floor":14.0,"turns":6.0},{"damage":20.0,"enemies":"Hexaghost","floor":16.0,"turns":11.0},{"damage":18.0,"enemies":"2 Thieves","floor":18.0,"turns":5.0},{"damage":1.0,"enemies":"Chosen","floor":27.0,"turns":5.0},{"damage":0.0,"enemies":"Snecko","floor":29.0,"turns":5.0},{"damage":7.0,"enemies":"Centurion and Healer","floor":31.0,"turns":7.0},{"damage":36.0,"enemies":"Collector","floor":33.0,"turns":11.0},{"damage":8.0,"enemies":"Orb Walker","floor":35.0,"turns":4.0},{"damage":24.0,"enemies":"2 Orb Walkers","floor":36.0,"turns":4.0},{"damage":8.0,"enemies":"3 Shapes","floor":41.0,"turns":7.0},{"damage":26.0,"enemies":"Maw","floor":42.0,"turns":7.0},{"damage":0.0,"enemies":"Spire Growth","floor":44.0,"turns":4.0},{"damage":18.0,"enemies":"Jaw Worm Horde","floor":46.0,"turns":3.0},{"damage":68,"enemies":"Donu and Deca","floor":50,"turns":11}],"seed_played":"-657882286472577","potions_obtained":[{"floor":3.0,"key":"Block Potion"},{"floor":3.0,"key":"Swift Potion"},{"floor":4.0,"key":"CunningPotion"},{"floor":6.0,"key":"Ancient Potion"},{"floor":8.0,"key":"Weak Potion"},{"floor":10.0,"key":"Explosive Potion"},{"floor":27.0,"key":"Strength Potion"},{"floor":31.0,"key":"SpeedPotion"},{"floor":33.0,"key":"Weak Potion"},{"floor":46.0,"key":"Swift Potion"}],"is_trial":false,"path_per_floor":["M","M","?","M","M","E","R","E","T","E","?","?","R","M","R","B",null,"M","?","?","?","?","R","?","?","T","M","?","M","R","M","R","B",null,"M","?","?","?","?","R","M","M","T","M","R","M","?","?","R","B",null],"character_chosen":"THE_SILENT","items_purchased":[],"campfire_rested":7,"item_purchase_floors":[],"current_hp_per_floor":[55,55,55,55,53,15,34,25,25,15,15,15,33,30,30,10,48,30,30,30,30,30,48,42,42,42,41,41,41,41,34,52,16,49,41,17,7,7,7,25,23,3,3,3,21,3,3,70,70,3],"gold":0,"neow_bonus":"BOSS_RELIC","is_prod":false,"is_daily":false,"chose_seed":false,"campfire_upgraded":2,"win_rate":0,"timestamp":1570090956,"path_taken":["M","M","?","M","M","E","R","E","T","E","?","?","R","M","R","BOSS","M","?","?","?","?","R","?","?","T","M","?","M","R","M","R","BOSS","M","?","?","?","?","R","M","M","T","M","R","M","?","?","R","BOSS"],"build_version":"2019-10-02","purchased_purges":0,"victory":true,"max_hp_per_floor":[66,66,66,66,66,66,66,66,66,66,60,60,60,60,60,60,60,60,60,60,60,60,60,60,60,60,60,60,60,60,60,60,60,60,60,60,60,60,60,60,60,60,60,60,60,60,60,70,70,70],"card_choices":[{"not_picked":["Underhanded Strike","Bane","Prepared"],"picked":"SKIP","floor":1.0},{"not_picked":["Acrobatics","Infinite Blades"],"picked":"Dash","floor":2.0},{"not_picked":["Dagger Spray","Bane"],"picked":"Wraith Form v2","floor":4.0},{"not_picked":["Choke","Dodge and Roll"],"picked":"Backflip","floor":5.0},{"not_picked":["Burst","Underhanded Strike"],"picked":"Poisoned Stab","floor":6.0},{"not_picked":["PiercingWail","Finisher"],"picked":"Bouncing Flask","floor":8.0},{"not_picked":["Concentrate","Cloak And Dagger","Deadly Poison"],"picked":"Noxious Fumes","floor":14.0},{"not_picked":["Envenom","Tools of the Trade","Grand Finale"],"picked":"After Image","floor":16.0},{"not_picked":["Poisoned Stab","Quick Slash","Dash"],"picked":"Bane","floor":18.0},{"not_picked":["Predator","Prepared","Outmaneuver"],"picked":"Terror","floor":27.0},{"not_picked":["Blade Dance","Prepared","Quick Slash"],"picked":"All Out Attack+1","floor":29.0},{"not_picked":["Deflect","Cloak And Dagger","Expertise"],"picked":"Night Terror","floor":31.0},{"not_picked":["Night Terror","Adrenaline","Unload"],"picked":"Malaise","floor":33.0},{"not_picked":["Sucker Punch","Quick Slash+1","Bouncing Flask"],"picked":"Backflip","floor":35.0},{"not_picked":["Dagger Throw","Catalyst","Dagger Spray"],"picked":"Skewer","floor":36.0},{"not_picked":["Trip","Jack Of All Trades","PanicButton"],"picked":"Apotheosis","floor":37.0},{"not_picked":["Mayhem","Sadistic Nature","Bandage Up"],"picked":"Blind","floor":37.0},{"not_picked":["PanicButton","Master of Strategy","Chrysalis"],"picked":"Bandage Up","floor":37.0},{"not_picked":["Predator","Backflip","Deflect","Quick Slash"],"picked":"SKIP","floor":41.0},{"not_picked":["Dagger Throw","Flying Knee","Reflex"],"picked":"Bane+1","floor":42.0},{"not_picked":["Deadly Poison","Eviscerate","Backstab"],"picked":"Catalyst+1","floor":44.0},{"not_picked":["Masterful Stab","Flying Knee","Prepared"],"picked":"Blade Dance+1","floor":46.0}],"player_experience":1522633,"relics_obtained":[{"floor":6.0,"key":"WingedGreaves"},{"floor":8.0,"key":"Juzu Bracelet"},{"floor":9.0,"key":"Akabeko"},{"floor":10.0,"key":"Question Card"},{"floor":17.0,"key":"CeramicFish"},{"floor":17.0,"key":"Torii"},{"floor":17.0,"key":"Ninja Scroll"},{"floor":26.0,"key":"Kunai"},{"floor":36.0,"key":"Lizard Tail"},{"floor":43.0,"key":"Dodecahedron"}],"event_choices":[{"damage_healed":0.0,"max_hp_gain":0.0,"max_hp_loss":0.0,"gold_gain":0.0,"event_name":"The Woman in Blue","player_choice":"Bought 2 Potions","floor":3.0,"gold_loss":0.0,"damage_taken":0.0},{"damage_healed":0.0,"max_hp_gain":0.0,"max_hp_loss":6.0,"gold_gain":0.0,"event_name":"Golden Idol","player_choice":"Lose Max HP","floor":11.0,"gold_loss":0.0,"damage_taken":0.0,"relics_obtained":["Golden Idol"]},{"damage_healed":0.0,"max_hp_gain":0.0,"max_hp_loss":0.0,"gold_gain":0.0,"event_name":"Shining Light","player_choice":"Ignored","floor":12.0,"gold_loss":0.0,"damage_taken":0.0},{"damage_healed":0.0,"max_hp_gain":0.0,"max_hp_loss":0.0,"gold_gain":0.0,"event_name":"Back to Basics","player_choice":"Simplicity","floor":19.0,"gold_loss":0.0,"damage_taken":0.0,"cards_upgraded":["Strike_G","Strike_G","Strike_G","Strike_G","Strike_G","Defend_G","Defend_G","Defend_G","Defend_G","Defend_G"]},{"damage_healed":0.0,"max_hp_gain":0.0,"max_hp_loss":0.0,"gold_gain":0.0,"event_name":"Match and Keep!","player_choice":"1 cards matched","floor":20.0,"gold_loss":0.0,"damage_taken":0.0,"cards_obtained":["Caltrops"]},{"damage_healed":0.0,"max_hp_gain":0.0,"max_hp_loss":0.0,"gold_gain":0.0,"event_name":"Forgotten Altar","player_choice":"Gave Idol","floor":21.0,"relics_lost":["Golden Idol"],"gold_loss":0.0,"damage_taken":0.0,"relics_obtained":["Bloody Idol"]},{"damage_healed":0.0,"max_hp_gain":0.0,"max_hp_loss":0.0,"gold_gain":0.0,"event_name":"Nest","player_choice":"Joined the Cult","floor":24.0,"gold_loss":0.0,"damage_taken":6.0,"cards_obtained":["RitualDagger"]},{"damage_healed":0.0,"max_hp_gain":0.0,"max_hp_loss":0.0,"gold_gain":0.0,"event_name":"WeMeetAgain","player_choice":"Gave Potion","floor":25.0,"gold_loss":0.0,"damage_taken":0.0,"relics_obtained":["War Paint"]},{"damage_healed":0.0,"max_hp_gain":0.0,"max_hp_loss":0.0,"gold_gain":0.0,"event_name":"Mysterious Sphere","player_choice":"Fight","floor":36.0,"gold_loss":0.0,"damage_taken":0.0},{"damage_healed":0.0,"max_hp_gain":0.0,"max_hp_loss":0.0,"gold_gain":0.0,"event_name":"SensoryStone","player_choice":"Memory 3","floor":37.0,"gold_loss":0.0,"damage_taken":10.0},{"damage_healed":0.0,"max_hp_gain":0.0,"max_hp_loss":0.0,"gold_gain":0.0,"event_name":"Upgrade Shrine","player_choice":"Upgraded","floor":38.0,"gold_loss":0.0,"damage_taken":0.0,"cards_upgraded":["Apotheosis"]},{"damage_healed":0.0,"max_hp_gain":0.0,"max_hp_loss":0.0,"gold_gain":0.0,"event_name":"The Moai Head","player_choice":"Ignored","floor":39.0,"gold_loss":0.0,"damage_taken":0.0},{"damage_healed":0.0,"max_hp_gain":0.0,"max_hp_loss":0.0,"gold_gain":0.0,"event_name":"Upgrade Shrine","player_choice":"Upgraded","floor":47.0,"gold_loss":0.0,"damage_taken":0.0,"cards_upgraded":["After Image"]},{"cards_removed":["Night Terror"],"damage_healed":57.0,"max_hp_gain":10.0,"max_hp_loss":0.0,"gold_gain":0.0,"event_name":"Bonfire Elementals","player_choice":"Offered Rare","floor":48.0,"gold_loss":0.0,"damage_taken":0.0}],"is_beta":true,"boss_relics":[{"not_picked":["Snecko Eye","Cursed Key"],"picked":"Calling Bell"},{"not_picked":["Tiny House","SlaversCollar"],"picked":"Fusion Hammer"}],"items_purged_floors":[],"is_endless":false,"potions_floor_spawned":[4,6,8,10,27,31,33,35,46],"ascension_level":18}