{"gold_per_floor":[112,123,123,147,147,191,191,191,215,229,262,262,296,314,314,407,407,431,356,376,396,396,396,396,396,396,396,396,427,448,19,19,118,118,133,466,482,495,495,495,505,533,587,587,32,47,47,81,81,81],"floor_reached":51,"playtime":2665,"items_purged":[],"score":1475,"play_id":"88d3e009-3ac0-47aa-bad7-353954710f87","local_time":"20191003200626","is_ascension_mode":true,"campfire_choices":[{"floor":8.0,"key":"REST"},{"data":"Night Terror","floor":12.0,"key":"SMITH"},{"floor":15.0,"key":"REST"},{"floor":23.0,"key":"REST"},{"data":"Malaise","floor":25.0,"key":"SMITH"},{"data":"Leg Sweep","floor":27.0,"key":"SMITH"},{"data":"Leg Sweep","floor":32.0,"key":"SMITH"},{"data":"Endless Agony","floor":40,"key":"SMITH"},{"floor":44,"key":"REST"},{"data":"Neutralize","floor":47,"key":"SMITH"},{"floor":49,"key":"REST"}],"neow_cost":"NONE","seed_source_timestamp":1808169648564900,"circlet_count":0,"master_deck":["AscendersBane","Survivor","Neutralize+1","Night Terror+1","Leg Sweep+1","Dagger Spray","Leg Sweep+1","Die Die Die","Dash","Quick Slash","Bane","Backflip","Malaise+1","PiercingWail","Endless Agony+1","Corpse Explosion","Escape Plan","Dash+1","Terror+1","CurseOfTheBell","Catalyst+1","Well Laid Plans","Madness+1","Dodge and Roll+1","Deadly Poison+1"],"special_seed":0,"relics":["Pandora\u0027s Box","Matryoshka","Orichalcum","Strawberry","Toy Ornithopter","Pen Nib","Kunai","Philosopher\u0027s Stone","Art of War","Toxic Egg 2","Mercury Hourglass","Lee\u0027s Waffle","Gremlin Horn","Calling Bell","Akabeko","Dodecahedron","Dead Branch","Boot","Bag of Marbles","PreservedInsect","Centennial Puzzle","OrangePellets","Ninja Scroll"],"potions_floor_usage":[41,50,50],"damage_taken":[{"damage":2.0,"enemies":"Small Slimes","floor":1.0,"turns":2.0},{"damage":2.0,"enemies":"Jaw Worm","floor":2.0,"turns":4.0},{"damage":0.0,"enemies":"2 Louse","floor":4.0,"turns":2.0},{"damage":25.0,"enemies":"3 Sentries","floor":6.0,"turns":12.0},{"damage":0.0,"enemies":"Lots of Slimes","floor":10.0,"turns":3.0},{"damage":15.0,"enemies":"Lagavulin","floor":11.0,"turns":8.0},{"damage":30.0,"enemies":"Gremlin Nob","floor":13.0,"turns":5.0},{"damage":0.0,"enemies":"Looter","floor":14.0,"turns":3.0},{"damage":28.0,"enemies":"The Guardian","floor":16.0,"turns":19.0},{"damage":0.0,"enemies":"3 Byrds","floor":18.0,"turns":4.0},{"damage":6.0,"enemies":"2 Thieves","floor":20.0,"turns":3.0},{"damage":15.0,"enemies":"Centurion and Healer","floor":21.0,"turns":5.0},{"damage":41.0,"enemies":"Slavers","floor":29.0,"turns":4.0},{"damage":5.0,"enemies":"Sentry and Sphere","floor":30.0,"turns":6.0},{"damage":32.0,"enemies":"Collector","floor":33.0,"turns":10.0},{"damage":0.0,"enemies":"3 Shapes","floor":35.0,"turns":2.0},{"damage":3.0,"enemies":"3 Darklings","floor":37.0,"turns":2.0},{"damage":14.0,"enemies":"4 Shapes","floor":38.0,"turns":2.0},{"damage":0,"enemies":"Maw","floor":41,"turns":7},{"damage":27,"enemies":"Reptomancer","floor":42,"turns":4},{"damage":0,"enemies":"3 Darklings","floor":46,"turns":2},{"damage":16,"enemies":"Giant Head","floor":48,"turns":5},{"damage":18,"enemies":"Time Eater","floor":50,"turns":5}],"seed_played":"2471300724082029230","potions_obtained":[{"floor":2.0,"key":"Strength Potion"},{"floor":11.0,"key":"Dexterity Potion"},{"floor":33.0,"key":"Energy Potion"},{"floor":41,"key":"Strength Potion"}],"is_trial":false,"path_per_floor":["M","M","?","M","T","E","?","R","T","M","E","R","E","M","R","B",null,"M","?","M","M","?","R","?","R","T","R","?","E","M","$","R","B",null,"M","?","M","M","?","R","M","E","T","R","$","M","R","E","R","B",null],"character_chosen":"THE_SILENT","items_purchased":["Lee\u0027s Waffle","Gremlin Horn","PreservedInsect","Centennial Puzzle","OrangePellets","Dodge and Roll+1"],"campfire_rested":5,"item_purchase_floors":[31,31,45,45,45,45],"current_hp_per_floor":[57,55,55,55,55,30,30,48,55,55,40,40,10,10,30,2,51,51,51,45,30,30,50,50,50,50,50,50,9,4,74,74,47,67,67,67,64,50,50,50,55,28,28,50,50,50,50,34,56,48],"gold":81,"neow_bonus":"BOSS_RELIC","is_prod":false,"is_daily":false,"chose_seed":false,"campfire_upgraded":6,"win_rate":0,"timestamp":1570158386,"path_taken":["M","M","?","M","?","E","?","R","T","M","E","R","E","?","R","BOSS","M","?","M","M","?","R","?","R","T","R","?","E","?","$","R","BOSS","M","?","M","M","?","R","M","E","T","R","?","M","R","E","R","BOSS"],"build_version":"2019-10-03","purchased_purges":0,"victory":true,"max_hp_per_floor":[66,66,60,60,60,60,60,60,67,67,67,67,67,67,67,67,67,67,67,67,67,67,67,67,67,67,67,67,67,67,74,74,74,74,74,74,74,74,74,74,74,74,74,74,74,74,74,74,74,74],"card_choices":[{"not_picked":["Backstab","Dagger Throw"],"picked":"Backflip","floor":1.0},{"not_picked":["Backflip","Bane"],"picked":"Malaise","floor":2.0},{"not_picked":["Underhanded Strike","Tactician"],"picked":"PiercingWail","floor":4.0},{"not_picked":["Tactician","Dash"],"picked":"Endless Agony","floor":6.0},{"not_picked":["Blade Dance","PiercingWail","Flying Knee"],"picked":"SKIP","floor":10.0},{"not_picked":["Bane","Infinite Blades","Finisher"],"picked":"SKIP","floor":11.0},{"not_picked":["Dagger Spray","Acrobatics","Phantasmal Killer"],"picked":"SKIP","floor":13.0},{"not_picked":["Sucker Punch","All Out Attack","Deflect"],"picked":"SKIP","floor":14.0},{"not_picked":["Malaise","After Image"],"picked":"Corpse Explosion","floor":16.0},{"not_picked":["Masterful Stab","PiercingWail"],"picked":"Escape Plan","floor":18.0},{"not_picked":["Blade Dance","Escape Plan","Heel Hook"],"picked":"SKIP","floor":20.0},{"not_picked":["Predator","Acrobatics"],"picked":"Dash+1","floor":21.0},{"not_picked":["Underhanded Strike","Flying Knee","Reflex+1"],"picked":"SKIP","floor":29.0},{"not_picked":["Distraction+1","Masterful Stab"],"picked":"Terror+1","floor":30.0},{"not_picked":["Tactician+1","Deadly Poison+1"],"picked":"Catalyst+1","floor":35.0},{"not_picked":["Flying Knee","Prepared+1"],"picked":"Well Laid Plans","floor":37.0},{"not_picked":["Poisoned Stab","PiercingWail+1","Finisher+1"],"picked":"SKIP","floor":38.0},{"not_picked":["Discovery+1","The Bomb+1"],"picked":"Madness+1","floor":39},{"not_picked":["Dagger Throw+1","Deflect+1","Outmaneuver+1"],"picked":"SKIP","floor":41},{"not_picked":["Bane","Sucker Punch","Unload"],"picked":"SKIP","floor":42},{"not_picked":["Dodge and Roll+1","PiercingWail+1"],"picked":"Deadly Poison+1","floor":46},{"not_picked":["Prepared+1","Venomology+1","Choke"],"picked":"SKIP","floor":48}],"player_experience":1525174,"relics_obtained":[{"floor":5.0,"key":"Matryoshka"},{"floor":6.0,"key":"Orichalcum"},{"floor":9.0,"key":"Strawberry"},{"floor":9.0,"key":"Toy Ornithopter"},{"floor":11.0,"key":"Pen Nib"},{"floor":13.0,"key":"Kunai"},{"floor":26.0,"key":"Art of War"},{"floor":26.0,"key":"Toxic Egg 2"},{"floor":29.0,"key":"Mercury Hourglass"},{"floor":34.0,"key":"Akabeko"},{"floor":34.0,"key":"Dodecahedron"},{"floor":34.0,"key":"Dead Branch"},{"floor":42,"key":"Boot"},{"floor":43,"key":"Bag of Marbles"},{"floor":48,"key":"Ninja Scroll"}],"event_choices":[{"damage_healed":0.0,"max_hp_gain":0.0,"max_hp_loss":6.0,"gold_gain":0.0,"event_name":"Golden Idol","player_choice":"Lose Max HP","floor":3.0,"gold_loss":0.0,"damage_taken":0.0,"relics_obtained":["Golden Idol"]},{"damage_healed":0.0,"max_hp_gain":0.0,"max_hp_loss":0.0,"gold_gain":0.0,"cards_transformed":["Concentrate"],"event_name":"Transmorgrifier","player_choice":"Transformed","floor":7.0,"gold_loss":0.0,"damage_taken":0.0,"cards_obtained":["Doppelganger"]},{"cards_removed":["Underhanded Strike"],"damage_healed":0.0,"max_hp_gain":0.0,"max_hp_loss":0.0,"gold_gain":0.0,"event_name":"Beggar","player_choice":"Gave Gold","floor":19.0,"gold_loss":75.0,"damage_taken":0.0},{"cards_removed":["Doppelganger"],"damage_healed":0.0,"max_hp_gain":0.0,"max_hp_loss":0.0,"gold_gain":0.0,"event_name":"Back to Basics","player_choice":"Elegance","floor":22.0,"gold_loss":0.0,"damage_taken":0.0},{"damage_healed":0.0,"max_hp_gain":0.0,"max_hp_loss":0.0,"gold_gain":0.0,"event_name":"Ghosts","player_choice":"Ignored","floor":24.0,"gold_loss":0.0,"damage_taken":0.0},{"damage_healed":0.0,"max_hp_gain":0.0,"max_hp_loss":0.0,"gold_gain":0.0,"event_name":"Vampires","player_choice":"Ignored","floor":28.0,"gold_loss":0.0,"damage_taken":0.0},{"damage_healed":0.0,"max_hp_gain":0.0,"max_hp_loss":0.0,"gold_gain":333.0,"event_name":"The Moai Head","player_choice":"Gave Idol","floor":36.0,"relics_lost":["Golden Idol"],"gold_loss":0.0,"damage_taken":0.0},{"damage_healed":0,"gold_gain":0,"player_choice":"Memory 1","damage_taken":0,"max_hp_gain":0,"max_hp_loss":0,"event_name":"SensoryStone","floor":39,"gold_loss":0}],"is_beta":true,"boss_relics":[{"not_picked":["Black Star","Runic Pyramid"],"picked":"Philosopher\u0027s Stone"},{"not_picked":["HoveringKite","Empty Cage"],"picked":"Calling Bell"}],"items_purged_floors":[],"is_endless":false,"potions_floor_spawned":[2,11,13,16,18,21,30,33,37,41,42],"ascension_level":19}