{"gold_per_floor":[117,144,161,178,197,197,231,231,231,256,256,256,273,306,306,382,382,393,413,431,441,209,209,222,222,222,222,232,232,242,268,268,342,342,361,406,406,423,423,423,436,446,446,446,515,535,555,575,575,575],"floor_reached":50,"playtime":2908,"items_purged":["Strike_G"],"score":927,"play_id":"47a23a6b-2966-46e3-b9d4-4cc03245212c","local_time":"20190930012104","is_ascension_mode":true,"campfire_choices":[{"data":"Neutralize","floor":6.0,"key":"SMITH"},{"data":"Noxious Fumes","floor":8.0,"key":"SMITH"},{"floor":11.0,"key":"REST"},{"floor":15.0,"key":"REST"},{"data":"Envenom","floor":23.0,"key":"SMITH"},{"data":"Cloak And Dagger","floor":25.0,"key":"SMITH"},{"floor":27.0,"key":"REST"},{"floor":29.0,"key":"REST"},{"data":"Terror","floor":32.0,"key":"SMITH"},{"floor":40.0,"key":"REST"},{"floor":44.0,"key":"REST"},{"floor":49.0,"key":"REST"}],"neow_cost":"NONE","seed_source_timestamp":1480611901413900,"circlet_count":0,"master_deck":["AscendersBane","Strike_G","Defend_G","Defend_G","Defend_G","Defend_G","Defend_G","Survivor","Neutralize+1","Noxious Fumes+1","Dagger Spray","Crippling Poison","Predator","Quick Slash","PiercingWail","Bane","Poisoned Stab","Leg Sweep","Envenom+1","Blur+1","Cloak And Dagger+1","Footwork+1","Decay","Dodge and Roll","Backstab+1","Terror+1","Catalyst","Blind","Writhe","Writhe","Dash+1"],"special_seed":0,"relics":["Ring of the Snake","Bag of Preparation","Dream Catcher","Pear","Paper Crane","StoneCalendar","Cursed Key","Bronze Scales","Potion Belt","Anchor","Empty Cage","Lizard Tail","Mummified Hand","Pantograph"],"potions_floor_usage":[50,50,50],"damage_taken":[{"damage":0.0,"enemies":"Cultist","floor":1.0,"turns":4.0},{"damage":1.0,"enemies":"2 Louse","floor":3.0,"turns":3.0},{"damage":2.0,"enemies":"Jaw Worm","floor":4.0,"turns":5.0},{"damage":3.0,"enemies":"2 Fungi Beasts","floor":5.0,"turns":3.0},{"damage":19.0,"enemies":"Lagavulin","floor":7.0,"turns":9.0},{"damage":30.0,"enemies":"Gremlin Nob","floor":10.0,"turns":4.0},{"damage":1.0,"enemies":"3 Louse","floor":13.0,"turns":4.0},{"damage":12.0,"enemies":"3 Sentries","floor":14.0,"turns":5.0},{"damage":30.0,"enemies":"Slime Boss","floor":16.0,"turns":7.0},{"damage":1.0,"enemies":"Spheric Guardian","floor":18.0,"turns":5.0},{"damage":18.0,"enemies":"Shell Parasite","floor":19.0,"turns":6.0},{"damage":11.0,"enemies":"3 Cultists","floor":20.0,"turns":5.0},{"damage":7.0,"enemies":"Snake Plant","floor":21.0,"turns":5.0},{"damage":4.0,"enemies":"Snecko","floor":24.0,"turns":5.0},{"damage":1.0,"enemies":"Centurion and Healer","floor":28.0,"turns":7.0},{"damage":6.0,"enemies":"Snake Plant","floor":30.0,"turns":5.0},{"damage":6.0,"enemies":"Slavers","floor":31.0,"turns":7.0},{"damage":11.0,"enemies":"Champ","floor":33.0,"turns":12.0},{"damage":0.0,"enemies":"Orb Walker","floor":35.0,"turns":3.0},{"damage":53.0,"enemies":"2 Orb Walkers","floor":36.0,"turns":6.0},{"damage":13.0,"enemies":"3 Darklings","floor":38.0,"turns":6.0},{"damage":37.0,"enemies":"Transient","floor":41.0,"turns":6.0},{"damage":15.0,"enemies":"Maw","floor":42.0,"turns":7.0},{"damage":4.0,"enemies":"Sphere and 2 Shapes","floor":46.0,"turns":5.0},{"damage":26.0,"enemies":"Transient","floor":47.0,"turns":6.0},{"damage":5.0,"enemies":"Jaw Worm Horde","floor":48.0,"turns":6.0},{"damage":62,"enemies":"Awakened One","floor":50,"turns":18}],"seed_played":"-1475314424379371761","potions_obtained":[{"floor":3.0,"key":"Swift Potion"},{"floor":4.0,"key":"Energy Potion"},{"floor":7.0,"key":"GamblersBrew"},{"floor":10.0,"key":"Fire Potion"},{"floor":13.0,"key":"Block Potion"},{"floor":19.0,"key":"SkillPotion"},{"floor":21.0,"key":"Block Potion"},{"floor":24.0,"key":"GhostInAJar"},{"floor":30.0,"key":"Ancient Potion"},{"floor":31.0,"key":"Explosive Potion"},{"floor":41.0,"key":"SkillPotion"},{"floor":42.0,"key":"Energy Potion"},{"floor":46.0,"key":"Ancient Potion"},{"floor":48.0,"key":"Dexterity Potion"}],"is_trial":false,"path_per_floor":["M","T","M","M","M","R","E","R","T","E","R","?","M","E","R","B",null,"M","M","M","M","$","R","M","R","T","R","M","R","M","E","R","B",null,"M","?","?","M","?","R","M","M","T","R","T","M","M","M","R","B"],"character_chosen":"THE_SILENT","items_purchased":["Bronze Scales"],"campfire_rested":7,"item_purchase_floors":[22],"current_hp_per_floor":[65,65,64,62,59,59,40,40,50,20,44,37,36,24,48,18,66,65,47,36,29,29,29,25,25,25,49,48,72,66,60,60,49,74,74,21,21,8,8,31,33,18,18,41,41,37,11,6,29,0],"gold":575,"neow_bonus":"TEN_PERCENT_HP_BONUS","is_prod":false,"is_daily":false,"chose_seed":false,"campfire_upgraded":5,"win_rate":0,"timestamp":1569831664,"path_taken":["M","?","M","M","M","R","E","R","T","E","R","?","M","E","R","BOSS","M","M","M","M","$","R","M","R","T","R","M","R","M","E","R","BOSS","M","?","?","M","?","R","M","?","T","R","?","M","?","M","R","BOSS"],"build_version":"2019-09-27","purchased_purges":1,"victory":false,"max_hp_per_floor":[72,72,72,72,72,72,72,72,82,82,82,82,82,82,82,82,82,82,82,82,82,82,82,82,82,82,82,82,82,82,82,82,82,82,82,82,82,82,78,78,78,78,78,78,78,78,78,78,78,78],"card_choices":[{"not_picked":["Deadly Poison","Well Laid Plans"],"picked":"Noxious Fumes","floor":1.0},{"not_picked":["Underhanded Strike","Eviscerate"],"picked":"Dagger Spray","floor":3.0},{"not_picked":["Flying Knee","Reflex"],"picked":"Crippling Poison","floor":4.0},{"not_picked":["Slice","Eviscerate"],"picked":"Predator","floor":5.0},{"not_picked":["Dodge and Roll","Blade Dance"],"picked":"Quick Slash","floor":7.0},{"not_picked":["Concentrate","Heel Hook"],"picked":"PiercingWail","floor":10.0},{"not_picked":["Infinite Blades","Choke"],"picked":"Bane","floor":11.0},{"not_picked":["Choke","Slice","Acrobatics"],"picked":"SKIP","floor":13.0},{"not_picked":["Blade Dance","Deflect"],"picked":"Poisoned Stab","floor":14.0},{"not_picked":["All Out Attack","Malaise"],"picked":"Leg Sweep","floor":15.0},{"not_picked":["Burst","Adrenaline"],"picked":"Envenom","floor":16.0},{"not_picked":["Eviscerate","Bane"],"picked":"Blur+1","floor":18.0},{"not_picked":["Eviscerate","Poisoned Stab","Flying Knee"],"picked":"SKIP","floor":19.0},{"not_picked":["Bouncing Flask","Dodge and Roll","Dagger Spray"],"picked":"SKIP","floor":20.0},{"not_picked":["All Out Attack","Blade Dance"],"picked":"Cloak And Dagger","floor":21.0},{"not_picked":["Poisoned Stab+1","Endless Agony"],"picked":"Footwork+1","floor":24.0},{"not_picked":["Heel Hook","Eviscerate"],"picked":"Dodge and Roll","floor":27.0},{"not_picked":["Tactician","Deflect","All Out Attack"],"picked":"SKIP","floor":28.0},{"not_picked":["Bane","PiercingWail"],"picked":"Backstab+1","floor":29.0},{"not_picked":["Cloak And Dagger","PiercingWail","Phantasmal Killer"],"picked":"SKIP","floor":30.0},{"not_picked":["Quick Slash","Tactician"],"picked":"Terror","floor":31.0},{"not_picked":["PiercingWail","Deflect","Prepared"],"picked":"SKIP","floor":35.0},{"not_picked":["Predator","Backstab"],"picked":"Catalyst","floor":36.0},{"not_picked":["Good Instincts","Transmutation"],"picked":"Blind","floor":37.0},{"not_picked":["Flying Knee","PiercingWail","Prepared"],"picked":"SKIP","floor":38.0},{"not_picked":["Quick Slash","Bane","Storm of Steel"],"picked":"SKIP","floor":41.0},{"not_picked":["Blade Dance","PiercingWail","Crippling Poison"],"picked":"SKIP","floor":42.0},{"not_picked":["Poisoned Stab","Dagger Throw","Choke"],"picked":"SKIP","floor":46.0},{"not_picked":["Unload","Slice","Blade Dance"],"picked":"SKIP","floor":47.0},{"not_picked":["Dagger Spray+1","Slice+1","Underhanded Strike"],"picked":"SKIP","floor":48.0},{"not_picked":["Deadly Poison","Flechettes"],"picked":"Dash+1","floor":49.0}],"player_experience":1510232,"relics_obtained":[{"floor":2.0,"key":"Bag of Preparation"},{"floor":7.0,"key":"Dream Catcher"},{"floor":9.0,"key":"Pear"},{"floor":10.0,"key":"Paper Crane"},{"floor":14.0,"key":"StoneCalendar"},{"floor":26.0,"key":"Potion Belt"},{"floor":31.0,"key":"Anchor"},{"floor":36.0,"key":"Lizard Tail"},{"floor":43.0,"key":"Mummified Hand"},{"floor":45.0,"key":"Pantograph"}],"event_choices":[{"cards_removed":["Strike_G"],"damage_healed":0.0,"max_hp_gain":0.0,"max_hp_loss":0.0,"gold_gain":0.0,"event_name":"Golden Wing","player_choice":"Card Removal","floor":12.0,"gold_loss":0.0,"damage_taken":7.0},{"damage_healed":0.0,"max_hp_gain":0.0,"max_hp_loss":0.0,"gold_gain":0.0,"event_name":"Mysterious Sphere","player_choice":"Fight","floor":36.0,"gold_loss":0.0,"damage_taken":0.0},{"damage_healed":0.0,"max_hp_gain":0.0,"max_hp_loss":0.0,"gold_gain":0.0,"event_name":"SensoryStone","player_choice":"Memory 1","floor":37.0,"gold_loss":0.0,"damage_taken":0.0},{"damage_healed":0.0,"max_hp_gain":0.0,"max_hp_loss":4.0,"gold_gain":0.0,"event_name":"Winding Halls","player_choice":"Max HP","floor":39.0,"gold_loss":0.0,"damage_taken":0.0}],"is_beta":true,"boss_relics":[{"not_picked":["Calling Bell","Runic Pyramid"],"picked":"Cursed Key"},{"not_picked":["Snecko Eye","WristBlade"],"picked":"Empty Cage"}],"items_purged_floors":[22],"is_endless":false,"potions_floor_spawned":[3,4,7,10,13,14,19,21,24,30,31,41,42,46,48],"killed_by":"Awakened One","ascension_level":18}