{"gold_per_floor":[111,125,125,200,211,211,211,236,236,236],"floor_reached":10,"playtime":294,"items_purged":[],"score":125,"play_id":"07025ab3-7cda-4cbb-963c-cf5fea7c9357","local_time":"20190930002042","is_ascension_mode":true,"campfire_choices":[{"floor":6.0,"key":"REST"}],"neow_cost":"NONE","seed_source_timestamp":1480089618694900,"circlet_count":0,"master_deck":["AscendersBane","Strike_G","Strike_G","Strike_G","Strike_G","Strike_G","Defend_G","Defend_G","Defend_G","Defend_G","Defend_G","Survivor","Neutralize+1","Quick Slash","Crippling Poison"],"special_seed":0,"relics":["Ring of the Snake","NeowsBlessing","Dodecahedron","Kunai","Molten Egg 2"],"potions_floor_usage":[10],"damage_taken":[{"damage":0.0,"enemies":"Cultist","floor":1.0,"turns":1.0},{"damage":0.0,"enemies":"2 Louse","floor":2.0,"turns":1.0},{"damage":0.0,"enemies":"Jaw Worm","floor":5.0,"turns":1.0},{"damage":30.0,"enemies":"3 Sentries","floor":8.0,"turns":10.0},{"damage":30,"enemies":"Gremlin Nob","floor":10,"turns":4}],"seed_played":"7557602088546575200","potions_obtained":[{"floor":5.0,"key":"PowerPotion"},{"floor":8.0,"key":"SkillPotion"}],"is_trial":false,"path_per_floor":["M","M","?","?","M","R","?","E","T","E"],"character_chosen":"THE_SILENT","items_purchased":[],"campfire_rested":1,"item_purchase_floors":[],"current_hp_per_floor":[59,59,48,37,37,56,56,26,26,0],"gold":236,"neow_bonus":"THREE_ENEMY_KILL","is_prod":false,"is_daily":false,"chose_seed":false,"campfire_upgraded":0,"win_rate":0,"timestamp":1569828042,"path_taken":["M","M","?","?","?","R","?","E","T","E"],"build_version":"2019-09-27","purchased_purges":0,"victory":false,"max_hp_per_floor":[66,66,66,66,66,66,66,66,66,66],"card_choices":[{"not_picked":["Deflect","Crippling Poison"],"picked":"Quick Slash","floor":1.0},{"not_picked":["Slice","Prepared","Dodge and Roll"],"picked":"SKIP","floor":2.0},{"not_picked":["Flechettes","Concentrate"],"picked":"Crippling Poison","floor":5.0},{"not_picked":["Slice","Concentrate","Accuracy"],"picked":"SKIP","floor":8.0}],"player_experience":1509938,"relics_obtained":[{"floor":8.0,"key":"Kunai"},{"floor":9.0,"key":"Molten Egg 2"}],"event_choices":[{"damage_healed":0.0,"max_hp_gain":0.0,"max_hp_loss":0.0,"gold_gain":0.0,"event_name":"Scrap Ooze","player_choice":"Success","floor":3.0,"gold_loss":0.0,"damage_taken":11.0,"relics_obtained":["Dodecahedron"]},{"damage_healed":0.0,"max_hp_gain":0.0,"max_hp_loss":0.0,"gold_gain":75.0,"event_name":"World of Goop","player_choice":"Gather Gold","floor":4.0,"gold_loss":0.0,"damage_taken":11.0},{"damage_healed":0.0,"max_hp_gain":0.0,"max_hp_loss":0.0,"gold_gain":0.0,"event_name":"Accursed Blacksmith","player_choice":"Forge","floor":7.0,"gold_loss":0.0,"damage_taken":0.0,"cards_upgraded":["Neutralize"]}],"is_beta":true,"boss_relics":[],"items_purged_floors":[],"is_endless":false,"potions_floor_spawned":[5,8],"killed_by":"Gremlin Nob","ascension_level":18}