{"gold_per_floor":[99,99,99,99,99,99,99,99,99,99,59,59,59,59,59,59,59,19,19,19,19,19,19,19,19,19,19,19,19,19,19,19,19,19,19,19,19,19,19],"floor_reached":39,"playtime":2096,"items_purged":[],"score":758,"play_id":"240c2fde-d8ff-446c-bbf6-829eab2dc1c0","local_time":"20191001224953","is_ascension_mode":true,"campfire_choices":[{"data":"Skewer","floor":6.0,"key":"SMITH"},{"data":"Neutralize","floor":8.0,"key":"SMITH"},{"floor":12.0,"key":"REST"},{"floor":15.0,"key":"REST"},{"floor":23.0,"key":"REST"},{"data":"After Image","floor":25.0,"key":"SMITH"},{"floor":29.0,"key":"REST"},{"data":"Footwork","floor":32.0,"key":"SMITH"}],"neow_cost":"NONE","seed_source_timestamp":1645390527621000,"circlet_count":0,"master_deck":["AscendersBane","Strike_G","Strike_G","Strike_G","Strike_G","Strike_G","Defend_G","Defend_G","Defend_G","Defend_G","Survivor","Neutralize+1","Masterful Stab","Skewer+1","Deadly Poison","Backflip","Dagger Throw","After Image+1","CurseOfTheBell","Calculated Gamble+1","Footwork+1","Dodge and Roll+1","Poisoned Stab","Bouncing Flask","A Thousand Cuts","Deadly Poison","Blade Dance+1"],"special_seed":0,"relics":["Ectoplasm","CeramicFish","Paper Crane","Ginger","Calling Bell","Akabeko","Eternal Feather","Dead Branch","Sundial","Philosopher\u0027s Stone","Torii"],"potions_floor_usage":[39,39],"damage_taken":[{"damage":0.0,"enemies":"2 Louse","floor":1.0,"turns":3.0},{"damage":7.0,"enemies":"Cultist","floor":2.0,"turns":5.0},{"damage":1.0,"enemies":"Jaw Worm","floor":3.0,"turns":4.0},{"damage":1.0,"enemies":"Red Slaver","floor":4.0,"turns":3.0},{"damage":8.0,"enemies":"2 Fungi Beasts","floor":5.0,"turns":4.0},{"damage":10.0,"enemies":"Lagavulin","floor":7.0,"turns":4.0},{"damage":11.0,"enemies":"Large Slime","floor":10.0,"turns":5.0},{"damage":8.0,"enemies":"Blue Slaver","floor":13.0,"turns":4.0},{"damage":4.0,"enemies":"Gremlin Nob","floor":14.0,"turns":3.0},{"damage":45.0,"enemies":"Slime Boss","floor":16.0,"turns":13.0},{"damage":14.0,"enemies":"2 Thieves","floor":18.0,"turns":4.0},{"damage":9.0,"enemies":"3 Byrds","floor":19.0,"turns":5.0},{"damage":11.0,"enemies":"Snake Plant","floor":21.0,"turns":4.0},{"damage":12.0,"enemies":"Cultist and Chosen","floor":22.0,"turns":7.0},{"damage":13.0,"enemies":"Centurion and Healer","floor":24.0,"turns":10.0},{"damage":5.0,"enemies":"Chosen and Byrds","floor":27.0,"turns":5.0},{"damage":18.0,"enemies":"Sentry and Sphere","floor":30.0,"turns":10.0},{"damage":3.0,"enemies":"Snecko","floor":31.0,"turns":5.0},{"damage":41.0,"enemies":"Collector","floor":33.0,"turns":11.0},{"damage":5.0,"enemies":"3 Shapes","floor":35.0,"turns":6.0},{"damage":24.0,"enemies":"Orb Walker","floor":36.0,"turns":5.0},{"damage":3,"enemies":"Mind Bloom Boss Battle","floor":38,"turns":6},{"damage":23,"enemies":"Spire Growth","floor":39,"turns":4}],"seed_played":"4317741318576873084","potions_obtained":[{"floor":1.0,"key":"FearPotion"},{"floor":3.0,"key":"SteroidPotion"},{"floor":11.0,"key":"EntropicBrew"},{"floor":11.0,"key":"PowerPotion"},{"floor":22.0,"key":"Explosive Potion"},{"floor":24.0,"key":"EssenceOfSteel"},{"floor":30.0,"key":"Energy Potion"},{"floor":36.0,"key":"SkillPotion"},{"floor":38,"key":"Weak Potion"}],"is_trial":false,"path_per_floor":["M","M","M","M","M","R","E","R","T","M","?","R","M","E","R","B",null,"M","M","?","M","M","R","M","R","T","M","$","R","M","M","R","B",null,"M","M","?","?","M"],"character_chosen":"THE_SILENT","items_purchased":[],"campfire_rested":4,"item_purchase_floors":[],"current_hp_per_floor":[59,52,51,50,42,42,32,32,32,21,21,40,32,28,47,2,50,36,27,27,16,4,35,22,34,34,29,29,60,42,39,54,13,53,48,24,24,21,0],"gold":19,"neow_bonus":"BOSS_RELIC","is_prod":false,"is_daily":false,"chose_seed":false,"campfire_upgraded":4,"win_rate":0,"timestamp":1569995393,"path_taken":["M","M","M","M","M","R","E","R","T","M","?","R","?","E","R","BOSS","M","M","?","M","M","R","?","R","T","M","?","R","?","M","R","BOSS","M","M","?","?","M"],"build_version":"2019-10-01","purchased_purges":0,"victory":false,"max_hp_per_floor":[66,66,66,66,66,66,66,66,66,66,66,66,66,66,66,66,66,66,66,66,66,66,66,66,66,66,66,66,66,66,66,66,66,66,66,66,66,66,66],"card_choices":[{"not_picked":["All Out Attack","Dodge and Roll","Infinite Blades"],"picked":"SKIP","floor":1.0},{"not_picked":["Eviscerate","Dodge and Roll"],"picked":"Masterful Stab","floor":2.0},{"not_picked":["Flying Knee","Blur"],"picked":"Skewer","floor":3.0},{"not_picked":["PiercingWail","Reflex","Dodge and Roll"],"picked":"SKIP","floor":4.0},{"not_picked":["Dagger Spray","Dodge and Roll"],"picked":"Deadly Poison","floor":5.0},{"not_picked":["Riddle With Holes","Masterful Stab","Grand Finale"],"picked":"SKIP","floor":7.0},{"not_picked":["Sucker Punch","PiercingWail"],"picked":"Backflip","floor":10.0},{"not_picked":["Bane","Setup"],"picked":"Dagger Throw","floor":13.0},{"not_picked":["Backflip","Venomology","Infinite Blades"],"picked":"SKIP","floor":14.0},{"not_picked":["Wraith Form v2","Tools of the Trade"],"picked":"After Image","floor":16.0},{"not_picked":["Outmaneuver","Flying Knee"],"picked":"Calculated Gamble+1","floor":18.0},{"not_picked":["Deadly Poison","Skewer"],"picked":"Footwork","floor":19.0},{"not_picked":["Outmaneuver+1","Dagger Throw","Storm of Steel"],"picked":"SKIP","floor":21.0},{"not_picked":["Deadly Poison","Dagger Throw"],"picked":"Dodge and Roll+1","floor":22.0},{"not_picked":["Bane","Flying Knee","Heel Hook"],"picked":"SKIP","floor":24.0},{"not_picked":["Setup","Prepared","Flechettes"],"picked":"SKIP","floor":27.0},{"not_picked":["Prepared","Dagger Spray"],"picked":"Poisoned Stab","floor":30.0},{"not_picked":["Quick Slash","Slice"],"picked":"Bouncing Flask","floor":31.0},{"not_picked":["After Image","Envenom"],"picked":"A Thousand Cuts","floor":33.0},{"not_picked":["Flying Knee","Masterful Stab","Flechettes"],"picked":"SKIP","floor":35.0},{"not_picked":["Outmaneuver","Bane"],"picked":"Deadly Poison","floor":36.0},{"not_picked":["Dagger Spray+1","Backstab"],"picked":"Blade Dance+1","floor":38}],"player_experience":1516996,"relics_obtained":[{"floor":7.0,"key":"CeramicFish"},{"floor":9.0,"key":"Paper Crane"},{"floor":14.0,"key":"Ginger"},{"floor":17.0,"key":"Akabeko"},{"floor":17.0,"key":"Eternal Feather"},{"floor":17.0,"key":"Dead Branch"},{"floor":26.0,"key":"Sundial"},{"floor":38,"key":"Torii"}],"event_choices":[{"damage_healed":0.0,"max_hp_gain":0.0,"max_hp_loss":0.0,"gold_gain":0.0,"event_name":"The Woman in Blue","player_choice":"Bought 3 Potions","floor":11.0,"gold_loss":0.0,"damage_taken":0.0},{"damage_healed":0.0,"max_hp_gain":0.0,"max_hp_loss":0.0,"gold_gain":0.0,"event_name":"N\u0027loth","player_choice":"Ignored","floor":20.0,"gold_loss":0.0,"damage_taken":0.0},{"cards_removed":["Defend_G"],"damage_healed":0.0,"max_hp_gain":0.0,"max_hp_loss":0.0,"gold_gain":0.0,"event_name":"Falling","player_choice":"Removed Skill","floor":37.0,"gold_loss":0.0,"damage_taken":0.0},{"damage_healed":0,"gold_gain":0,"player_choice":"Fight","damage_taken":0,"max_hp_gain":0,"max_hp_loss":0,"event_name":"MindBloom","floor":38,"gold_loss":0}],"is_beta":true,"boss_relics":[{"not_picked":["SlaversCollar","Astrolabe"],"picked":"Calling Bell"},{"not_picked":["Pandora\u0027s Box","HoveringKite"],"picked":"Philosopher\u0027s Stone"}],"items_purged_floors":[],"is_endless":false,"potions_floor_spawned":[1,3,4,5,14,22,24,30,36,38],"killed_by":"Spire Growth","ascension_level":18}