{"gold_per_floor":[363,438,451,16,31,31,61,72,72,72,105,105,168,184,184,284,284,294,309,309,323,334,334,367,386,386,403,416,416,32,32,32,134,134,150,162,162],"floor_reached":37,"playtime":2013,"items_purged":["Strike_G"],"score":645,"play_id":"f3f0527e-80fa-44dc-8dfe-34de06a5372e","local_time":"20190905014724","is_ascension_mode":true,"campfire_choices":[{"data":"Apotheosis","floor":6.0,"key":"SMITH"},{"floor":10.0,"key":"REST"},{"floor":12.0,"key":"REST"},{"floor":15.0,"key":"REST"},{"floor":23.0,"key":"REST"},{"floor":29.0,"key":"REST"},{"floor":32,"key":"REST"}],"neow_cost":"TEN_PERCENT_HP_LOSS","seed_source_timestamp":16689816783300,"circlet_count":0,"master_deck":["AscendersBane","Strike_G","Strike_G","Strike_G","Defend_G","Defend_G","Defend_G","Defend_G","Survivor","Neutralize","Deflect","Choke","Apotheosis+1","Poisoned Stab","Backflip","Crippling Poison","Blur","PiercingWail","Malaise","Storm of Steel","Accuracy+1","Poisoned Stab","Leg Sweep","Backstab","After Image","Envenom","Infinite Blades","Neutralize","Backstab"],"special_seed":0,"relics":["Ring of the Snake","Bottled Lightning","Omamori","Boot","Ninja Scroll","Blood Vial","Philosopher\u0027s Stone","MutagenicStrength","Singing Bowl","Bag of Preparation","Shovel","Empty Cage"],"potions_floor_usage":[33],"damage_taken":[{"damage":8.0,"enemies":"Small Slimes","floor":1.0,"turns":4.0},{"damage":0.0,"enemies":"Jaw Worm","floor":3.0,"turns":6.0},{"damage":0.0,"enemies":"2 Louse","floor":5.0,"turns":4.0},{"damage":14.0,"enemies":"3 Sentries","floor":7.0,"turns":9.0},{"damage":10.0,"enemies":"Gremlin Gang","floor":8.0,"turns":8.0},{"damage":14.0,"enemies":"Lagavulin","floor":11.0,"turns":7.0},{"damage":24.0,"enemies":"Gremlin Nob","floor":13.0,"turns":4.0},{"damage":0.0,"enemies":"Exordium Wildlife","floor":14.0,"turns":3.0},{"damage":9.0,"enemies":"The Guardian","floor":16.0,"turns":12.0},{"damage":11.0,"enemies":"Spheric Guardian","floor":18.0,"turns":6.0},{"damage":6.0,"enemies":"Shell Parasite","floor":19.0,"turns":6.0},{"damage":6.0,"enemies":"Snake Plant","floor":21.0,"turns":3.0},{"damage":13.0,"enemies":"Centurion and Healer","floor":22.0,"turns":5.0},{"damage":28.0,"enemies":"Gremlin Leader","floor":24.0,"turns":7.0},{"damage":19.0,"enemies":"Snecko","floor":25.0,"turns":5.0},{"damage":2.0,"enemies":"Snake Plant","floor":27.0,"turns":3.0},{"damage":0.0,"enemies":"3 Cultists","floor":28.0,"turns":4.0},{"damage":13,"enemies":"Champ","floor":33,"turns":9},{"damage":28,"enemies":"3 Darklings","floor":35,"turns":7},{"damage":4,"enemies":"Orb Walker","floor":36,"turns":3},{"damage":38,"enemies":"Spire Growth","floor":37,"turns":5}],"seed_played":"-7866784221637606347","potions_obtained":[{"floor":1.0,"key":"FearPotion"},{"floor":7.0,"key":"Energy Potion"},{"floor":11.0,"key":"GamblersBrew"},{"floor":14.0,"key":"SpeedPotion"},{"floor":25.0,"key":"PowerPotion"}],"is_trial":false,"path_per_floor":["M","?","M","$","M","R","E","M","T","R","E","R","?","M","R","B",null,"M","M","?","M","M","R","E","M","T","M","M","R","$","?","R","B",null,"M","M","M"],"character_chosen":"THE_SILENT","items_purchased":["Apotheosis","Bottled Lightning","Shovel"],"campfire_rested":6,"item_purchase_floors":[4,4,30],"current_hp_per_floor":[55,44,44,44,44,44,30,20,20,38,24,42,20,22,40,33,56,47,43,43,39,28,46,22,5,5,5,7,26,26,26,45,36,59,35,33,0],"gold":162,"neow_bonus":"TWO_FIFTY_GOLD","is_prod":false,"is_daily":false,"chose_seed":false,"campfire_upgraded":1,"win_rate":0,"timestamp":1567673244,"path_taken":["M","?","M","$","M","R","E","M","T","R","E","R","?","M","R","BOSS","M","M","?","M","M","R","E","M","T","M","M","R","$","?","R","BOSS","M","M","?"],"build_version":"2019-07-17","purchased_purges":1,"victory":false,"max_hp_per_floor":[63,63,63,63,63,63,63,63,63,63,63,63,63,63,63,63,63,63,63,63,63,63,63,65,65,65,65,65,65,65,65,65,67,67,69,69,69],"card_choices":[{"not_picked":["PiercingWail","Tactician"],"picked":"Deflect","floor":1.0},{"not_picked":["Calculated Gamble","All Out Attack"],"picked":"Choke","floor":3.0},{"not_picked":["Eviscerate","Blade Dance"],"picked":"Poisoned Stab","floor":5.0},{"not_picked":["All Out Attack","Eviscerate"],"picked":"Backflip","floor":7.0},{"not_picked":["Flechettes","Blade Dance"],"picked":"Crippling Poison","floor":8.0},{"not_picked":["Skewer","Flying Knee"],"picked":"Blur","floor":11.0},{"not_picked":["Skewer","Dagger Spray"],"picked":"PiercingWail","floor":13.0},{"not_picked":["Slice","PiercingWail"],"picked":"Malaise","floor":14.0},{"not_picked":["Phantasmal Killer","Doppelganger"],"picked":"Storm of Steel","floor":16.0},{"not_picked":["PiercingWail","Concentrate"],"picked":"Accuracy+1","floor":18.0},{"not_picked":["Sucker Punch","Poisoned Stab","Finisher"],"picked":"SKIP","floor":19.0},{"not_picked":["Dodge and Roll","PiercingWail+1"],"picked":"Poisoned Stab","floor":21.0},{"not_picked":["Reflex","Calculated Gamble","Deadly Poison"],"picked":"SKIP","floor":22.0},{"not_picked":["Flechettes","Outmaneuver","Acrobatics"],"picked":"Singing Bowl","floor":24.0},{"not_picked":["Deflect","Flying Knee"],"picked":"Leg Sweep","floor":25.0},{"not_picked":["Underhanded Strike","Setup"],"picked":"Backstab","floor":27.0},{"not_picked":["Setup","Quick Slash"],"picked":"After Image","floor":28.0},{"not_picked":["Night Terror","Storm of Steel","Envenom"],"picked":"Singing Bowl","floor":33},{"not_picked":["Footwork","Concentrate","Outmaneuver"],"picked":"Singing Bowl","floor":35},{"not_picked":["Dodge and Roll","Sucker Punch"],"picked":"Backstab","floor":36}],"player_experience":1384459,"relics_obtained":[{"floor":7.0,"key":"Omamori"},{"floor":9.0,"key":"Boot"},{"floor":11.0,"key":"Ninja Scroll"},{"floor":24.0,"key":"Singing Bowl"},{"floor":26.0,"key":"Bag of Preparation"}],"event_choices":[{"damage_healed":0.0,"max_hp_gain":0.0,"max_hp_loss":0.0,"gold_gain":75.0,"event_name":"World of Goop","player_choice":"Gather Gold","floor":2.0,"gold_loss":0.0,"damage_taken":11.0},{"damage_healed":0.0,"max_hp_gain":0.0,"max_hp_loss":0.0,"gold_gain":0.0,"event_name":"Dead Adventurer","player_choice":"Searched \u00272\u0027 times","floor":13.0,"gold_loss":0.0,"damage_taken":0.0,"relics_obtained":["Blood Vial"]},{"damage_healed":0.0,"max_hp_gain":0.0,"max_hp_loss":0.0,"gold_gain":0.0,"event_name":"Drug Dealer","player_choice":"Inject Mutagens","floor":20.0,"gold_loss":0.0,"damage_taken":0.0,"relics_obtained":["MutagenicStrength"]},{"damage_healed":0,"gold_gain":0,"player_choice":"3 cards matched","damage_taken":0,"max_hp_gain":0,"max_hp_loss":0,"event_name":"Match and Keep!","floor":31,"gold_loss":0,"cards_obtained":["Envenom","Infinite Blades","Neutralize"]}],"is_beta":false,"boss_relics":[{"not_picked":["Tiny House","Ectoplasm"],"picked":"Philosopher\u0027s Stone"},{"not_picked":["Busted Crown","Orrery"],"picked":"Empty Cage"}],"items_purged_floors":[30],"is_endless":false,"potions_floor_spawned":[1,7,11,14,22,25,27,28],"killed_by":"Spire Growth","ascension_level":12}