{"gold_per_floor":[112,127,139,214,214,240,240,266,266,266,297,309,332,344,356,368],"floor_reached":16,"playtime":662,"items_purged":[],"score":265,"play_id":"11291228-bd50-4c39-81c0-182f1c1e56c3","local_time":"20190929070909","is_ascension_mode":true,"campfire_choices":[{"floor":7,"key":"REST"},{"floor":10,"key":"REST"},{"floor":15,"key":"REST"}],"neow_cost":"NONE","seed_source_timestamp":1418027574632800,"circlet_count":0,"master_deck":["AscendersBane","Strike_G","Strike_G","Strike_G","Strike_G","Defend_G","Defend_G","Defend_G","Defend_G","Defend_G","Survivor","Neutralize","Backstab","Dash","Prepared","A Thousand Cuts","Skewer+1","Dash","Crippling Poison","Deflect","Cloak And Dagger"],"relics":["HoveringKite","PreservedInsect","Pear","Dream Catcher","MawBank"],"potions_floor_usage":[6],"damage_taken":[{"damage":6,"enemies":"Cultist","floor":1,"turns":4},{"damage":2,"enemies":"Jaw Worm","floor":2,"turns":4},{"damage":3,"enemies":"2 Louse","floor":3,"turns":2},{"damage":23,"enemies":"Lagavulin","floor":6,"turns":9},{"damage":20,"enemies":"3 Sentries","floor":8,"turns":7},{"damage":0,"enemies":"Gremlin Nob","floor":11,"turns":3},{"damage":18,"enemies":"Lots of Slimes","floor":13,"turns":4},{"damage":53,"enemies":"The Guardian","floor":16,"turns":13}],"seed_played":"4341599398793976920","potions_obtained":[{"floor":3,"key":"Poison Potion"},{"floor":8,"key":"SneckoOil"},{"floor":12,"key":"SpeedPotion"}],"is_trial":false,"path_per_floor":["M","M","M","?","?","E","R","E","T","R","E","?","M","?","R","B"],"character_chosen":"THE_SILENT","items_purchased":[],"campfire_rested":3,"item_purchase_floors":[],"current_hp_per_floor":[53,51,48,37,30,7,26,16,16,38,38,38,20,20,42,0],"gold":368,"neow_bonus":"BOSS_RELIC","is_prod":false,"is_daily":false,"chose_seed":false,"campfire_upgraded":0,"win_rate":0,"timestamp":1569766149,"path_taken":["M","M","M","?","?","E","R","E","T","R","E","?","?","?","R","BOSS"],"build_version":"2019-09-27","purchased_purges":0,"victory":false,"max_hp_per_floor":[66,66,66,66,66,66,66,76,76,76,76,76,76,76,76,76],"card_choices":[{"not_picked":["Deadly Poison","Tactician"],"picked":"Backstab","floor":1},{"not_picked":["Dodge and Roll","Sucker Punch"],"picked":"Dash","floor":2},{"not_picked":["Dagger Spray","Tactician"],"picked":"Prepared","floor":3},{"not_picked":["Sucker Punch","Dodge and Roll"],"picked":"A Thousand Cuts","floor":6},{"not_picked":["Concentrate","Poisoned Stab"],"picked":"Skewer","floor":8},{"not_picked":["Sucker Punch","Endless Agony"],"picked":"Dash","floor":10},{"not_picked":["Sucker Punch","Prepared"],"picked":"Crippling Poison","floor":11},{"not_picked":["Phantasmal Killer","Outmaneuver"],"picked":"Deflect","floor":13},{"not_picked":["Masterful Stab","Accuracy"],"picked":"Cloak And Dagger","floor":15}],"player_experience":1491936,"relics_obtained":[{"floor":6,"key":"PreservedInsect"},{"floor":8,"key":"Pear"},{"floor":9,"key":"Dream Catcher"},{"floor":11,"key":"MawBank"}],"event_choices":[{"damage_healed":0,"gold_gain":75,"player_choice":"Gather Gold","damage_taken":11,"max_hp_gain":0,"max_hp_loss":0,"event_name":"World of Goop","floor":4,"gold_loss":0},{"cards_removed":["Strike_G"],"damage_healed":0,"gold_gain":0,"player_choice":"Card Removal","damage_taken":7,"max_hp_gain":0,"max_hp_loss":0,"event_name":"Golden Wing","floor":5,"gold_loss":0},{"damage_healed":0,"gold_gain":0,"player_choice":"Got Potions","damage_taken":0,"max_hp_gain":0,"max_hp_loss":0,"event_name":"Lab","floor":12,"gold_loss":0},{"damage_healed":0,"gold_gain":0,"player_choice":"Upgraded","damage_taken":0,"max_hp_gain":0,"max_hp_loss":0,"event_name":"Upgrade Shrine","floor":14,"gold_loss":0,"cards_upgraded":["Skewer"]}],"is_beta":true,"boss_relics":[],"items_purged_floors":[],"is_endless":false,"potions_floor_spawned":[3,8],"killed_by":"The Guardian","ascension_level":17}