{"gold_per_floor":[112,112,124,49,49,81,81,113,113,126,126],"floor_reached":11,"playtime":275,"items_purged":["Strike_G"],"score":201,"play_id":"e44b1483-e3c9-4a7e-8f12-2279ce51854c","local_time":"20191002084747","is_ascension_mode":true,"campfire_choices":[{"data":"Neutralize","floor":7,"key":"SMITH"}],"neow_cost":"NONE","seed_source_timestamp":1683538165943800,"circlet_count":0,"master_deck":["AscendersBane","Strike_G","Strike_G","Strike_G","Defend_G","Defend_G","Defend_G","Defend_G","Defend_G","Survivor","Neutralize+1","Escape Plan","Well Laid Plans","Endless Agony","Poisoned Stab"],"relics":["Ring of the Snake","NeowsBlessing","Lizard Tail","Bottled Tornado","Pen Nib","Darkstone Periapt"],"potions_floor_usage":[8],"damage_taken":[{"damage":0,"enemies":"Small Slimes","floor":1,"turns":1},{"damage":0,"enemies":"Cultist","floor":3,"turns":1},{"damage":0,"enemies":"Lagavulin","floor":6,"turns":1},{"damage":83,"enemies":"Gremlin Nob","floor":8,"turns":8},{"damage":0,"enemies":"Jaw Worm","floor":10,"turns":4},{"damage":7,"enemies":"3 Sentries","floor":11,"turns":2}],"seed_played":"-7748639082373078036","potions_obtained":[{"floor":1,"key":"Explosive Potion"},{"floor":6,"key":"DuplicationPotion"}],"is_trial":false,"path_per_floor":["M","?","M","$","?","E","R","E","T","M","E"],"character_chosen":"THE_SILENT","items_purchased":[],"campfire_rested":0,"item_purchase_floors":[],"current_hp_per_floor":[59,59,59,59,52,52,52,5,5,5,0],"gold":126,"neow_bonus":"THREE_ENEMY_KILL","is_prod":false,"is_daily":false,"chose_seed":false,"campfire_upgraded":1,"win_rate":0,"timestamp":1570031267,"path_taken":["M","?","M","?","?","E","R","E","T","?","E"],"build_version":"2019-10-01","purchased_purges":1,"victory":false,"max_hp_per_floor":[66,66,66,66,66,66,66,66,66,66,66],"card_choices":[{"not_picked":["Flying Knee","Dodge and Roll"],"picked":"Escape Plan","floor":1},{"not_picked":["Quick Slash","Flechettes"],"picked":"Well Laid Plans","floor":3},{"not_picked":["Phantasmal Killer","Bane"],"picked":"Endless Agony","floor":6},{"not_picked":["Underhanded Strike","Distraction","Accuracy"],"picked":"SKIP","floor":8},{"not_picked":["Slice","Distraction"],"picked":"Poisoned Stab","floor":10}],"player_experience":1520927,"relics_obtained":[{"floor":6,"key":"Bottled Tornado"},{"floor":8,"key":"Pen Nib"},{"floor":9,"key":"Darkstone Periapt"}],"event_choices":[{"damage_healed":0,"gold_gain":0,"player_choice":"Gave Potion","damage_taken":0,"relics_obtained":["Lizard Tail"],"max_hp_gain":0,"max_hp_loss":0,"event_name":"WeMeetAgain","floor":2,"gold_loss":0},{"cards_removed":["Strike_G"],"damage_healed":0,"gold_gain":0,"player_choice":"Card Removal","damage_taken":7,"max_hp_gain":0,"max_hp_loss":0,"event_name":"Golden Wing","floor":5,"gold_loss":0}],"is_beta":true,"boss_relics":[],"items_purged_floors":[4],"is_endless":false,"potions_floor_spawned":[1,6],"killed_by":"3 Sentries","ascension_level":18}