{"gold_per_floor":[111,41,52,52,52,52,12,52,52,52,76,76,251,272,272,396,396,396,351,67,67,67,67,67,67,67,67,67,67,67,67,67,67],"floor_reached":33,"playtime":817,"items_purged":["Doubt"],"score":428,"play_id":"549be28f-4244-4d89-9d31-fb3993483897","local_time":"20190126150137","is_ascension_mode":true,"campfire_choices":[{"data":"Searing Blow","floor":6.0,"key":"SMITH"},{"data":"Searing Blow+1","floor":10.0,"key":"SMITH"},{"data":"Searing Blow+2","floor":12.0,"key":"SMITH"},{"data":"Searing Blow+3","floor":15.0,"key":"SMITH"},{"floor":23.0,"key":"REST"},{"data":"Searing Blow+4","floor":25.0,"key":"SMITH"},{"data":"Searing Blow+5","floor":27.0,"key":"SMITH"},{"data":"Searing Blow+6","floor":30.0,"key":"SMITH"},{"floor":32.0,"key":"REST"}],"neow_cost":"NONE","seed_source_timestamp":791521118187630,"circlet_count":0,"master_deck":["Strike_R","Strike_R","Strike_R","Strike_R","Strike_R","Defend_R","Defend_R","Defend_R","Defend_R","Bash","Cleave","Searing Blow+7","Flex","Rampage","Clash","Inflame","Flame Barrier","Clothesline","Armaments","Shrug It Off","Disarm+1"],"special_seed":0,"relics":["Burning Blood","Bag of Preparation","Golden Idol","Strawberry","Paper Frog","Ectoplasm","ClockworkSouvenir","Bag of Marbles","Peace Pipe"],"potions_floor_usage":[33,33,33],"damage_taken":[{"damage":6.0,"enemies":"Cultist","floor":1.0,"turns":3.0},{"damage":0.0,"enemies":"Small Slimes","floor":3.0,"turns":3.0},{"damage":35.0,"enemies":"Lagavulin","floor":8.0,"turns":4.0},{"damage":2.0,"enemies":"Jaw Worm","floor":11.0,"turns":2.0},{"damage":15.0,"enemies":"Exordium Wildlife","floor":14.0,"turns":3.0},{"damage":0.0,"enemies":"Slime Boss","floor":16.0,"turns":6.0},{"damage":2.0,"enemies":"Chosen","floor":18.0,"turns":2.0},{"damage":12.0,"enemies":"2 Thieves","floor":19.0,"turns":3.0},{"damage":28.0,"enemies":"Shelled Parasite and Fungi","floor":21.0,"turns":4.0},{"damage":32.0,"enemies":"3 Cultists","floor":22.0,"turns":5.0},{"damage":30.0,"enemies":"Book of Stabbing","floor":24.0,"turns":3.0},{"damage":0.0,"enemies":"Cultist and Chosen","floor":28.0,"turns":4.0},{"damage":0.0,"enemies":"Snake Plant","floor":29.0,"turns":1.0},{"damage":6.0,"enemies":"Centurion and Healer","floor":31.0,"turns":5.0},{"damage":75,"enemies":"Champ","floor":33,"turns":6}],"seed_played":"-4934015190501559569","potions_obtained":[{"floor":1.0,"key":"Fire Potion"},{"floor":11.0,"key":"Fire Potion"},{"floor":14.0,"key":"Energy Potion"},{"floor":19.0,"key":"FearPotion"},{"floor":21.0,"key":"FearPotion"},{"floor":28.0,"key":"PowerPotion"},{"floor":29.0,"key":"GamblersBrew"},{"floor":31.0,"key":"Strength Potion"}],"is_trial":false,"path_per_floor":["M","$","M","?","?","R","$","E","T","R","M","R","?","M","R","B",null,"M","M","$","M","M","R","E","R","T","R","M","M","R","M","R","B"],"character_chosen":"IRONCLAD","items_purchased":["Searing Blow","Rampage","ClockworkSouvenir"],"campfire_rested":2,"item_purchase_floors":[2,7,20],"current_hp_per_floor":[80,80,80,60,80,80,80,58,58,58,62,62,62,53,53,59,80,84,78,78,56,30,56,32,32,32,32,38,44,44,44,70,0],"gold":67,"neow_bonus":"RANDOM_COMMON_RELIC","is_prod":false,"is_daily":false,"chose_seed":false,"campfire_upgraded":7,"win_rate":0,"timestamp":1548532897,"path_taken":["M","$","M","?","?","R","?","E","T","R","?","R","?","M","R","BOSS","M","M","$","M","M","R","E","R","T","R","M","M","R","M","R","BOSS"],"build_version":"2019-01-23","purchased_purges":1,"victory":false,"max_hp_per_floor":[80,80,80,80,80,80,80,87,87,87,87,87,87,87,87,87,87,87,87,87,87,87,87,87,87,87,87,87,87,87,87,87,87],"card_choices":[{"not_picked":["True Grit","Clash"],"picked":"Cleave","floor":1.0},{"not_picked":["Pummel","Havoc"],"picked":"Flex","floor":3.0},{"not_picked":["Searing Blow","Havoc"],"picked":"Clash","floor":8.0},{"not_picked":["True Grit","Sentinel"],"picked":"Inflame","floor":11.0},{"not_picked":["Body Slam","Clash","Blood for Blood"],"picked":"SKIP","floor":14.0},{"not_picked":["Wild Strike+1","Cleave"],"picked":"Flame Barrier","floor":18.0},{"not_picked":["Clash","Intimidate+1","Hemokinesis"],"picked":"SKIP","floor":19.0},{"not_picked":["Headbutt","Thunderclap+1"],"picked":"Clothesline","floor":21.0},{"not_picked":["Anger","Heavy Blade"],"picked":"Armaments","floor":22.0},{"not_picked":["Clothesline","Intimidate","Cleave+1"],"picked":"SKIP","floor":24.0},{"not_picked":["Anger","Ghostly Armor"],"picked":"Shrug It Off","floor":28.0},{"not_picked":["Intimidate+1","Brutality","Clash"],"picked":"SKIP","floor":29.0},{"not_picked":["Sever Soul","Thunderclap"],"picked":"Disarm+1","floor":31.0}],"player_experience":115645,"relics_obtained":[{"floor":8.0,"key":"Strawberry"},{"floor":9.0,"key":"Paper Frog"},{"floor":24.0,"key":"Bag of Marbles"},{"floor":26.0,"key":"Peace Pipe"}],"event_choices":[{"damage_healed":0.0,"max_hp_gain":0.0,"max_hp_loss":0.0,"gold_gain":0.0,"event_name":"Golden Idol","player_choice":"Take Damage","floor":4.0,"gold_loss":0.0,"damage_taken":20.0,"relics_obtained":["Golden Idol"]},{"damage_healed":26.0,"max_hp_gain":0.0,"max_hp_loss":0.0,"gold_gain":0.0,"event_name":"Big Fish","player_choice":"Banana","floor":5.0,"gold_loss":0.0,"damage_taken":0.0},{"damage_healed":0.0,"max_hp_gain":0.0,"max_hp_loss":0.0,"gold_gain":175.0,"event_name":"Liars Game","player_choice":"AGREE","floor":13.0,"gold_loss":0.0,"damage_taken":0.0,"cards_obtained":["Doubt"]}],"is_beta":false,"boss_relics":[{"not_picked":["Runic Pyramid","Snecko Eye"],"picked":"Ectoplasm"}],"items_purged_floors":[20],"is_endless":false,"potions_floor_spawned":[1,11,14,19,21,28,29,31],"killed_by":"Champ","ascension_level":5}