{"gold_per_floor":[119,44,44,44,219,245,245,272,298,333,344,355,375,80,80,181,181,197,197,197,197,213,242,85,85,111,111,111,122,141,152,152,250,250,260,260,277,277,277,277,290,290,290,290,54,70,86,97,97,97],"floor_reached":51,"playtime":4663,"items_purged":["Strike_B","Doubt","Sweeping Beam","Lockon+1"],"score":856,"play_id":"e6dc37ab-725a-475c-b7ab-64bdeaf9e74d","local_time":"20190302125459","is_ascension_mode":true,"campfire_choices":[{"data":"Gash","floor":7.0,"key":"SMITH"},{"data":"Glacier","floor":15.0,"key":"SMITH"},{"floor":25.0,"key":"REST"},{"floor":27.0,"key":"REST"},{"floor":32.0,"key":"REST"},{"data":"Capacitor","floor":40.0,"key":"SMITH"},{"data":"Buffer","floor":44.0,"key":"SMITH"},{"floor":49.0,"key":"REST"}],"neow_cost":"NONE","seed_source_timestamp":14066706339608,"circlet_count":0,"master_deck":["Zap+1","Gash+1","White Noise","Skim","FTL","Glacier+1","Machine Learning","Buffer","Capacitor+1","White Noise","BootSequence","Gash","Seek","All For One","BootSequence+1","Buffer+1","Fission+1","Buffer+1"],"special_seed":0,"relics":["Cracked Core","NeowsBlessing","PreservedInsect","The Courier","Dream Catcher","Vajra","Lee\u0027s Waffle","Pandora\u0027s Box","Sundial","Pen Nib","Astrolabe","FaceOfCleric","Ornamental Fan","Lantern"],"potions_floor_usage":[50],"damage_taken":[{"damage":0.0,"enemies":"Jaw Worm","floor":1.0,"turns":1.0},{"damage":0.0,"enemies":"Gremlin Nob","floor":6.0,"turns":1.0},{"damage":0.0,"enemies":"Lagavulin","floor":8.0,"turns":1.0},{"damage":54.0,"enemies":"3 Sentries","floor":10.0,"turns":11.0},{"damage":0.0,"enemies":"2 Louse","floor":11.0,"turns":2.0},{"damage":0.0,"enemies":"Small Slimes","floor":12.0,"turns":2.0},{"damage":2.0,"enemies":"Exordium Wildlife","floor":13.0,"turns":3.0},{"damage":43.0,"enemies":"Hexaghost","floor":16.0,"turns":11.0},{"damage":4.0,"enemies":"Shell Parasite","floor":18.0,"turns":5.0},{"damage":4.0,"enemies":"Chosen","floor":22.0,"turns":5.0},{"damage":16.0,"enemies":"Slavers","floor":23.0,"turns":5.0},{"damage":23.0,"enemies":"Centurion and Healer","floor":29.0,"turns":4.0},{"damage":21.0,"enemies":"3 Cultists","floor":30.0,"turns":4.0},{"damage":23.0,"enemies":"Snake Plant","floor":31.0,"turns":4.0},{"damage":40.0,"enemies":"Automaton","floor":33.0,"turns":7.0},{"damage":38.0,"enemies":"3 Darklings","floor":35.0,"turns":3.0},{"damage":0.0,"enemies":"3 Shapes","floor":37.0,"turns":5.0},{"damage":0.0,"enemies":"Transient","floor":41.0,"turns":5.0},{"damage":0.0,"enemies":"Sphere and 2 Shapes","floor":46.0,"turns":4.0},{"damage":4.0,"enemies":"Jaw Worm Horde","floor":47.0,"turns":3.0},{"damage":24.0,"enemies":"4 Shapes","floor":48.0,"turns":5.0},{"damage":44,"enemies":"Awakened One","floor":50,"turns":8}],"seed_played":"-4771082654479417692","potions_obtained":[{"floor":8.0,"key":"FearPotion"},{"floor":11.0,"key":"Poison Potion"},{"floor":16.0,"key":"FocusPotion"},{"floor":18.0,"key":"Ancient Potion"},{"floor":35.0,"key":"Strength Potion"},{"floor":37.0,"key":"SkillPotion"},{"floor":41.0,"key":"Swift Potion"},{"floor":42.0,"key":"AttackPotion"},{"floor":48.0,"key":"Ancient Potion"}],"is_trial":false,"path_per_floor":["M","$","?","?","?","E","R","E","T","E","M","M","M","$","R","B",null,"M","?","?","?","M","E","$","R","T","R","$","M","M","M","R","B",null,"M","?","M","?","?","R","M","?","T","R","$","M","M","M","R","B",null],"character_chosen":"DEFECT","items_purchased":["Lee\u0027s Waffle","Machine Learning","Seek","Lantern"],"campfire_rested":4,"item_purchase_floors":[14,14,24,45],"current_hp_per_floor":[75,75,75,60,60,60,60,60,60,6,6,6,4,82,82,39,71,67,51,51,51,47,31,31,57,57,83,83,60,39,16,42,2,66,28,28,29,29,77,77,78,78,78,78,78,79,76,53,77,34],"gold":97,"neow_bonus":"THREE_ENEMY_KILL","is_prod":false,"is_daily":false,"chose_seed":false,"campfire_upgraded":4,"win_rate":0,"timestamp":1551552899,"path_taken":["M","$","?","?","?","E","R","E","T","E","M","?","M","$","R","BOSS","M","?","?","?","M","E","$","R","T","R","?","M","M","M","R","BOSS","M","?","?","?","?","R","M","?","T","R","$","?","M","M","R","BOSS"],"build_version":"2019-01-23","purchased_purges":4,"victory":true,"max_hp_per_floor":[75,75,75,75,75,75,75,75,75,75,75,75,75,82,82,82,82,82,87,87,87,87,87,87,87,87,87,87,87,87,87,87,87,87,87,87,88,88,77,77,78,78,78,78,78,79,80,81,81,82],"card_choices":[{"not_picked":["Ball Lightning","Barrage"],"picked":"Gash","floor":1.0},{"not_picked":["Go for the Eyes","Stack","Aggregate"],"picked":"SKIP","floor":6.0},{"not_picked":["Cold Snap","Thunder Strike"],"picked":"White Noise","floor":8.0},{"not_picked":["Chaos","Cold Snap"],"picked":"Skim","floor":10.0},{"not_picked":["Go for the Eyes","Heatsinks"],"picked":"FTL","floor":11.0},{"not_picked":["Steam","Streamline","Stack"],"picked":"SKIP","floor":12.0},{"not_picked":["Barrage","Beam Cell"],"picked":"Glacier","floor":13.0},{"not_picked":["Electrodynamics","Biased Cognition"],"picked":"Buffer","floor":16.0},{"not_picked":["Conserve Battery","Streamline+1"],"picked":"Gash","floor":18.0},{"not_picked":["Hologram","Turbo","Redo"],"picked":"SKIP","floor":22.0},{"not_picked":["Barrage","Rip and Tear","Steam Power"],"picked":"SKIP","floor":23.0},{"not_picked":["Barrage","Rip and Tear","Steam Power"],"picked":"SKIP","floor":23.0},{"not_picked":["Darkness","Capacitor+1"],"picked":"All For One","floor":27.0},{"not_picked":["Rip and Tear","Genetic Algorithm","Force Field"],"picked":"SKIP","floor":29.0},{"not_picked":["Redo","Aggregate+1","Beam Cell+1"],"picked":"SKIP","floor":30.0},{"not_picked":["Coolheaded","Turbo"],"picked":"BootSequence+1","floor":31.0},{"not_picked":["Thunder Strike","Meteor Strike"],"picked":"Buffer","floor":33.0},{"not_picked":["Coolheaded+1","Cold Snap+1","Conserve Battery"],"picked":"SKIP","floor":35.0},{"not_picked":["Streamline","Redo","Coolheaded+1"],"picked":"SKIP","floor":37.0},{"not_picked":["Ball Lightning+1","Coolheaded+1","Rip and Tear+1"],"picked":"SKIP","floor":41.0},{"not_picked":["Conserve Battery","Streamline+1","Rebound+1"],"picked":"SKIP","floor":46.0},{"not_picked":["Redo+1","Heatsinks+1","Loop+1"],"picked":"SKIP","floor":47.0},{"not_picked":["BootSequence","Streamline+1","Machine Learning"],"picked":"SKIP","floor":48.0}],"player_experience":448978,"relics_obtained":[{"floor":6.0,"key":"PreservedInsect"},{"floor":8.0,"key":"The Courier"},{"floor":9.0,"key":"Dream Catcher"},{"floor":10.0,"key":"Vajra"},{"floor":23.0,"key":"Sundial"},{"floor":26.0,"key":"Pen Nib"},{"floor":43.0,"key":"Ornamental Fan"}],"event_choices":[{"damage_healed":0.0,"max_hp_gain":0.0,"max_hp_loss":0.0,"gold_gain":0.0,"event_name":"The Cleric","player_choice":"Leave","floor":3.0,"gold_loss":0.0,"damage_taken":0.0},{"damage_healed":0.0,"max_hp_gain":0.0,"max_hp_loss":0.0,"gold_gain":0.0,"event_name":"Shining Light","player_choice":"Entered Light","floor":4.0,"gold_loss":0.0,"damage_taken":15.0,"cards_upgraded":["Zap","Defend_B"]},{"damage_healed":0.0,"max_hp_gain":0.0,"max_hp_loss":0.0,"gold_gain":175.0,"event_name":"Liars Game","player_choice":"AGREE","floor":5.0,"gold_loss":0.0,"damage_taken":0.0,"cards_obtained":["Doubt"]},{"damage_healed":0.0,"max_hp_gain":5.0,"max_hp_loss":0.0,"gold_gain":0.0,"event_name":"Forgotten Altar","player_choice":"Shed Blood","floor":19.0,"gold_loss":0.0,"damage_taken":21.0},{"damage_healed":0.0,"max_hp_gain":0.0,"max_hp_loss":0.0,"gold_gain":0.0,"event_name":"Vampires","player_choice":"Ignored","floor":20.0,"gold_loss":0.0,"damage_taken":0.0},{"cards_removed":["Dualcast"],"damage_healed":0.0,"max_hp_gain":0.0,"max_hp_loss":0.0,"gold_gain":0.0,"event_name":"Back to Basics","player_choice":"Elegance","floor":21.0,"gold_loss":0.0,"damage_taken":0.0},{"damage_healed":0.0,"max_hp_gain":0.0,"max_hp_loss":0.0,"gold_gain":0.0,"event_name":"FaceTrader","player_choice":"Trade","floor":36.0,"gold_loss":0.0,"damage_taken":0.0,"relics_obtained":["FaceOfCleric"]},{"damage_healed":0.0,"max_hp_gain":0.0,"max_hp_loss":0.0,"gold_gain":0.0,"event_name":"Tomb of Lord Red Mask","player_choice":"Ignored","floor":38.0,"gold_loss":0.0,"damage_taken":0.0},{"damage_healed":77.0,"max_hp_gain":0.0,"max_hp_loss":11.0,"gold_gain":0.0,"event_name":"The Moai Head","player_choice":"Heal","floor":39.0,"gold_loss":0.0,"damage_taken":0.0},{"damage_healed":0.0,"max_hp_gain":0.0,"max_hp_loss":0.0,"gold_gain":0.0,"event_name":"Lab","player_choice":"Got Potions","floor":42.0,"gold_loss":0.0,"damage_taken":0.0}],"is_beta":false,"boss_relics":[{"not_picked":["Inserter","Velvet Choker"],"picked":"Pandora\u0027s Box"},{"not_picked":["Nuclear Battery","Runic Pyramid"],"picked":"Astrolabe"}],"items_purged_floors":[2,14,24,45],"is_endless":false,"potions_floor_spawned":[8,11,16,18,35,37,41,48],"ascension_level":5}