{"gold_per_floor":[114,114,130,33,33,65,65,90,90,101,101],"floor_reached":11,"playtime":405,"items_purged":[],"score":162,"play_id":"8ca48922-e8ef-4071-adbf-5e237bd9d2c0","local_time":"20190717130348","is_ascension_mode":true,"campfire_choices":[{"floor":7,"key":"REST"}],"neow_cost":"TEN_PERCENT_HP_LOSS","seed_source_timestamp":0,"circlet_count":0,"master_deck":["AscendersBane","Strike_B","Strike_B","Strike_B","Defend_B","Defend_B","Defend_B","Defend_B","Zap","Dualcast","Creative AI","Force Field","Force Field","Storm","Consume","Steam","Hologram"],"relics":["Cracked Core","Frozen Egg 2","Pen Nib","Ornamental Fan"],"potions_floor_usage":[6,6],"damage_taken":[{"damage":14,"enemies":"Small Slimes","floor":1,"turns":4},{"damage":0,"enemies":"2 Louse","floor":3,"turns":2},{"damage":37,"enemies":"Gremlin Nob","floor":6,"turns":5},{"damage":10,"enemies":"Lagavulin","floor":8,"turns":8},{"damage":6,"enemies":"Cultist","floor":10,"turns":5},{"damage":12,"enemies":"Exordium Wildlife","floor":11,"turns":1}],"seed_played":"908556972219088","potions_obtained":[{"floor":3,"key":"SpeedPotion"},{"floor":10,"key":"Explosive Potion"}],"is_trial":false,"path_per_floor":["M","?","M","$","?","E","R","E","T","M","M"],"character_chosen":"DEFECT","items_purchased":["Storm","Energy Potion"],"campfire_rested":1,"item_purchase_floors":[4,4],"current_hp_per_floor":[50,43,43,43,43,6,25,15,15,9,0],"gold":101,"neow_bonus":"THREE_RARE_CARDS","is_prod":false,"is_daily":false,"chose_seed":true,"campfire_upgraded":0,"win_rate":0,"timestamp":1563383028,"path_taken":["M","?","M","$","?","E","R","E","T","M","M"],"build_version":"2019-07-10","purchased_purges":0,"victory":false,"max_hp_per_floor":[64,64,64,64,64,64,64,64,64,64,64],"card_choices":[{"not_picked":["Echo Form","Thunder Strike"],"picked":"Creative AI","floor":0},{"not_picked":["Sweeping Beam","Redo"],"picked":"Force Field","floor":1},{"not_picked":["Doom and Gloom","Compile Driver"],"picked":"Force Field","floor":3},{"not_picked":["Double Energy","Rebound"],"picked":"Consume","floor":6},{"not_picked":["Gash","Ball Lightning"],"picked":"Steam","floor":8},{"not_picked":["Fusion","Barrage"],"picked":"Hologram","floor":10}],"player_experience":3246923,"relics_obtained":[{"floor":6,"key":"Frozen Egg 2"},{"floor":8,"key":"Pen Nib"},{"floor":9,"key":"Ornamental Fan"}],"event_choices":[{"cards_removed":["Strike_B"],"damage_healed":0,"gold_gain":0,"player_choice":"Card Removal","damage_taken":7,"max_hp_gain":0,"max_hp_loss":0,"event_name":"Golden Wing","floor":2,"gold_loss":0},{"damage_healed":0,"gold_gain":0,"player_choice":"Ignored","damage_taken":0,"max_hp_gain":0,"max_hp_loss":0,"event_name":"Liars Game","floor":5,"gold_loss":0}],"is_beta":true,"boss_relics":[],"items_purged_floors":[],"is_endless":false,"potions_floor_spawned":[3,10],"killed_by":"Exordium Wildlife","ascension_level":20}