{"gold_per_floor":[115,133,133,14,64,64,239,239,239,239,271,284,342,367,367,471,471,487,487,487,26,40,40,53,53,76,98,110,122],"floor_reached":29,"playtime":1020,"items_purged":[],"score":330,"play_id":"738b3531-fa95-402b-83f8-2b1d431ed170","local_time":"20190519154559","is_ascension_mode":true,"campfire_choices":[{"data":"Neutralize","floor":6,"key":"SMITH"},{"data":"Neutralize","floor":8,"key":"SMITH"},{"data":"Quick Slash","floor":10,"key":"SMITH"},{"data":"Envenom","floor":15,"key":"SMITH"},{"floor":23,"key":"REST"},{"data":"Riddle With Holes","floor":25,"key":"SMITH"},{"floor":28,"key":"REST"}],"neow_cost":"NONE","seed_source_timestamp":13444065465101,"circlet_count":0,"master_deck":["Defend_G","Defend_G","Defend_G","Defend_G","Defend_G","Strike_G+1","Strike_G","Strike_G","Strike_G+1","Strike_G","Survivor","Neutralize+1","Flying Knee","Heel Hook","Neutralize+1","Quick Slash+1","Doubt","Dagger Spray","Envenom+1","Cloak And Dagger","PiercingWail","Burst","Caltrops","Cloak And Dagger","Bane","Night Terror","Finisher","Riddle With Holes+1","Noxious Fumes","Distraction+1","Backflip","Footwork+1","Deflect+1"],"relics":["Ring of the Snake","NeowsBlessing","Strawberry","Pantograph","Paper Crane","Shuriken","Whetstone","Orrery","Matryoshka","Regal Pillow","MawBank","Dream Catcher"],"potions_floor_usage":[13,14,16,16,22,29],"damage_taken":[{"damage":0,"enemies":"Jaw Worm","floor":1,"turns":1},{"damage":0,"enemies":"Cultist","floor":2,"turns":1},{"damage":0,"enemies":"Lagavulin","floor":11,"turns":2},{"damage":4,"enemies":"Small Slimes","floor":12,"turns":2},{"damage":5,"enemies":"Lagavulin Event","floor":13,"turns":5},{"damage":7,"enemies":"3 Sentries","floor":14,"turns":7},{"damage":24,"enemies":"Slime Boss","floor":16,"turns":9},{"damage":12,"enemies":"Shell Parasite","floor":18,"turns":7},{"damage":22,"enemies":"Chosen","floor":22,"turns":7},{"damage":33,"enemies":"Shelled Parasite and Fungi","floor":24,"turns":8},{"damage":26,"enemies":"Centurion and Healer","floor":27,"turns":5},{"damage":60,"enemies":"Slavers","floor":29,"turns":3}],"seed_played":"8782762448315407280","potions_obtained":[{"floor":2,"key":"Explosive Potion"},{"floor":12,"key":"FearPotion"},{"floor":13,"key":"Energy Potion"},{"floor":16,"key":"Explosive Potion"},{"floor":27,"key":"PowerPotion"}],"is_trial":false,"path_per_floor":["M","M","?","$","T","R","?","R","T","R","E","M","?","E","R","B",null,"M","?","?","$","M","R","M","R","T","M","R","E"],"character_chosen":"THE_SILENT","items_purchased":["GhostInAJar","Quick Slash","Matryoshka","Noxious Fumes","Regal Pillow"],"campfire_rested":2,"item_purchase_floors":[4,4,21,21,21],"current_hp_per_floor":[63,63,63,63,70,70,70,70,70,70,70,66,61,54,54,53,71,59,59,59,59,37,75,42,42,42,16,54,0],"gold":122,"neow_bonus":"THREE_ENEMY_KILL","is_prod":false,"is_daily":false,"chose_seed":false,"campfire_upgraded":5,"win_rate":0,"timestamp":1558244759,"path_taken":["M","M","?","$","?","R","?","R","T","R","E","M","?","E","R","BOSS","M","?","?","$","M","R","M","R","T","M","R","E"],"build_version":"2019-01-23","purchased_purges":0,"victory":false,"max_hp_per_floor":[70,70,70,70,77,77,77,77,77,77,77,77,77,77,77,77,77,77,77,77,77,77,77,77,77,77,77,77,77],"card_choices":[{"not_picked":["Acrobatics","Bane"],"picked":"Flying Knee","floor":1},{"not_picked":["Accuracy","Prepared"],"picked":"Heel Hook","floor":2},{"not_picked":["Well Laid Plans","Infinite Blades"],"picked":"Dagger Spray","floor":11},{"not_picked":["Prepared","Deflect"],"picked":"Envenom","floor":12},{"not_picked":["Choke","Underhanded Strike"],"picked":"Cloak And Dagger","floor":13},{"not_picked":["Riddle With Holes","Deadly Poison"],"picked":"PiercingWail","floor":14},{"not_picked":["Bullet Time","Wraith Form v2"],"picked":"Burst","floor":16},{"not_picked":["Dodge and Roll","Blade Dance"],"picked":"Caltrops","floor":17},{"not_picked":["Blade Dance","Quick Slash"],"picked":"Cloak And Dagger","floor":17},{"not_picked":["Expertise","Slice"],"picked":"Bane","floor":17},{"not_picked":["Dagger Throw","Heel Hook"],"picked":"Night Terror","floor":17},{"not_picked":["Flechettes","Outmaneuver"],"picked":"Finisher","floor":17},{"not_picked":["Outmaneuver","Heel Hook"],"picked":"Riddle With Holes","floor":18},{"not_picked":["Blade Dance","Quick Slash"],"picked":"Distraction+1","floor":22},{"not_picked":["Dagger Throw","Setup"],"picked":"Backflip","floor":24},{"not_picked":["Quick Slash","Poisoned Stab+1"],"picked":"Footwork+1","floor":27},{"not_picked":["Acrobatics+1","Slice"],"picked":"Deflect+1","floor":28}],"player_experience":654904,"relics_obtained":[{"floor":5,"key":"Strawberry"},{"floor":9,"key":"Pantograph"},{"floor":11,"key":"Paper Crane"},{"floor":14,"key":"Whetstone"},{"floor":26,"key":"MawBank"},{"floor":26,"key":"Dream Catcher"}],"event_choices":[{"damage_healed":0,"gold_gain":0,"player_choice":"1 cards matched","damage_taken":0,"max_hp_gain":0,"max_hp_loss":0,"event_name":"Match and Keep!","floor":3,"gold_loss":0,"cards_obtained":["Neutralize"]},{"damage_healed":0,"gold_gain":175,"player_choice":"AGREE","damage_taken":0,"max_hp_gain":0,"max_hp_loss":0,"event_name":"Liars Game","floor":7,"gold_loss":0,"cards_obtained":["Doubt"]},{"damage_healed":0,"gold_gain":0,"player_choice":"Searched \u00273\u0027 times","damage_taken":0,"relics_obtained":["Shuriken"],"max_hp_gain":0,"max_hp_loss":0,"event_name":"Dead Adventurer","floor":13,"gold_loss":0},{"damage_healed":0,"gold_gain":0,"player_choice":"Ignored","damage_taken":0,"max_hp_gain":0,"max_hp_loss":0,"event_name":"Vampires","floor":19,"gold_loss":0},{"damage_healed":0,"gold_gain":0,"player_choice":"Ignored","damage_taken":0,"max_hp_gain":0,"max_hp_loss":0,"event_name":"Ghosts","floor":20,"gold_loss":0}],"is_beta":false,"boss_relics":[{"not_picked":["Velvet Choker","Lizard Tail"],"picked":"Orrery"}],"items_purged_floors":[],"is_endless":false,"potions_floor_spawned":[2,12,13,16,27],"killed_by":"Slavers","ascension_level":6}