{"gold_per_floor":[116,116,129,141,141,141,166,182,182,199,227,227,241,32,32,32],"floor_reached":16,"playtime":589,"items_purged":["Injury"],"score":129,"play_id":"aefb132c-9598-4392-8f59-9e6c0ee97de3","local_time":"20190425063633","is_ascension_mode":true,"campfire_choices":[{"data":"Flame Barrier","floor":6,"key":"SMITH"},{"floor":12,"key":"REST"},{"data":"Perfected Strike","floor":15,"key":"SMITH"}],"neow_cost":"CURSE","seed_source_timestamp":15693610947742,"circlet_count":0,"master_deck":["Strike_R","Strike_R+1","Strike_R","Strike_R","Strike_R","Defend_R","Defend_R","Defend_R","Defend_R+1","Bash","Good Instincts","Violence","Wild Strike","Flame Barrier+1","Spot Weakness","Anger","Perfected Strike+1","Shockwave","Dual Wield","Twin Strike","Impervious","Wild Strike"],"relics":["Burning Blood","Frozen Egg 2","Shuriken","The Courier","Centennial Puzzle"],"potions_floor_usage":[10,16],"damage_taken":[{"damage":6,"enemies":"2 Louse","floor":1,"turns":3},{"damage":1,"enemies":"Cultist","floor":3,"turns":3},{"damage":1,"enemies":"Small Slimes","floor":4,"turns":5},{"damage":22,"enemies":"3 Sentries","floor":7,"turns":8},{"damage":17,"enemies":"Looter","floor":8,"turns":3},{"damage":5,"enemies":"Exordium Thugs","floor":10,"turns":5},{"damage":25,"enemies":"Gremlin Nob","floor":11,"turns":4},{"damage":10,"enemies":"3 Louse","floor":13,"turns":3},{"damage":50,"enemies":"Slime Boss","floor":16,"turns":9}],"seed_played":"-3896123567042003963","potions_obtained":[{"floor":4,"key":"Dexterity Potion"},{"floor":8,"key":"SkillPotion"},{"floor":13,"key":"SneckoOil"}],"is_trial":false,"path_per_floor":["M","?","M","M","?","R","E","M","T","M","E","R","M","$","R","B"],"character_chosen":"IRONCLAD","items_purchased":["Impervious","Wild Strike"],"campfire_rested":1,"item_purchase_floors":[14,14],"current_hp_per_floor":[80,64,69,74,74,74,58,47,47,48,29,53,49,49,49,0],"gold":32,"neow_bonus":"RANDOM_COLORLESS_2","is_prod":false,"is_daily":false,"chose_seed":false,"campfire_upgraded":2,"win_rate":0,"timestamp":1556138193,"path_taken":["M","?","M","M","?","R","E","M","T","M","E","R","?","$","R","BOSS"],"build_version":"2019-01-23","purchased_purges":1,"victory":false,"max_hp_per_floor":[80,80,80,80,80,80,80,80,80,80,80,80,80,80,80,80],"card_choices":[{"not_picked":["Shockwave","Clash"],"picked":"Wild Strike","floor":1},{"not_picked":["Thunderclap","Battle Trance"],"picked":"Flame Barrier","floor":3},{"not_picked":["Flex","Searing Blow"],"picked":"Spot Weakness","floor":4},{"not_picked":["Battle Trance","Second Wind"],"picked":"Anger","floor":7},{"not_picked":["Clothesline","Feed"],"picked":"Perfected Strike","floor":8},{"not_picked":["Havoc","Thunderclap"],"picked":"Shockwave","floor":10},{"not_picked":["Perfected Strike","Blood for Blood"],"picked":"Dual Wield","floor":11},{"not_picked":["Armaments","Iron Wave"],"picked":"Twin Strike","floor":13}],"player_experience":465710,"relics_obtained":[{"floor":7,"key":"Shuriken"},{"floor":9,"key":"The Courier"},{"floor":11,"key":"Centennial Puzzle"}],"event_choices":[{"damage_healed":0,"gold_gain":0,"player_choice":"Entered Light","damage_taken":16,"max_hp_gain":0,"max_hp_loss":0,"event_name":"Shining Light","floor":2,"gold_loss":0,"cards_upgraded":["Strike_R","Defend_R"]},{"damage_healed":0,"gold_gain":0,"player_choice":"Gave Potion","damage_taken":0,"relics_obtained":["Frozen Egg 2"],"max_hp_gain":0,"max_hp_loss":0,"event_name":"WeMeetAgain","floor":5,"gold_loss":0}],"is_beta":false,"boss_relics":[],"items_purged_floors":[14],"is_endless":false,"potions_floor_spawned":[4,8,13],"killed_by":"Slime Boss","ascension_level":3}