{"gold_per_floor":[363,376,396,396,406,436,436,130,130,140,90,90,100,100,100,202,202,171,186,186,41,75,75],"floor_reached":23,"playtime":833,"items_purged":[],"score":191,"play_id":"2afa7fbd-b9f6-47a0-881a-e9bd0886b5c5","local_time":"20190329083017","is_ascension_mode":false,"campfire_choices":[{"data":"Bash","floor":7,"key":"SMITH"},{"data":"1","floor":12,"key":"LIFT"},{"floor":15,"key":"REST"}],"neow_cost":"TEN_PERCENT_HP_LOSS","seed_source_timestamp":66446214094155,"circlet_count":0,"master_deck":["Strike_R","Strike_R","Strike_R","Strike_R","Strike_R","Defend_R","Defend_R","Defend_R","Defend_R","Bash+1","Rage","Armaments","Inflame","Cleave","Flex","Shrug It Off","Metallicize","Anger","Demon Form+1","Reaper","Cleave","Heavy Blade+1","Trip","Perfected Strike","Limit Break"],"relics":["Black Blood","Meat on the Bone","Champion Belt","Pen Nib","Girya","Red Mask"],"potions_floor_usage":[16,18,22],"damage_taken":[{"damage":1,"enemies":"2 Louse","floor":1,"turns":3},{"damage":0,"enemies":"Cultist","floor":2,"turns":3},{"damage":5,"enemies":"Small Slimes","floor":3,"turns":4},{"damage":19,"enemies":"3 Louse","floor":5,"turns":6},{"damage":34,"enemies":"Gremlin Nob","floor":6,"turns":5},{"damage":3,"enemies":"Exordium Thugs","floor":10,"turns":4},{"damage":7,"enemies":"Looter","floor":13,"turns":3},{"damage":26,"enemies":"The Guardian","floor":16,"turns":10},{"damage":36,"enemies":"2 Thieves","floor":18,"turns":5},{"damage":51,"enemies":"Chosen","floor":19,"turns":8},{"damage":25,"enemies":"Masked Bandits","floor":22,"turns":4},{"damage":66,"enemies":"Book of Stabbing","floor":23,"turns":4}],"seed_played":"-8512372026131800112","potions_obtained":[{"floor":3,"key":"Ancient Potion"},{"floor":6,"key":"LiquidBronze"},{"floor":13,"key":"Energy Potion"},{"floor":16,"key":"SkillPotion"},{"floor":18,"key":"Strength Potion"},{"floor":22,"key":"LiquidBronze"}],"is_trial":false,"path_per_floor":["M","M","M","?","M","E","R","$","T","M","?","R","M","?","R","B",null,"M","M","?","$","?","E"],"character_chosen":"IRONCLAD","items_purchased":["Pen Nib","Flex","Shrug It Off","Metallicize","Trip","Perfected Strike"],"campfire_rested":1,"item_purchase_floors":[8,8,8,8,21,21],"current_hp_per_floor":[72,72,72,72,59,43,43,43,43,46,46,46,45,45,66,46,72,61,39,39,39,64,0],"gold":75,"neow_bonus":"TWO_FIFTY_GOLD","is_prod":false,"is_daily":false,"chose_seed":false,"campfire_upgraded":1,"win_rate":0,"timestamp":1553812217,"path_taken":["M","M","M","?","?","E","R","$","T","M","?","R","M","?","R","BOSS","M","M","?","?","?","E"],"build_version":"2019-01-23","purchased_purges":0,"victory":false,"max_hp_per_floor":[72,72,72,72,72,72,72,72,72,72,72,72,72,72,72,72,72,72,72,72,72,72,72],"card_choices":[{"not_picked":["Anger","True Grit"],"picked":"Rage","floor":1},{"not_picked":["Corruption","Evolve"],"picked":"Armaments","floor":2},{"not_picked":["Perfected Strike","Hemokinesis"],"picked":"Inflame","floor":3},{"not_picked":["Iron Wave","Clothesline"],"picked":"Cleave","floor":5},{"not_picked":["Clothesline","Sever Soul","Corruption"],"picked":"SKIP","floor":6},{"not_picked":["Disarm","Sword Boomerang"],"picked":"Anger","floor":10},{"not_picked":["Corruption","Combust"],"picked":"Demon Form","floor":13},{"not_picked":["Juggernaut","Exhume"],"picked":"Reaper","floor":16},{"not_picked":["Uppercut","Clash"],"picked":"Cleave","floor":18},{"not_picked":["Corruption","Shrug It Off"],"picked":"Heavy Blade","floor":19},{"not_picked":["Shockwave","Warcry"],"picked":"Limit Break","floor":22}],"player_experience":282552,"relics_obtained":[{"floor":6,"key":"Champion Belt"},{"floor":9,"key":"Girya"},{"floor":22,"key":"Red Mask"}],"event_choices":[{"damage_healed":0,"gold_gain":0,"player_choice":"Gave Potion","damage_taken":0,"relics_obtained":["Meat on the Bone"],"max_hp_gain":0,"max_hp_loss":0,"event_name":"WeMeetAgain","floor":4,"gold_loss":0},{"damage_healed":0,"gold_gain":0,"player_choice":"Left Gold","damage_taken":0,"max_hp_gain":0,"max_hp_loss":0,"event_name":"World of Goop","floor":11,"gold_loss":50},{"damage_healed":0,"gold_gain":0,"player_choice":"Grow","damage_taken":0,"max_hp_gain":0,"max_hp_loss":0,"event_name":"Living Wall","floor":14,"gold_loss":0,"cards_upgraded":["Demon Form"]},{"damage_healed":0,"gold_gain":0,"player_choice":"Upgraded","damage_taken":0,"max_hp_gain":0,"max_hp_loss":0,"event_name":"Upgrade Shrine","floor":20,"gold_loss":0,"cards_upgraded":["Heavy Blade"]},{"damage_healed":0,"gold_gain":0,"player_choice":"Fought Bandits","damage_taken":0,"max_hp_gain":0,"max_hp_loss":0,"event_name":"Masked Bandits","floor":22,"gold_loss":0}],"is_beta":false,"boss_relics":[{"not_picked":["Philosopher\u0027s Stone","Black Star"],"picked":"Black Blood"}],"items_purged_floors":[],"is_endless":false,"potions_floor_spawned":[3,6,13,16,18,22],"killed_by":"Book of Stabbing","ascension_level":0}