{"gold_per_floor":[110,60,71,71,84,119,119,133,133,165,180,205,221,14,14,111,111,127,127,99,111,111,111,12,12,83,112,112,112,112,129,129,232,232,249,269,289,289,289,315,315,332,359,359,359,107,120,147,147,147],"floor_reached":50,"playtime":2224,"items_purged":["Strike_G","Shame"],"score":607,"play_id":"7d70ca40-62cf-4ee4-8528-7c9a796b3270","local_time":"20190421031944","is_ascension_mode":true,"campfire_choices":[{"floor":7,"key":"REST"},{"floor":15,"key":"REST"},{"floor":23,"key":"RECALL"},{"floor":25,"key":"REST"},{"floor":28,"key":"REST"},{"data":"Infinite Blades","floor":30,"key":"SMITH"},{"data":"Burst","floor":32,"key":"SMITH"},{"floor":41,"key":"REST"},{"data":"Envenom","floor":45,"key":"SMITH"},{"floor":49,"key":"REST"}],"neow_cost":"NONE","seed_source_timestamp":46495990339715,"circlet_count":0,"master_deck":["Defend_G","Defend_G","Defend_G+1","Defend_G","Defend_G","Strike_G","Strike_G","Survivor","Neutralize","Acrobatics","Bouncing Flask","Blur","Cloak And Dagger","Noxious Fumes","Adrenaline","Prepared+1","Deadly Poison","Poisoned Stab","Infinite Blades+1","Poisoned Stab+1","Flying Knee","Deflect","Burst+1","Deadly Poison","Shame","Envenom+1","PiercingWail","Dagger Spray","Dark Shackles","Crippling Poison+1","Doubt","Footwork","Well Laid Plans","Infinite Blades","Infinite Blades+1","Terror+1"],"relics":["Ring of the Snake","Lantern","Oddly Smooth Stone","Pear","PreservedInsect","Dream Catcher","White Beast Statue","The Courier","Snake Skull","Darkstone Periapt","Cursed Key","Anchor","Strawberry","War Paint"],"potions_floor_usage":[6,6,16,20,20,21,27,33,33,35,37,37,42,42,42,42,47,48,50,50],"damage_taken":[{"damage":0,"enemies":"2 Louse","floor":1,"turns":3},{"damage":2,"enemies":"Cultist","floor":3,"turns":5},{"damage":1,"enemies":"Jaw Worm","floor":5,"turns":3},{"damage":25,"enemies":"Lagavulin","floor":6,"turns":7},{"damage":4,"enemies":"2 Fungi Beasts","floor":8,"turns":4},{"damage":6,"enemies":"Gremlin Nob","floor":10,"turns":4},{"damage":6,"enemies":"Lots of Slimes","floor":11,"turns":5},{"damage":1,"enemies":"Looter","floor":13,"turns":3},{"damage":29,"enemies":"The Guardian","floor":16,"turns":8},{"damage":5,"enemies":"Shell Parasite","floor":18,"turns":5},{"damage":25,"enemies":"2 Thieves","floor":20,"turns":5},{"damage":13,"enemies":"Snecko","floor":21,"turns":5},{"damage":21,"enemies":"Book of Stabbing","floor":27,"turns":4},{"damage":18,"enemies":"Snake Plant","floor":31,"turns":4},{"damage":62,"enemies":"Automaton","floor":33,"turns":12},{"damage":23,"enemies":"Orb Walker","floor":35,"turns":4},{"damage":12,"enemies":"3 Darklings","floor":36,"turns":5},{"damage":32,"enemies":"Jaw Worm Horde","floor":37,"turns":5},{"damage":62,"enemies":"Nemesis","floor":40,"turns":5},{"damage":29,"enemies":"Writhing Mass","floor":42,"turns":5},{"damage":19,"enemies":"Maw","floor":47,"turns":6},{"damage":22,"enemies":"Giant Head","floor":48,"turns":8},{"damage":89,"enemies":"Time Eater","floor":50,"turns":7}],"seed_played":"-8840161800807624017","potions_obtained":[{"floor":1,"key":"SpeedPotion"},{"floor":3,"key":"AttackPotion"},{"floor":11,"key":"PowerPotion"},{"floor":13,"key":"Regen Potion"},{"floor":18,"key":"PowerPotion"},{"floor":20,"key":"SpeedPotion"},{"floor":21,"key":"LiquidBronze"},{"floor":27,"key":"Dexterity Potion"},{"floor":31,"key":"Ancient Potion"},{"floor":33,"key":"Explosive Potion"},{"floor":35,"key":"Ancient Potion"},{"floor":36,"key":"SpeedPotion"},{"floor":37,"key":"LiquidBronze"},{"floor":40,"key":"EntropicBrew"},{"floor":42,"key":"SpeedPotion"},{"floor":47,"key":"AttackPotion"},{"floor":48,"key":"GamblersBrew"}],"is_trial":false,"path_per_floor":["M","?","M","?","M","E","R","M","T","E","M","T","M","$","R","B",null,"M","?","M","M","?","R","$","R","T","E","R","?","R","M","R","B",null,"M","M","M","?","?","E","R","M","T","?","R","$","M","E","R","B"],"character_chosen":"THE_SILENT","items_purchased":["Dream Catcher","Poisoned Stab","Deflect","Footwork","Well Laid Plans","Infinite Blades"],"campfire_rested":6,"item_purchase_floors":[14,14,24,46,46,46],"current_hp_per_floor":[70,70,68,68,67,42,63,59,59,63,57,57,56,56,80,51,80,75,75,62,49,49,49,49,73,73,52,76,82,82,64,64,2,86,63,51,19,75,70,8,30,1,14,94,94,94,75,53,81,0],"gold":147,"neow_bonus":"RANDOM_COMMON_RELIC","is_prod":false,"is_daily":false,"chose_seed":false,"campfire_upgraded":3,"win_rate":0,"timestamp":1555780784,"path_taken":["M","?","M","?","M","E","R","M","T","E","?","?","M","$","R","BOSS","M","?","M","?","?","R","$","R","T","E","R","?","R","M","R","BOSS","M","M","M","?","?","E","R","M","T","?","R","?","?","E","R","BOSS"],"build_version":"2019-01-23","purchased_purges":2,"victory":false,"max_hp_per_floor":[70,70,70,70,70,70,70,70,70,80,80,80,80,80,80,80,80,80,80,80,80,80,80,80,80,80,80,80,86,86,86,86,86,86,86,86,86,75,75,75,75,75,88,94,94,94,94,94,94,94],"card_choices":[{"not_picked":["Leg Sweep","Underhanded Strike"],"picked":"Acrobatics","floor":1},{"not_picked":["Bane","Blur"],"picked":"Bouncing Flask","floor":3},{"not_picked":["Poisoned Stab","Riddle With Holes"],"picked":"Blur","floor":5},{"not_picked":["Burst","Quick Slash"],"picked":"Cloak And Dagger","floor":6},{"not_picked":["Sucker Punch","Slice"],"picked":"Noxious Fumes","floor":8},{"not_picked":["Deflect","Skewer"],"picked":"Adrenaline","floor":10},{"not_picked":["Dodge and Roll","Flechettes"],"picked":"Prepared","floor":11},{"not_picked":["Cloak And Dagger","Quick Slash"],"picked":"Deadly Poison","floor":13},{"not_picked":["Slice+1","Underhanded Strike","Quick Slash"],"picked":"SKIP","floor":18},{"not_picked":["Dagger Spray","Quick Slash"],"picked":"Poisoned Stab+1","floor":20},{"not_picked":["Escape Plan","Backflip"],"picked":"Flying Knee","floor":21},{"not_picked":["Quick Slash","Sucker Punch+1"],"picked":"Burst","floor":25},{"not_picked":["Acrobatics","Masterful Stab","Dagger Spray"],"picked":"SKIP","floor":27},{"not_picked":["Dagger Throw","Blade Dance"],"picked":"Deadly Poison","floor":28},{"not_picked":["Prepared","Predator","Bane"],"picked":"SKIP","floor":31},{"not_picked":["Malaise","A Thousand Cuts"],"picked":"Envenom","floor":33},{"not_picked":["Underhanded Strike","Masterful Stab"],"picked":"PiercingWail","floor":35},{"not_picked":["Blade Dance+1","Bane","Reflex"],"picked":"SKIP","floor":36},{"not_picked":["Setup","Dodge and Roll"],"picked":"Dagger Spray","floor":37},{"not_picked":["Trip","PanicButton"],"picked":"Dark Shackles","floor":39},{"not_picked":["Outmaneuver","Quick Slash","Wraith Form v2"],"picked":"SKIP","floor":40},{"not_picked":["Footwork","Expertise+1"],"picked":"Crippling Poison+1","floor":42},{"not_picked":["Bane","All Out Attack+1","Flying Knee+1"],"picked":"SKIP","floor":47},{"not_picked":["Bane+1","Prepared"],"picked":"Infinite Blades+1","floor":48},{"not_picked":["Storm of Steel","Blade Dance"],"picked":"Terror+1","floor":49}],"player_experience":377172,"relics_obtained":[{"floor":6,"key":"Oddly Smooth Stone"},{"floor":10,"key":"Pear"},{"floor":12,"key":"PreservedInsect"},{"floor":26,"key":"The Courier"},{"floor":27,"key":"Snake Skull"},{"floor":40,"key":"Anchor"},{"floor":43,"key":"Strawberry"},{"floor":48,"key":"War Paint"}],"event_choices":[{"cards_removed":["Strike_G"],"damage_healed":0,"gold_gain":0,"player_choice":"Card Removal","damage_taken":0,"max_hp_gain":0,"max_hp_loss":0,"event_name":"The Cleric","floor":2,"gold_loss":50},{"damage_healed":0,"gold_gain":0,"player_choice":"Bought 0 Potions","damage_taken":0,"max_hp_gain":0,"max_hp_loss":0,"event_name":"The Woman in Blue","floor":4,"gold_loss":0},{"damage_healed":0,"gold_gain":0,"cards_transformed":["Strike_G"],"player_choice":"Transformed","damage_taken":0,"max_hp_gain":0,"max_hp_loss":0,"event_name":"Transmorgrifier","floor":19,"gold_loss":0,"cards_obtained":["Infinite Blades"]},{"damage_healed":0,"gold_gain":0,"player_choice":"Ignored","damage_taken":0,"max_hp_gain":0,"max_hp_loss":0,"event_name":"Vampires","floor":22,"gold_loss":0},{"damage_healed":0,"gold_gain":0,"player_choice":"Stole Relic","damage_taken":0,"relics_obtained":["Darkstone Periapt"],"max_hp_gain":0,"max_hp_loss":0,"event_name":"Addict","floor":29,"gold_loss":0,"cards_obtained":["Shame"]},{"damage_healed":75,"gold_gain":0,"player_choice":"Heal","damage_taken":0,"max_hp_gain":0,"max_hp_loss":11,"event_name":"The Moai Head","floor":38,"gold_loss":0},{"damage_healed":0,"gold_gain":0,"player_choice":"Memory 2","damage_taken":5,"max_hp_gain":0,"max_hp_loss":0,"event_name":"SensoryStone","floor":39,"gold_loss":0},{"damage_healed":74,"gold_gain":0,"player_choice":"Heal","damage_taken":0,"max_hp_gain":0,"max_hp_loss":0,"event_name":"MindBloom","floor":44,"gold_loss":0,"cards_obtained":["Doubt"]}],"is_beta":false,"boss_relics":[{"not_picked":["Coffee Dripper","Snecko Eye"],"picked":"White Beast Statue"},{"not_picked":["Calling Bell","Tiny House"],"picked":"Cursed Key"}],"items_purged_floors":[24,46],"is_endless":false,"potions_floor_spawned":[1,3,11,13,18,20,21,27,31,33,35,36,37,40,42,47,48],"killed_by":"Time Eater","ascension_level":1}