{"gold_per_floor":[110,110,122,122,72,102,102,133,133,151,151,178,178,188,188,288,288,304,229,255,170,170,170,95,95],"floor_reached":25,"playtime":1260,"items_purged":["Strike_B"],"score":252,"play_id":"fdbef15d-8b38-4773-81e0-308dc9157971","local_time":"20190111165455","is_ascension_mode":true,"campfire_choices":[{"data":"Redo","floor":7.0,"key":"SMITH"},{"data":"Consume","floor":11.0,"key":"SMITH"},{"floor":15.0,"key":"REST"},{"floor":23.0,"key":"REST"}],"neow_cost":"NONE","seed_source_timestamp":0,"circlet_count":0,"master_deck":["Strike_B+1","Defend_B","Defend_B","Zap","Dualcast","Redo+1","Rebound","Conserve Battery","Consume+1","Melter","Hologram","Echo Form"],"special_seed":0,"relics":["Cracked Core","NeowsBlessing","Prayer Wheel","Darkstone Periapt","Gambling Chip","Du-Vu Doll","Mango","Busted Crown","Red Mask","Cables"],"potions_floor_usage":[25],"damage_taken":[{"damage":0.0,"enemies":"2 Louse","floor":1.0,"turns":1.0},{"damage":0.0,"enemies":"Small Slimes","floor":3.0,"turns":1.0},{"damage":0.0,"enemies":"Lagavulin","floor":6.0,"turns":1.0},{"damage":17.0,"enemies":"3 Sentries","floor":8.0,"turns":6.0},{"damage":1.0,"enemies":"Jaw Worm","floor":10.0,"turns":2.0},{"damage":31.0,"enemies":"Lagavulin","floor":12.0,"turns":5.0},{"damage":0.0,"enemies":"Looter","floor":14.0,"turns":3.0},{"damage":28.0,"enemies":"Slime Boss","floor":16.0,"turns":9.0},{"damage":28.0,"enemies":"2 Thieves","floor":18.0,"turns":4.0},{"damage":58.0,"enemies":"Masked Bandits","floor":20.0,"turns":4.0},{"damage":40,"enemies":"Slavers","floor":25,"turns":3}],"seed_played":"7887999010112352610","potions_obtained":[{"floor":3.0,"key":"GamblersBrew"},{"floor":8.0,"key":"Dexterity Potion"}],"is_trial":false,"path_per_floor":["M","?","M","?","?","E","R","E","T","M","R","E","?","M","R","B",null,"M","$","?","?","?","R","?","E"],"character_chosen":"DEFECT","items_purchased":[],"campfire_rested":2,"item_purchase_floors":[],"current_hp_per_floor":[75,60,60,60,60,60,60,43,43,42,42,11,22,22,48,20,89,61,61,3,3,3,29,29,0],"gold":95,"neow_bonus":"THREE_ENEMY_KILL","is_prod":false,"is_daily":false,"chose_seed":false,"campfire_upgraded":2,"win_rate":0,"timestamp":1547243695,"path_taken":["M","?","M","?","?","E","R","E","T","M","R","E","?","M","R","BOSS","M","$","?","?","?","R","?","E"],"build_version":"2019-01-10","purchased_purges":1,"victory":false,"max_hp_per_floor":[75,75,75,75,75,75,75,75,75,75,75,75,89,89,89,89,89,89,89,89,89,89,89,89,89],"card_choices":[{"not_picked":["Leap","Cold Snap"],"picked":"Redo","floor":1.0},{"not_picked":["Leap","Lockon"],"picked":"Rebound","floor":3.0},{"not_picked":["Rainbow","Reinforced Body","Skim"],"picked":"SKIP","floor":6.0},{"not_picked":["Sweeping Beam","Stack"],"picked":"Conserve Battery","floor":8.0},{"not_picked":["Buffer","Rebound"],"picked":"Consume","floor":10.0},{"not_picked":["Storm","Turbo","Compile Driver"],"picked":"SKIP","floor":10.0},{"not_picked":["Storm","Chill"],"picked":"Melter","floor":12.0},{"not_picked":["Turbo","Chill"],"picked":"Hologram","floor":14.0},{"not_picked":["Streamline","Leap","Coolheaded"],"picked":"SKIP","floor":14.0},{"not_picked":["Amplify","Buffer"],"picked":"Echo Form","floor":16.0},{"not_picked":["Barrage"],"picked":"SKIP","floor":18.0},{"not_picked":["Static Discharge"],"picked":"SKIP","floor":18.0}],"player_experience":53660,"relics_obtained":[{"floor":6.0,"key":"Prayer Wheel"},{"floor":8.0,"key":"Darkstone Periapt"},{"floor":9.0,"key":"Gambling Chip"},{"floor":12.0,"key":"Du-Vu Doll"},{"floor":20.0,"key":"Red Mask"}],"event_choices":[{"damage_healed":0.0,"max_hp_gain":0.0,"max_hp_loss":0.0,"gold_gain":0.0,"event_name":"Shining Light","player_choice":"Entered Light","floor":2.0,"gold_loss":0.0,"damage_taken":15.0,"cards_upgraded":["Strike_B","Strike_B"]},{"cards_removed":["Strike_B"],"damage_healed":0.0,"max_hp_gain":0.0,"max_hp_loss":0.0,"gold_gain":0.0,"event_name":"Living Wall","player_choice":"Forget","floor":4.0,"gold_loss":0.0,"damage_taken":0.0},{"cards_removed":["Defend_B"],"damage_healed":0.0,"max_hp_gain":0.0,"max_hp_loss":0.0,"gold_gain":0.0,"event_name":"The Cleric","player_choice":"Card Removal","floor":5.0,"gold_loss":50.0,"damage_taken":0.0},{"damage_healed":0.0,"max_hp_gain":0.0,"max_hp_loss":0.0,"gold_gain":0.0,"event_name":"Scrap Ooze","player_choice":"Success","floor":13.0,"gold_loss":0.0,"damage_taken":3.0,"relics_obtained":["Mango"]},{"damage_healed":0.0,"max_hp_gain":0.0,"max_hp_loss":0.0,"gold_gain":0.0,"event_name":"Masked Bandits","player_choice":"Fought Bandits","floor":20.0,"gold_loss":0.0,"damage_taken":0.0},{"damage_healed":0.0,"max_hp_gain":0.0,"max_hp_loss":0.0,"gold_gain":0.0,"event_name":"Addict","player_choice":"Obtained Relic","floor":21.0,"gold_loss":85.0,"damage_taken":0.0,"relics_obtained":["Cables"]},{"cards_removed":["Defend_B"],"damage_healed":0.0,"max_hp_gain":0.0,"max_hp_loss":0.0,"gold_gain":0.0,"event_name":"Back to Basics","player_choice":"Elegance","floor":22.0,"gold_loss":0.0,"damage_taken":0.0},{"cards_removed":["Strike_B"],"damage_healed":0.0,"max_hp_gain":0.0,"max_hp_loss":0.0,"gold_gain":0.0,"event_name":"Beggar","player_choice":"Gave Gold","floor":24.0,"gold_loss":75.0,"damage_taken":0.0}],"is_beta":false,"boss_relics":[{"not_picked":["Empty Cage","Sozu"],"picked":"Busted Crown"}],"items_purged_floors":[19],"is_endless":false,"potions_floor_spawned":[3,8,16],"killed_by":"Slavers","ascension_level":1}