{"gold_per_floor":[216,33,51,68,86,86,115,125,125,154,181,181,181,197,197,274,274,294,326,76,76,93,93,123,140,140,150,150,150,7,7,7,7],"floor_reached":33,"playtime":1129,"items_purged":["Strike_R"],"score":525,"play_id":"46a22db1-09cb-43ff-8964-acf0665942e7","local_time":"20190713175617","is_ascension_mode":true,"campfire_choices":[{"data":"Whirlwind","floor":6.0,"key":"SMITH"},{"data":"Demon Form","floor":13.0,"key":"SMITH"},{"data":"Heavy Blade","floor":15.0,"key":"SMITH"},{"data":"Limit Break","floor":23.0,"key":"SMITH"},{"data":"Blood for Blood","floor":28.0,"key":"SMITH"},{"data":"Good Instincts","floor":32.0,"key":"SMITH"}],"neow_cost":"NONE","seed_source_timestamp":184772098889814,"circlet_count":0,"master_deck":["AscendersBane","Strike_R","Strike_R","Strike_R","Defend_R","Defend_R","Defend_R","Defend_R","Bash","Thunderclap","Whirlwind+1","Rampage","Demon Form+1","Ghostly Armor","Heavy Blade+1","Impervious","Blood for Blood+1","Limit Break+1","Disarm+1","Impervious","Flame Barrier+1","Good Instincts+1"],"special_seed":0,"relics":["Burning Blood","Ginger","Sundial","Singing Bowl","Odd Mushroom","Coffee Dripper","Red Mask","Question Card","Bottled Tornado","Darkstone Periapt"],"potions_floor_usage":[33],"damage_taken":[{"damage":6.0,"enemies":"Cultist","floor":1.0,"turns":4.0},{"damage":5.0,"enemies":"2 Louse","floor":3.0,"turns":2.0},{"damage":9.0,"enemies":"Jaw Worm","floor":4.0,"turns":4.0},{"damage":14.0,"enemies":"Red Slaver","floor":5.0,"turns":3.0},{"damage":25.0,"enemies":"Lagavulin","floor":7.0,"turns":7.0},{"damage":0.0,"enemies":"Exordium Wildlife","floor":8.0,"turns":2.0},{"damage":32.0,"enemies":"Gremlin Nob","floor":10.0,"turns":4.0},{"damage":0.0,"enemies":"The Mushroom Lair","floor":11.0,"turns":2.0},{"damage":0.0,"enemies":"Gremlin Gang","floor":14.0,"turns":2.0},{"damage":28.0,"enemies":"Slime Boss","floor":16.0,"turns":7.0},{"damage":18.0,"enemies":"Chosen","floor":18.0,"turns":5.0},{"damage":2.0,"enemies":"Masked Bandits","floor":19.0,"turns":2.0},{"damage":14.0,"enemies":"Spheric Guardian","floor":22.0,"turns":5.0},{"damage":35.0,"enemies":"Book of Stabbing","floor":24.0,"turns":7.0},{"damage":6.0,"enemies":"Snake Plant","floor":25.0,"turns":4.0},{"damage":20.0,"enemies":"Centurion and Healer","floor":27.0,"turns":3.0},{"damage":16,"enemies":"Automaton","floor":33,"turns":2}],"seed_played":"-7138491769150648813","potions_obtained":[{"floor":4.0,"key":"Weak Potion"},{"floor":7.0,"key":"Swift Potion"},{"floor":8.0,"key":"Regen Potion"},{"floor":14.0,"key":"Regen Potion"},{"floor":16.0,"key":"SneckoOil"},{"floor":19.0,"key":"FearPotion"},{"floor":24.0,"key":"Fire Potion"},{"floor":27.0,"key":"SneckoOil"}],"is_trial":false,"path_per_floor":["M","$","M","M","M","R","E","M","T","E","?","?","R","M","R","B",null,"M","?","$","?","M","R","E","M","T","M","R","?","$","?","R","B"],"character_chosen":"IRONCLAD","items_purchased":["Whirlwind","Rampage","Question Card","Good Instincts","Block Potion"],"campfire_rested":0,"item_purchase_floors":[2,2,20,30,30],"current_hp_per_floor":[68,68,69,66,58,58,39,45,45,31,39,39,39,47,47,39,69,57,63,63,63,57,57,28,28,28,16,16,16,16,16,16,0],"gold":7,"neow_bonus":"HUNDRED_GOLD","is_prod":false,"is_daily":false,"chose_seed":false,"campfire_upgraded":6,"win_rate":0,"timestamp":1563008177,"path_taken":["M","$","M","?","M","R","E","M","T","E","?","?","R","M","R","BOSS","M","?","$","?","M","R","E","M","T","?","R","?","$","?","R","BOSS"],"build_version":"2019-07-01","purchased_purges":1,"victory":false,"max_hp_per_floor":[75,75,75,75,75,75,75,75,75,75,77,77,77,79,79,79,79,79,81,81,81,83,83,83,83,83,85,85,85,85,85,85,85],"card_choices":[{"not_picked":["Heavy Blade","Flex"],"picked":"Thunderclap","floor":1.0},{"not_picked":["Perfected Strike","Twin Strike"],"picked":"Demon Form","floor":3.0},{"not_picked":["Searing Blow","Thunderclap"],"picked":"Ghostly Armor","floor":4.0},{"not_picked":["Rupture","Wild Strike"],"picked":"Heavy Blade","floor":5.0},{"not_picked":["Pommel Strike","Hemokinesis","Evolve"],"picked":"SKIP","floor":7.0},{"not_picked":["Pummel","Hemokinesis","Dropkick"],"picked":"SKIP","floor":8.0},{"not_picked":["Power Through","Dark Embrace"],"picked":"Impervious","floor":10.0},{"not_picked":["Cleave","Armaments","Perfected Strike"],"picked":"Singing Bowl","floor":11.0},{"not_picked":["Iron Wave","Ghostly Armor","Sword Boomerang"],"picked":"Singing Bowl","floor":14.0},{"not_picked":["Fiend Fire","Juggernaut"],"picked":"Limit Break","floor":16.0},{"not_picked":["Clash","Body Slam"],"picked":"Disarm+1","floor":18.0},{"not_picked":["Flex","Blood for Blood","Perfected Strike"],"picked":"Singing Bowl","floor":19.0},{"not_picked":["Flame Barrier","Sword Boomerang","Twin Strike","Hemokinesis"],"picked":"Singing Bowl","floor":22.0},{"not_picked":["Thunderclap","Body Slam","Clothesline"],"picked":"Impervious","floor":24.0},{"not_picked":["Anger","Iron Wave","Cleave"],"picked":"Flame Barrier+1","floor":25.0},{"not_picked":["Clash","Feel No Pain","Warcry","Twin Strike"],"picked":"Singing Bowl","floor":27.0}],"player_experience":1121777,"relics_obtained":[{"floor":7.0,"key":"Ginger"},{"floor":9.0,"key":"Sundial"},{"floor":10.0,"key":"Singing Bowl"},{"floor":11.0,"key":"Odd Mushroom"},{"floor":19.0,"key":"Red Mask"},{"floor":24.0,"key":"Bottled Tornado"},{"floor":26.0,"key":"Darkstone Periapt"}],"event_choices":[{"damage_healed":0.0,"max_hp_gain":0.0,"max_hp_loss":0.0,"gold_gain":0.0,"event_name":"Mushrooms","player_choice":"Fought Mushrooms","floor":11.0,"gold_loss":0.0,"damage_taken":0.0},{"damage_healed":0.0,"max_hp_gain":0.0,"max_hp_loss":0.0,"gold_gain":0.0,"cards_transformed":["Strike_R"],"event_name":"Transmorgrifier","player_choice":"Transformed","floor":12.0,"gold_loss":0.0,"damage_taken":0.0,"cards_obtained":["Blood for Blood"]},{"damage_healed":0.0,"max_hp_gain":0.0,"max_hp_loss":0.0,"gold_gain":0.0,"event_name":"Masked Bandits","player_choice":"Fought Bandits","floor":19.0,"gold_loss":0.0,"damage_taken":0.0},{"damage_healed":0.0,"max_hp_gain":0.0,"max_hp_loss":0.0,"gold_gain":0.0,"event_name":"FaceTrader","player_choice":"Leave","floor":21.0,"gold_loss":0.0,"damage_taken":0.0},{"damage_healed":0.0,"max_hp_gain":0.0,"max_hp_loss":0.0,"gold_gain":0.0,"event_name":"Cursed Tome","player_choice":"Ignored","floor":29.0,"gold_loss":0.0,"damage_taken":0.0}],"is_beta":false,"boss_relics":[{"not_picked":["Calling Bell","Pandora\u0027s Box"],"picked":"Coffee Dripper"}],"items_purged_floors":[2],"is_endless":false,"potions_floor_spawned":[4,7,8,14,16,19,24,27],"killed_by":"Automaton","ascension_level":15}