{"gold_per_floor":[118,131,131,144,156,156,156,169,169,169,189,222,242,258,258,258],"floor_reached":16,"playtime":633,"items_purged":[],"score":106,"play_id":"eedb4e76-ba48-40dd-9b93-ca8337c4bd88","local_time":"20190328165041","is_ascension_mode":false,"campfire_choices":[{"floor":6,"key":"REST"},{"data":"Bash","floor":10,"key":"SMITH"},{"floor":15,"key":"REST"}],"neow_cost":"NONE","seed_source_timestamp":10269840622328,"circlet_count":0,"master_deck":["Strike_R","Strike_R","Strike_R","Strike_R","Strike_R","Defend_R","Defend_R","Defend_R+1","Defend_R","Bash+1","Seeing Red+1","Twin Strike","Pommel Strike","Power Through","Flex","Pommel Strike","Fiend Fire","Body Slam","Wild Strike"],"relics":["Philosopher\u0027s Stone","Matryoshka","Singing Bowl"],"potions_floor_usage":[11,11,12],"damage_taken":[{"damage":1,"enemies":"Small Slimes","floor":1,"turns":4},{"damage":3,"enemies":"2 Louse","floor":2,"turns":2},{"damage":2,"enemies":"Jaw Worm","floor":4,"turns":3},{"damage":9,"enemies":"Red Slaver","floor":5,"turns":4},{"damage":1,"enemies":"3 Louse","floor":8,"turns":3},{"damage":7,"enemies":"Exordium Thugs","floor":11,"turns":5},{"damage":13,"enemies":"3 Sentries","floor":12,"turns":7},{"damage":0,"enemies":"Blue Slaver","floor":13,"turns":3},{"damage":9,"enemies":"Red Slaver","floor":14,"turns":2},{"damage":71,"enemies":"Slime Boss","floor":16,"turns":7}],"seed_played":"1805437699910587679","potions_obtained":[{"floor":1,"key":"Dexterity Potion"},{"floor":2,"key":"Explosive Potion"},{"floor":5,"key":"Poison Potion"},{"floor":11,"key":"SteroidPotion"}],"is_trial":false,"path_per_floor":["M","M","?","M","M","R","?","M","T","R","M","E","M","M","R","B"],"character_chosen":"IRONCLAD","items_purchased":[],"campfire_rested":2,"item_purchase_floors":[],"current_hp_per_floor":[79,76,60,58,49,73,73,72,72,72,65,52,52,43,67,0],"gold":258,"neow_bonus":"BOSS_RELIC","is_prod":false,"is_daily":false,"chose_seed":false,"campfire_upgraded":1,"win_rate":0,"timestamp":1553755841,"path_taken":["M","M","?","M","M","R","?","M","T","R","M","E","?","M","R","BOSS"],"build_version":"2019-01-23","purchased_purges":0,"victory":false,"max_hp_per_floor":[80,80,80,80,80,80,80,80,80,80,80,80,80,80,80,80],"card_choices":[{"not_picked":["Disarm","Havoc"],"picked":"Seeing Red","floor":1},{"not_picked":["Dropkick","Feel No Pain"],"picked":"Twin Strike","floor":2},{"not_picked":["Iron Wave","Sword Boomerang"],"picked":"Pommel Strike","floor":4},{"not_picked":["Burning Pact","Havoc"],"picked":"Power Through","floor":5},{"not_picked":["Blood for Blood","Body Slam"],"picked":"Flex","floor":8},{"not_picked":["Whirlwind","Body Slam"],"picked":"Pommel Strike","floor":11},{"not_picked":["Reckless Charge","Second Wind"],"picked":"Fiend Fire","floor":12},{"not_picked":["Warcry","Shrug It Off"],"picked":"Body Slam","floor":13},{"not_picked":["Iron Wave","Uppercut"],"picked":"Wild Strike","floor":14}],"player_experience":234983,"relics_obtained":[{"floor":9,"key":"Matryoshka"},{"floor":12,"key":"Singing Bowl"}],"event_choices":[{"damage_healed":0,"gold_gain":0,"player_choice":"Entered Light","damage_taken":16,"max_hp_gain":0,"max_hp_loss":0,"event_name":"Shining Light","floor":3,"gold_loss":0,"cards_upgraded":["Seeing Red","Defend_R"]},{"damage_healed":0,"gold_gain":0,"player_choice":"Ignored","damage_taken":0,"max_hp_gain":0,"max_hp_loss":0,"event_name":"Golden Wing","floor":7,"gold_loss":0}],"is_beta":false,"boss_relics":[],"items_purged_floors":[],"is_endless":false,"potions_floor_spawned":[1,2,5,11],"killed_by":"Slime Boss","ascension_level":0}