{"gold_per_floor":[119,19,19,29,29,29,58,58,58,72,87,87,106,6,6,110,110,123,123],"floor_reached":19,"playtime":1538,"items_purged":["Strike_R","Strike_R"],"score":192,"play_id":"25f17c81-f56d-4450-8ec6-f1a0e3ff73a5","local_time":"20190716050258","is_ascension_mode":false,"campfire_choices":[{"floor":6,"key":"RECALL"},{"data":"True Grit","floor":8,"key":"SMITH"},{"data":"Second Wind","floor":12,"key":"SMITH"},{"data":"Evolve","floor":15,"key":"SMITH"}],"neow_cost":"NONE","seed_source_timestamp":59223699718,"circlet_count":0,"master_deck":["Strike_R","Strike_R","Strike_R","Defend_R","Defend_R","Defend_R","Defend_R+1","Bash+1","Dropkick","True Grit+1","Evolve+1","Second Wind+1"],"relics":["Black Blood","NeowsBlessing","Calipers"],"potions_floor_usage":[18,19,19],"damage_taken":[{"damage":0,"enemies":"Cultist","floor":1,"turns":1},{"damage":0,"enemies":"2 Louse","floor":4,"turns":1},{"damage":0,"enemies":"Gremlin Nob","floor":7,"turns":1},{"damage":2,"enemies":"Jaw Worm","floor":10,"turns":3},{"damage":17,"enemies":"Exordium Wildlife","floor":11,"turns":7},{"damage":2,"enemies":"Exordium Thugs","floor":13,"turns":6},{"damage":59,"enemies":"Slime Boss","floor":16,"turns":13},{"damage":79,"enemies":"Spheric Guardian","floor":18,"turns":10},{"damage":34,"enemies":"3 Byrds","floor":19,"turns":5}],"seed_played":"2919271857572598994","potions_obtained":[{"floor":7,"key":"Regen Potion"},{"floor":13,"key":"Regen Potion"},{"floor":16,"key":"SteroidPotion"},{"floor":18,"key":"Explosive Potion"}],"is_trial":false,"path_per_floor":["M","$","?","M","?","R","E","R","T","M","M","R","M","$","R","B",null,"M","M"],"character_chosen":"IRONCLAD","items_purchased":["True Grit"],"campfire_rested":0,"item_purchase_floors":[2],"current_hp_per_floor":[80,80,64,70,70,70,76,76,76,80,69,69,73,73,73,20,80,26,6],"gold":123,"neow_bonus":"THREE_ENEMY_KILL","is_prod":false,"is_daily":false,"chose_seed":false,"campfire_upgraded":3,"win_rate":0,"timestamp":1563246178,"path_taken":["M","$","?","M","?","R","E","R","T","M","M","R","M","$","R","BOSS","M","M"],"build_version":"2019-07-05","purchased_purges":2,"victory":false,"max_hp_per_floor":[80,80,80,80,80,80,80,80,80,80,80,80,80,80,80,80,80,80,80],"card_choices":[{"not_picked":["Armaments","Wild Strike"],"picked":"Dropkick","floor":1},{"not_picked":["Headbutt","Shrug It Off","Anger"],"picked":"SKIP","floor":4},{"not_picked":["Thunderclap","Heavy Blade"],"picked":"Evolve","floor":7},{"not_picked":["Uppercut","Fire Breathing"],"picked":"Second Wind","floor":10},{"not_picked":["Feel No Pain","Demon Form","Headbutt"],"picked":"SKIP","floor":11},{"not_picked":["Warcry","Evolve","Power Through"],"picked":"SKIP","floor":13},{"not_picked":["Warcry","Uppercut","Sentinel"],"picked":"SKIP","floor":18}],"player_experience":166559,"relics_obtained":[{"floor":7,"key":"Calipers"}],"event_choices":[{"damage_healed":0,"gold_gain":0,"player_choice":"Entered Light","damage_taken":16,"max_hp_gain":0,"max_hp_loss":0,"event_name":"Shining Light","floor":3,"gold_loss":0,"cards_upgraded":["Bash","Defend_R"]},{"damage_healed":0,"gold_gain":0,"player_choice":"Ignored","damage_taken":0,"max_hp_gain":0,"max_hp_loss":0,"event_name":"Liars Game","floor":5,"gold_loss":0}],"is_beta":false,"boss_relics":[{"not_picked":["Calling Bell","Orrery"],"picked":"Black Blood"}],"items_purged_floors":[2,14],"is_endless":false,"potions_floor_spawned":[7,13,16,18],"killed_by":"3 Byrds","ascension_level":0}