{"gold_per_floor":[114,130,145,115,115,115,115,115,115,115,150,100,120,134,134,229,229,240,240,253,253,253,253,273,287,287,287,287,141,166,183,183,283,283,298,298,317,417,433,433,78,78,78,111,111,111,111,123,123,123],"floor_reached":51,"playtime":9212,"items_purged":["Strike_R+1","True Grit+1"],"score":726,"play_id":"d5a9957a-a61c-47ec-bac0-cb7840bbf011","local_time":"20190711021857","is_ascension_mode":true,"campfire_choices":[{"data":"Bash","floor":6.0,"key":"SMITH"},{"data":"Shrug It Off","floor":8.0,"key":"SMITH"},{"data":"Body Slam","floor":10.0,"key":"SMITH"},{"data":"Battle Trance","floor":15.0,"key":"SMITH"},{"data":"Body Slam","floor":23.0,"key":"SMITH"},{"data":"True Grit","floor":27.0,"key":"SMITH"},{"data":"Brutality","floor":32.0,"key":"SMITH"},{"data":"Juggernaut","floor":40.0,"key":"SMITH"},{"data":"Flame Barrier","floor":42,"key":"SMITH"},{"floor":47,"key":"REST"},{"floor":49,"key":"REST"}],"neow_cost":"PERCENT_DAMAGE","seed_source_timestamp":0,"circlet_count":0,"master_deck":["Defend_R+1","Defend_R+1","Defend_R+1","Defend_R+1","Bash+1","Body Slam+1","Shrug It Off+1","Body Slam+1","Battle Trance+1","Brutality+1","Combust+1","Juggernaut+1","Parasite","Flame Barrier+1"],"special_seed":0,"relics":["Burning Blood","Thread and Needle","Pear","Dead Branch","Empty Cage","Pantograph","MutagenicStrength","Darkstone Periapt","Philosopher\u0027s Stone","Champion Belt","Blue Candle","Meat on the Bone","Toxic Egg 2"],"potions_floor_usage":[50,50,50],"damage_taken":[{"damage":0.0,"enemies":"Cultist","floor":1.0,"turns":3.0},{"damage":6.0,"enemies":"Jaw Worm","floor":2.0,"turns":5.0},{"damage":0.0,"enemies":"2 Louse","floor":3.0,"turns":3.0},{"damage":0.0,"enemies":"Looter","floor":4.0,"turns":4.0},{"damage":14.0,"enemies":"Lagavulin","floor":11.0,"turns":6.0},{"damage":11.0,"enemies":"Exordium Thugs","floor":13.0,"turns":6.0},{"damage":0.0,"enemies":"2 Fungi Beasts","floor":14.0,"turns":3.0},{"damage":25.0,"enemies":"The Guardian","floor":16.0,"turns":13.0},{"damage":5.0,"enemies":"Shell Parasite","floor":18.0,"turns":6.0},{"damage":4.0,"enemies":"3 Byrds","floor":20.0,"turns":6.0},{"damage":1.0,"enemies":"Snake Plant","floor":24.0,"turns":2.0},{"damage":4.0,"enemies":"Shelled Parasite and Fungi","floor":25.0,"turns":5.0},{"damage":6.0,"enemies":"Slavers","floor":30.0,"turns":7.0},{"damage":4.0,"enemies":"Cultist and Chosen","floor":31.0,"turns":5.0},{"damage":47.0,"enemies":"Collector","floor":33.0,"turns":7.0},{"damage":4.0,"enemies":"3 Darklings","floor":35.0,"turns":3.0},{"damage":4.0,"enemies":"Orb Walker","floor":37.0,"turns":3.0},{"damage":7.0,"enemies":"Mind Bloom Boss Battle","floor":38.0,"turns":5.0},{"damage":4.0,"enemies":"Writhing Mass","floor":39.0,"turns":3.0},{"damage":30,"enemies":"Nemesis","floor":44,"turns":5},{"damage":11,"enemies":"Sphere and 2 Shapes","floor":48,"turns":4},{"damage":86,"enemies":"Time Eater","floor":50,"turns":11}],"seed_played":"4656741070826768574","potions_obtained":[{"floor":2.0,"key":"Fire Potion"},{"floor":13.0,"key":"BloodPotion"},{"floor":14.0,"key":"Weak Potion"},{"floor":24.0,"key":"Ancient Potion"},{"floor":25.0,"key":"Energy Potion"},{"floor":30.0,"key":"Energy Potion"},{"floor":39.0,"key":"Strength Potion"},{"floor":44,"key":"PowerPotion"}],"is_trial":false,"path_per_floor":["M","M","M","M","?","R","?","R","T","R","E","?","M","M","R","B",null,"M","?","M","?","?","R","M","M","T","R","?","$","E","M","R","B",null,"M","?","M","?","M","R","$","R","T","E","$","?","R","M","R","B",null],"character_chosen":"IRONCLAD","items_purchased":["Combust","Blue Candle"],"campfire_rested":2,"item_purchase_floors":[29,41],"current_hp_per_floor":[62,62,68,74,79,79,79,79,89,89,81,81,76,82,82,63,95,95,95,95,95,95,95,95,95,95,95,95,95,95,95,95,54,95,95,95,95,94,101,101,101,101,101,77,77,77,101,96,101,58],"gold":123,"neow_bonus":"ONE_RARE_RELIC","is_prod":false,"is_daily":false,"chose_seed":false,"campfire_upgraded":9,"win_rate":0,"timestamp":1562804337,"path_taken":["M","M","?","M","?","R","?","R","T","R","E","?","?","M","R","BOSS","M","?","M","?","?","R","M","?","T","R","?","$","E","M","R","BOSS","M","?","M","?","M","R","$","R","T","E","$","?","R","M","R","BOSS"],"build_version":"2019-07-05","purchased_purges":2,"victory":true,"max_hp_per_floor":[80,80,80,80,85,85,85,85,95,95,95,95,95,95,95,95,95,95,95,95,95,95,95,95,95,95,95,95,95,95,95,95,95,95,95,95,95,95,101,101,101,101,101,101,101,101,101,101,101,101],"card_choices":[{"not_picked":["Wild Strike","Sword Boomerang","Headbutt"],"picked":"SKIP","floor":1.0},{"not_picked":["Wild Strike","Power Through"],"picked":"Body Slam","floor":2.0},{"not_picked":["Twin Strike","Thunderclap"],"picked":"Shrug It Off","floor":3.0},{"not_picked":["Reckless Charge","Cleave"],"picked":"Body Slam","floor":4.0},{"not_picked":["Demon Form","Carnage"],"picked":"Battle Trance","floor":11.0},{"not_picked":["Dropkick","Havoc","Body Slam"],"picked":"SKIP","floor":13.0},{"not_picked":["Pummel","Burning Pact","Cleave"],"picked":"SKIP","floor":14.0},{"not_picked":["Dark Embrace","Berserk"],"picked":"Brutality","floor":16.0},{"not_picked":["Flex","Rampage","Spot Weakness"],"picked":"SKIP","floor":18.0},{"not_picked":["Power Through","Reckless Charge+1","Spot Weakness"],"picked":"SKIP","floor":20.0},{"not_picked":["Thunderclap","Uppercut"],"picked":"True Grit","floor":24.0},{"not_picked":["Thunderclap","Iron Wave","Wild Strike"],"picked":"SKIP","floor":25.0},{"not_picked":["Twin Strike","Wild Strike","Reckless Charge"],"picked":"SKIP","floor":30.0},{"not_picked":["Twin Strike","Armaments","True Grit"],"picked":"SKIP","floor":31.0},{"not_picked":["Limit Break","Fiend Fire"],"picked":"Juggernaut","floor":33.0},{"not_picked":["Pummel","Iron Wave","Shrug It Off"],"picked":"SKIP","floor":35.0},{"not_picked":["Cleave+1","Headbutt+1","Perfected Strike+1"],"picked":"SKIP","floor":37.0},{"not_picked":["Pummel+1","Shrug It Off+1"],"picked":"Flame Barrier","floor":39.0},{"not_picked":["Demon Form","Reckless Charge","Headbutt+1"],"picked":"SKIP","floor":44},{"not_picked":["Demon Form","Reckless Charge","Headbutt+1"],"picked":"SKIP","floor":44},{"not_picked":["Headbutt","Wild Strike+1","Shockwave+1"],"picked":"SKIP","floor":48}],"player_experience":102199,"relics_obtained":[{"floor":9.0,"key":"Pear"},{"floor":11.0,"key":"Dead Branch"},{"floor":26.0,"key":"Pantograph"},{"floor":30.0,"key":"Darkstone Periapt"},{"floor":38.0,"key":"Champion Belt"},{"floor":43,"key":"Meat on the Bone"},{"floor":44,"key":"Toxic Egg 2"}],"event_choices":[{"damage_healed":0.0,"max_hp_gain":5.0,"max_hp_loss":0.0,"gold_gain":0.0,"event_name":"Big Fish","player_choice":"Donut","floor":5.0,"gold_loss":0.0,"damage_taken":0.0},{"cards_removed":["Strike_R"],"damage_healed":0.0,"max_hp_gain":0.0,"max_hp_loss":0.0,"gold_gain":0.0,"event_name":"Living Wall","player_choice":"Forget","floor":7.0,"gold_loss":0.0,"damage_taken":0.0},{"cards_removed":["Strike_R"],"damage_healed":0.0,"max_hp_gain":0.0,"max_hp_loss":0.0,"gold_gain":0.0,"event_name":"The Cleric","player_choice":"Card Removal","floor":12.0,"gold_loss":50.0,"damage_taken":0.0},{"damage_healed":0.0,"max_hp_gain":0.0,"max_hp_loss":0.0,"gold_gain":0.0,"event_name":"The Mausoleum","player_choice":"Ignored","floor":19.0,"gold_loss":0.0,"damage_taken":0.0},{"damage_healed":0.0,"max_hp_gain":0.0,"max_hp_loss":0.0,"gold_gain":0.0,"event_name":"Back to Basics","player_choice":"Simplicity","floor":21.0,"gold_loss":0.0,"damage_taken":0.0,"cards_upgraded":["Strike_R","Defend_R","Defend_R","Defend_R","Defend_R"]},{"damage_healed":0.0,"max_hp_gain":0.0,"max_hp_loss":0.0,"gold_gain":0.0,"event_name":"The Woman in Blue","player_choice":"Bought 0 Potions","floor":22.0,"gold_loss":0.0,"damage_taken":0.0},{"damage_healed":0.0,"max_hp_gain":0.0,"max_hp_loss":0.0,"gold_gain":0.0,"event_name":"Drug Dealer","player_choice":"Inject Mutagens","floor":28.0,"gold_loss":0.0,"damage_taken":0.0,"relics_obtained":["MutagenicStrength"]},{"damage_healed":0.0,"max_hp_gain":0.0,"max_hp_loss":0.0,"gold_gain":0.0,"event_name":"Mysterious Sphere","player_choice":"Ignored","floor":36.0,"gold_loss":0.0,"damage_taken":0.0},{"damage_healed":0.0,"max_hp_gain":0.0,"max_hp_loss":0.0,"gold_gain":0.0,"event_name":"MindBloom","player_choice":"Fight","floor":38.0,"gold_loss":0.0,"damage_taken":0.0},{"damage_healed":0,"gold_gain":0,"player_choice":"Upgraded","damage_taken":0,"max_hp_gain":0,"max_hp_loss":0,"event_name":"Upgrade Shrine","floor":46,"gold_loss":0,"cards_upgraded":["Combust"]}],"is_beta":false,"boss_relics":[{"not_picked":["Eternal Feather","Black Star"],"picked":"Empty Cage"},{"not_picked":["Fusion Hammer","Black Blood"],"picked":"Philosopher\u0027s Stone"}],"items_purged_floors":[29,41],"is_endless":false,"potions_floor_spawned":[2,13,14,24,25,30,31,39,44],"ascension_level":1}