{"gold_per_floor":[113,113,132,152,152,152,171,171,171,205,205,50,50,69,69,69],"floor_reached":16,"playtime":470,"items_purged":["Pain"],"score":175,"play_id":"efd50787-b261-4fe1-b07f-675d06ed3242","local_time":"20190714191125","is_ascension_mode":true,"campfire_choices":[{"data":"Flame Barrier","floor":6,"key":"SMITH"},{"data":"Carnage","floor":11,"key":"SMITH"},{"data":"Bash","floor":13,"key":"SMITH"},{"data":"Iron Wave","floor":15,"key":"SMITH"}],"neow_cost":"NONE","seed_source_timestamp":276474608590210,"circlet_count":0,"master_deck":["AscendersBane","Strike_R","Strike_R+1","Strike_R","Strike_R","Strike_R+1","Defend_R","Defend_R","Defend_R","Defend_R","Bash+1","Iron Wave+1","Carnage+1","Flame Barrier+1","Headbutt","Battle Trance"],"relics":["Burning Blood","NeowsBlessing","WarpedTongs","Nunchaku","FossilizedHelix"],"potions_floor_usage":[10,10],"damage_taken":[{"damage":0,"enemies":"Jaw Worm","floor":1,"turns":1},{"damage":0,"enemies":"Cultist","floor":3,"turns":1},{"damage":1,"enemies":"2 Louse","floor":4,"turns":2},{"damage":6,"enemies":"Blue Slaver","floor":7,"turns":4},{"damage":20,"enemies":"Lagavulin","floor":10,"turns":7},{"damage":0,"enemies":"3 Louse","floor":14,"turns":3},{"damage":44,"enemies":"Hexaghost","floor":16,"turns":11}],"seed_played":"-5367509161527022846","potions_obtained":[{"floor":3,"key":"Block Potion"},{"floor":7,"key":"GamblersBrew"},{"floor":14,"key":"SmokeBomb"}],"is_trial":false,"path_per_floor":["M","?","M","M","?","R","M","?","T","E","R","$","R","M","R","B"],"character_chosen":"IRONCLAD","items_purchased":["Headbutt","Battle Trance"],"campfire_rested":0,"item_purchase_floors":[12,12],"current_hp_per_floor":[74,74,75,75,75,75,75,52,52,38,38,38,38,44,44,0],"gold":69,"neow_bonus":"THREE_ENEMY_KILL","is_prod":false,"is_daily":false,"chose_seed":false,"campfire_upgraded":4,"win_rate":0,"timestamp":1563099085,"path_taken":["M","?","?","?","?","R","M","?","T","E","R","$","R","M","R","BOSS"],"build_version":"2019-07-01","purchased_purges":1,"victory":false,"max_hp_per_floor":[75,75,75,75,75,75,75,75,75,75,75,75,75,75,75,75],"card_choices":[{"not_picked":["Clash","Perfected Strike"],"picked":"Iron Wave","floor":1},{"not_picked":["Sword Boomerang","Perfected Strike"],"picked":"Carnage","floor":3},{"not_picked":["Perfected Strike","Iron Wave"],"picked":"Flame Barrier","floor":4},{"not_picked":["Pummel","Power Through","Warcry"],"picked":"SKIP","floor":7},{"not_picked":["Infernal Blade","Armaments","Power Through"],"picked":"SKIP","floor":10},{"not_picked":["Burning Pact","Battle Trance","Dark Embrace"],"picked":"SKIP","floor":14},{"not_picked":["Burning Pact","Battle Trance","Dark Embrace"],"picked":"SKIP","floor":14}],"player_experience":1138641,"relics_obtained":[{"floor":9,"key":"Nunchaku"},{"floor":10,"key":"FossilizedHelix"}],"event_choices":[{"damage_healed":0,"gold_gain":0,"player_choice":"Rummage","damage_taken":0,"relics_obtained":["WarpedTongs"],"max_hp_gain":0,"max_hp_loss":0,"event_name":"Accursed Blacksmith","floor":2,"gold_loss":0,"cards_obtained":["Pain"]},{"damage_healed":0,"gold_gain":0,"player_choice":"Ignored","damage_taken":0,"max_hp_gain":0,"max_hp_loss":0,"event_name":"Liars Game","floor":5,"gold_loss":0},{"damage_healed":0,"gold_gain":0,"player_choice":"Entered Light","damage_taken":23,"max_hp_gain":0,"max_hp_loss":0,"event_name":"Shining Light","floor":8,"gold_loss":0,"cards_upgraded":["Strike_R","Strike_R"]}],"is_beta":false,"boss_relics":[],"items_purged_floors":[12],"is_endless":false,"potions_floor_spawned":[3,7,14],"killed_by":"Hexaghost","ascension_level":15}