{"gold_per_floor":[19,33,44,54,29,60,60,94,94,44,64,64,74,90,90,185,185,202,91,108,125,125,125,154,154,154,167,167,180,195,223,223,347,347,365,465,365,381,401,430,430,85,108,108,124,124,124,142,142,142,142,142,106,139,139],"floor_reached":55,"playtime":2672,"items_purged":["Defend_G","Strike_G"],"score":756,"play_id":"d83f3f48-2bcd-4c53-ad74-342a72b4f3fb","local_time":"20190110231321","is_ascension_mode":false,"campfire_choices":[{"data":"Infinite Blades","floor":7,"key":"SMITH"},{"data":"Dash","floor":15,"key":"SMITH"},{"data":"Infinite Blades","floor":23,"key":"SMITH"},{"floor":25,"key":"REST"},{"data":"Blade Dance","floor":32,"key":"SMITH"},{"floor":44,"key":"RECALL"},{"data":"Cloak And Dagger","floor":46,"key":"SMITH"},{"data":"Infinite Blades","floor":49,"key":"SMITH"},{"data":"Neutralize","floor":52,"key":"SMITH"}],"neow_cost":"NO_GOLD","seed_source_timestamp":117067591527027,"circlet_count":0,"master_deck":["Defend_G","Defend_G","Strike_G","Strike_G","Survivor","Neutralize+1","Backflip","Dash+1","Backstab","Sucker Punch","Blade Dance+1","Poisoned Stab","Cloak And Dagger+1","Blade Dance","Infinite Blades+1","Infinite Blades+1","Necronomicurse","Jack Of All Trades","Panacea","Endless Agony"],"relics":["Ring of the Snake","Kunai","Potion Belt","Vajra","Busted Crown","Necronomicon","Blue Candle","Red Mask","WristBlade","Mango","Snake Skull","Strawberry","Lee\u0027s Waffle","Centennial Puzzle","Anchor"],"potions_floor_usage":[24,24,40,45,55,55,55],"damage_taken":[{"damage":0,"enemies":"2 Louse","floor":1,"turns":4},{"damage":0,"enemies":"Cultist","floor":2,"turns":5},{"damage":0,"enemies":"Jaw Worm","floor":3,"turns":4},{"damage":0,"enemies":"2 Fungi Beasts","floor":4,"turns":5},{"damage":9,"enemies":"3 Sentries","floor":6,"turns":11},{"damage":9,"enemies":"Gremlin Nob","floor":8,"turns":5},{"damage":0,"enemies":"Exordium Thugs","floor":11,"turns":5},{"damage":0,"enemies":"Large Slime","floor":13,"turns":4},{"damage":0,"enemies":"2 Fungi Beasts","floor":14,"turns":2},{"damage":15,"enemies":"Hexaghost","floor":16,"turns":11},{"damage":0,"enemies":"3 Byrds","floor":18,"turns":4},{"damage":0,"enemies":"Chosen","floor":20,"turns":4},{"damage":14,"enemies":"Sentry and Sphere","floor":21,"turns":4},{"damage":12,"enemies":"Slavers","floor":24,"turns":6},{"damage":10,"enemies":"Chosen and Byrds","floor":27,"turns":4},{"damage":11,"enemies":"3 Cultists","floor":29,"turns":5},{"damage":0,"enemies":"Sentry and Sphere","floor":30,"turns":4},{"damage":1,"enemies":"Masked Bandits","floor":31,"turns":3},{"damage":0,"enemies":"Collector","floor":33,"turns":10},{"damage":0,"enemies":"Orb Walker","floor":35,"turns":2},{"damage":20,"enemies":"Mind Bloom Boss Battle","floor":36,"turns":5},{"damage":0,"enemies":"3 Shapes","floor":38,"turns":3},{"damage":17,"enemies":"Spire Growth","floor":39,"turns":4},{"damage":21,"enemies":"Nemesis","floor":40,"turns":7},{"damage":6,"enemies":"3 Darklings","floor":45,"turns":4},{"damage":10,"enemies":"Maw","floor":48,"turns":7},{"damage":21,"enemies":"Awakened One","floor":50,"turns":14},{"damage":27,"enemies":"Shield and Spear","floor":54,"turns":6},{"damage":71,"enemies":"The Heart","floor":55,"turns":5}],"seed_played":"-3394884535938272120","potions_obtained":[{"floor":2,"key":"EssenceOfSteel"},{"floor":6,"key":"SteroidPotion"},{"floor":13,"key":"SkillPotion"},{"floor":14,"key":"Weak Potion"},{"floor":16,"key":"Explosive Potion"},{"floor":30,"key":"SkillPotion"},{"floor":31,"key":"Strength Potion"},{"floor":33,"key":"Block Potion"}],"is_trial":false,"path_per_floor":["M","M","M","M","$","E","R","E","T","?","M","?","M","M","R","B",null,"M","$","M","M","?","R","E","R","T","M","?","M","M","?","R","B",null,"M","?","$","M","M","E","?","$","T","R","M","R","?","M","R","B",null,"R","$","E","B"],"character_chosen":"THE_SILENT","items_purchased":["Sucker Punch","Infinite Blades","Strawberry","Lee\u0027s Waffle","Endless Agony"],"campfire_rested":1,"item_purchase_floors":[5,19,42,42,53],"current_hp_per_floor":[70,70,70,70,70,61,61,52,52,52,52,52,52,52,52,37,70,70,70,70,56,40,40,28,49,49,39,39,28,28,27,27,27,70,70,64,64,64,47,26,26,98,98,98,92,92,92,82,82,61,98,98,98,71,0],"gold":139,"neow_bonus":"REMOVE_TWO","is_prod":false,"is_daily":false,"chose_seed":false,"campfire_upgraded":7,"win_rate":0,"timestamp":1547180001,"path_taken":["M","M","M","M","$","E","R","E","T","?","M","?","?","M","R","BOSS","M","$","M","?","?","R","E","R","T","M","?","M","?","?","R","BOSS","M","?","$","M","M","E","?","$","T","R","M","R","?","M","R","BOSS","R","$","E","BOSS"],"build_version":"2019-01-10","purchased_purges":2,"victory":false,"max_hp_per_floor":[70,70,70,70,70,70,70,70,70,70,70,70,70,70,70,70,70,70,70,70,70,70,70,70,70,70,70,70,70,70,70,70,70,70,70,84,84,84,84,84,84,98,98,98,98,98,98,98,98,98,98,98,98,98,98],"card_choices":[{"not_picked":["Slice","Quick Slash"],"picked":"Backflip","floor":1},{"not_picked":["Cloak And Dagger","Riddle With Holes"],"picked":"Dash","floor":2},{"not_picked":["Quick Slash","Prepared","Underhanded Strike"],"picked":"SKIP","floor":3},{"not_picked":["Quick Slash","Prepared","Underhanded Strike"],"picked":"SKIP","floor":3},{"not_picked":["Expertise","Prepared"],"picked":"Backstab","floor":4},{"not_picked":["Quick Slash","Dodge and Roll"],"picked":"Infinite Blades","floor":6},{"not_picked":["Expertise","Caltrops","Wraith Form v2"],"picked":"SKIP","floor":8},{"not_picked":["Deflect","Dagger Spray"],"picked":"Blade Dance","floor":11},{"not_picked":["Riddle With Holes","PiercingWail"],"picked":"Cloak And Dagger","floor":13},{"not_picked":["Choke","Deflect"],"picked":"Blade Dance","floor":14},{"not_picked":[],"picked":"Infinite Blades","floor":18},{"not_picked":["Deflect"],"picked":"SKIP","floor":20},{"not_picked":["All Out Attack+1"],"picked":"SKIP","floor":21},{"not_picked":["Footwork"],"picked":"SKIP","floor":24},{"not_picked":["Reflex"],"picked":"SKIP","floor":27},{"not_picked":["Poisoned Stab+1"],"picked":"SKIP","floor":29},{"not_picked":["Cloak And Dagger"],"picked":"SKIP","floor":30},{"not_picked":["Flying Knee+1"],"picked":"SKIP","floor":35},{"not_picked":["Quick Slash"],"picked":"SKIP","floor":38},{"not_picked":["PiercingWail"],"picked":"SKIP","floor":39},{"not_picked":["Tactician"],"picked":"SKIP","floor":40},{"not_picked":[],"picked":"Panacea","floor":41},{"not_picked":["Underhanded Strike+1"],"picked":"SKIP","floor":45},{"not_picked":["Well Laid Plans"],"picked":"SKIP","floor":48},{"not_picked":["Bane"],"picked":"SKIP","floor":54}],"player_experience":46619,"relics_obtained":[{"floor":6,"key":"Kunai"},{"floor":8,"key":"Potion Belt"},{"floor":9,"key":"Vajra"},{"floor":22,"key":"Necronomicon"},{"floor":24,"key":"Blue Candle"},{"floor":31,"key":"Red Mask"},{"floor":36,"key":"Mango"},{"floor":40,"key":"Snake Skull"},{"floor":43,"key":"Centennial Puzzle"},{"floor":54,"key":"Anchor"}],"event_choices":[{"cards_removed":["Strike_G"],"damage_healed":0,"gold_gain":0,"player_choice":"Card Removal","damage_taken":0,"max_hp_gain":0,"max_hp_loss":0,"event_name":"The Cleric","floor":10,"gold_loss":50},{"damage_healed":0,"gold_gain":0,"cards_transformed":["Defend_G"],"player_choice":"Transformed","damage_taken":0,"max_hp_gain":0,"max_hp_loss":0,"event_name":"Transmorgrifier","floor":12,"gold_loss":0,"cards_obtained":["Poisoned Stab"]},{"damage_healed":0,"gold_gain":0,"player_choice":"Obtained Book","damage_taken":16,"max_hp_gain":0,"max_hp_loss":0,"event_name":"Cursed Tome","floor":22,"gold_loss":0},{"damage_healed":0,"gold_gain":0,"player_choice":"1 cards matched","damage_taken":0,"max_hp_gain":0,"max_hp_loss":0,"event_name":"Match and Keep!","floor":28,"gold_loss":0,"cards_obtained":["Jack Of All Trades"]},{"damage_healed":0,"gold_gain":0,"player_choice":"Fought Bandits","damage_taken":0,"max_hp_gain":0,"max_hp_loss":0,"event_name":"Masked Bandits","floor":31,"gold_loss":0},{"damage_healed":0,"gold_gain":0,"player_choice":"Fight","damage_taken":0,"max_hp_gain":0,"max_hp_loss":0,"event_name":"MindBloom","floor":36,"gold_loss":0},{"damage_healed":0,"gold_gain":0,"player_choice":"Memory 1","damage_taken":0,"max_hp_gain":0,"max_hp_loss":0,"event_name":"SensoryStone","floor":41,"gold_loss":0},{"cards_removed":["Infinite Blades"],"damage_healed":0,"gold_gain":0,"player_choice":"Removed Power","damage_taken":0,"max_hp_gain":0,"max_hp_loss":0,"event_name":"Falling","floor":47,"gold_loss":0}],"is_beta":false,"boss_relics":[{"not_picked":["Coffee Dripper","Runic Dome"],"picked":"Busted Crown"},{"not_picked":["Snecko Eye","Black Star"],"picked":"WristBlade"}],"items_purged_floors":[19,37],"is_endless":false,"potions_floor_spawned":[2,6,13,14,16,18,30,31,33,35,36,38],"killed_by":"The Heart","ascension_level":0}