{"gold_per_floor":[114,160,10,10,26,58,58,74,128,303,330,341,357,374,374,472,472,484,498,498,498,518,518,536,567,567,567,567,583,21,31,31,127,127,139,151,163,163,183,183,183],"floor_reached":41,"playtime":1847,"items_purged":["Doubt"],"score":527,"play_id":"7ad5ae27-c505-48e2-87a8-a8f657f20240","local_time":"20190418135341","is_ascension_mode":false,"campfire_choices":[{"data":"Bash","floor":7,"key":"SMITH"},{"data":"Metallicize","floor":15,"key":"SMITH"},{"data":"Spot Weakness","floor":23,"key":"SMITH"},{"data":"Limit Break","floor":32,"key":"SMITH"},{"floor":40,"key":"REST"}],"neow_cost":"NONE","seed_source_timestamp":5673521069164,"circlet_count":0,"master_deck":["Strike_R","Defend_R","Defend_R","Defend_R","Defend_R","Bash+1","Metallicize+1","Pommel Strike","Heavy Blade","Clothesline","Cleave","Anger","Immolate","Shrug It Off","Double Tap","Armaments+1","Dual Wield+1","Evolve+1","Disarm+1","Anger","Spot Weakness+1","Limit Break","Dropkick+1","Body Slam+1","Inflame+1","Flex","Flex","Limit Break+1","Disarm","Berserk+1","Spot Weakness+1","Seeing Red","Parasite","Clothesline+1","Pommel Strike+1"],"relics":["Black Blood","NeowsBlessing","Blood Vial","Dream Catcher","The Courier","Tiny Chest","Orichalcum","Astrolabe","Oddly Smooth Stone","Blue Candle","Frozen Egg 2","FossilizedHelix","Anchor","Happy Flower"],"potions_floor_usage":[11,16,18,22,22,25,29,33,36,39],"damage_taken":[{"damage":0,"enemies":"Cultist","floor":1,"turns":1},{"damage":0,"enemies":"Jaw Worm","floor":5,"turns":1},{"damage":0,"enemies":"3 Sentries","floor":6,"turns":2},{"damage":1,"enemies":"2 Louse","floor":8,"turns":3},{"damage":19,"enemies":"Gremlin Nob","floor":11,"turns":4},{"damage":4,"enemies":"Blue Slaver","floor":12,"turns":5},{"damage":7,"enemies":"2 Fungi Beasts","floor":13,"turns":4},{"damage":8,"enemies":"Red Slaver","floor":14,"turns":4},{"damage":48,"enemies":"Hexaghost","floor":16,"turns":11},{"damage":8,"enemies":"Spheric Guardian","floor":18,"turns":8},{"damage":27,"enemies":"3 Byrds","floor":19,"turns":5},{"damage":0,"enemies":"3 Cultists","floor":22,"turns":4},{"damage":5,"enemies":"Chosen and Byrds","floor":24,"turns":6},{"damage":17,"enemies":"Book of Stabbing","floor":25,"turns":6},{"damage":9,"enemies":"Centurion and Healer","floor":29,"turns":5},{"damage":10,"enemies":"Snake Plant","floor":31,"turns":4},{"damage":0,"enemies":"Champ","floor":33,"turns":7},{"damage":20,"enemies":"3 Shapes","floor":35,"turns":6},{"damage":16,"enemies":"3 Darklings","floor":36,"turns":5},{"damage":55,"enemies":"Transient","floor":37,"turns":5},{"damage":17,"enemies":"Writhing Mass","floor":39,"turns":8},{"damage":52,"enemies":"4 Shapes","floor":41,"turns":3}],"seed_played":"8702257310829960629","potions_obtained":[{"floor":5,"key":"SkillPotion"},{"floor":11,"key":"Strength Potion"},{"floor":16,"key":"SkillPotion"},{"floor":19,"key":"Fire Potion"},{"floor":21,"key":"Explosive Potion"},{"floor":21,"key":"Poison Potion"},{"floor":21,"key":"GamblersBrew"},{"floor":25,"key":"Weak Potion"},{"floor":31,"key":"SpeedPotion"},{"floor":33,"key":"Block Potion"},{"floor":37,"key":"Energy Potion"}],"is_trial":false,"path_per_floor":["M","T","$","?","M","E","R","M","T","?","E","M","M","M","R","B",null,"M","M","?","?","M","R","M","E","T","T","T","M","$","M","R","B",null,"M","M","M","?","M","R","M"],"character_chosen":"IRONCLAD","items_purchased":["Dream Catcher","Anchor","Happy Flower","Inflame+1","Flex","Flex","Limit Break"],"campfire_rested":1,"item_purchase_floors":[3,30,30,30,30,30,30],"current_hp_per_floor":[80,80,80,80,80,80,80,80,80,80,67,71,72,72,72,32,80,78,59,59,59,67,67,70,61,61,61,61,60,60,58,58,66,80,70,66,23,23,18,42,0],"gold":183,"neow_bonus":"THREE_ENEMY_KILL","is_prod":false,"is_daily":false,"chose_seed":false,"campfire_upgraded":4,"win_rate":0,"timestamp":1555559621,"path_taken":["M","?","?","?","?","E","R","M","T","?","E","M","M","M","R","BOSS","M","M","?","?","?","R","M","E","T","?","?","M","$","M","R","BOSS","M","M","M","?","M","R","?"],"build_version":"2019-01-23","purchased_purges":1,"victory":false,"max_hp_per_floor":[80,80,80,80,80,80,80,80,80,80,80,80,80,80,80,80,80,80,80,80,80,80,80,80,80,80,80,80,80,80,80,80,80,80,80,80,80,80,80,80,80],"card_choices":[{"not_picked":["Twin Strike","Warcry"],"picked":"Metallicize","floor":1},{"not_picked":["Heavy Blade","Whirlwind"],"picked":"Pommel Strike","floor":5},{"not_picked":["Second Wind","Sentinel"],"picked":"Heavy Blade","floor":6},{"not_picked":["Ghostly Armor","Iron Wave"],"picked":"Clothesline","floor":8},{"not_picked":["Exhume","Sword Boomerang"],"picked":"Cleave","floor":11},{"not_picked":["Twin Strike","True Grit"],"picked":"Anger","floor":12},{"not_picked":["Sword Boomerang","Sentinel"],"picked":"Immolate","floor":13},{"not_picked":["Perfected Strike","Flex"],"picked":"Shrug It Off","floor":14},{"not_picked":["Exhume","Dark Embrace"],"picked":"Double Tap","floor":16},{"not_picked":["Thunderclap","Battle Trance+1"],"picked":"Disarm+1","floor":18},{"not_picked":["Warcry+1","Twin Strike"],"picked":"Anger","floor":19},{"not_picked":["Fire Breathing","True Grit","Perfected Strike"],"picked":"SKIP","floor":22},{"not_picked":["Headbutt","Iron Wave+1"],"picked":"Limit Break","floor":24},{"not_picked":["Headbutt+1","Havoc+1"],"picked":"Dropkick+1","floor":25},{"not_picked":["Feel No Pain+1","True Grit"],"picked":"Body Slam+1","floor":29},{"not_picked":["Wild Strike","Cleave"],"picked":"Disarm","floor":31},{"not_picked":["Brutality+1","Fiend Fire"],"picked":"Berserk+1","floor":33},{"not_picked":["True Grit","Dropkick"],"picked":"Spot Weakness+1","floor":35},{"not_picked":["Perfected Strike+1","Searing Blow+1"],"picked":"Seeing Red","floor":36},{"not_picked":["Armaments","True Grit","Anger"],"picked":"SKIP","floor":37},{"not_picked":["Anger+1","Armaments"],"picked":"Clothesline+1","floor":39},{"not_picked":["Perfected Strike+1","Warcry"],"picked":"Pommel Strike+1","floor":40}],"player_experience":326569,"relics_obtained":[{"floor":2,"key":"Blood Vial"},{"floor":6,"key":"The Courier"},{"floor":9,"key":"Tiny Chest"},{"floor":11,"key":"Orichalcum"},{"floor":25,"key":"Oddly Smooth Stone"},{"floor":26,"key":"Blue Candle"},{"floor":27,"key":"Frozen Egg 2"},{"floor":28,"key":"FossilizedHelix"}],"event_choices":[{"damage_healed":0,"gold_gain":0,"player_choice":"Ignored","damage_taken":0,"max_hp_gain":0,"max_hp_loss":0,"event_name":"NoteForYourself","floor":4,"gold_loss":0},{"damage_healed":0,"gold_gain":175,"player_choice":"AGREE","damage_taken":0,"max_hp_gain":0,"max_hp_loss":0,"event_name":"Liars Game","floor":10,"gold_loss":0,"cards_obtained":["Doubt"]},{"damage_healed":0,"gold_gain":0,"player_choice":"Read","damage_taken":0,"max_hp_gain":0,"max_hp_loss":0,"event_name":"The Library","floor":20,"gold_loss":0,"cards_obtained":["Spot Weakness"]},{"damage_healed":0,"gold_gain":0,"player_choice":"Got Potions","damage_taken":0,"max_hp_gain":0,"max_hp_loss":0,"event_name":"Lab","floor":21,"gold_loss":0},{"cards_removed":["Strike_R"],"damage_healed":0,"gold_gain":0,"player_choice":"Purged","damage_taken":0,"max_hp_gain":0,"max_hp_loss":0,"event_name":"Purifier","floor":38,"gold_loss":0}],"is_beta":false,"boss_relics":[{"not_picked":["Pandora\u0027s Box","Ectoplasm"],"picked":"Astrolabe"},{"not_picked":["Orrery","Runic Pyramid"],"picked":"Black Blood"}],"items_purged_floors":[30],"is_endless":false,"potions_floor_spawned":[5,11,16,19,25,31,33,37],"killed_by":"4 Shapes","ascension_level":0}