{"gold_per_floor":[117,129,80,100,100,100,125,139,139,152,165,165,185,214,214,317,317,337,337,2,2,22,22,50,10,10,10,20,34,34,67,67,168,168,185,185,185,199,211,243,243,29,83,98,125,141,470,485,485,485],"floor_reached":50,"playtime":18647,"items_purged":["Shame"],"score":684,"play_id":"e3d625ac-7cf3-4791-bd2c-a1d7e0c4b336","local_time":"20190706174748","is_ascension_mode":false,"campfire_choices":[{"data":"Zap","floor":6.0,"key":"SMITH"},{"floor":12.0,"key":"REST"},{"floor":15.0,"key":"REST"},{"data":"Coolheaded","floor":23.0,"key":"SMITH"},{"floor":27.0,"key":"REST"},{"data":"Skim","floor":30.0,"key":"SMITH"},{"data":"Hologram","floor":32.0,"key":"SMITH"},{"floor":41,"key":"REST"},{"data":"Buffer","floor":49,"key":"SMITH"}],"neow_cost":"NONE","seed_source_timestamp":0,"circlet_count":0,"master_deck":["Strike_B+1","Defend_B+1","Defend_B+1","Defend_B+1","Defend_B+1","Zap+1","Stack+1","Stack+1","Conserve Battery+1","Compile Driver+1","Glacier+1","Reboot+1","White Noise+1","Hologram+1","Compile Driver+1","Reboot+1","Amplify+1","Hello World+1","White Noise+1","Skim+1","Coolheaded+1","Leap+1","Reinforced Body+1","Loop+1","Hologram+1","Seek+1","Coolheaded+1","Reprogram+1","Hologram+1","Deep Breath+1","Clumsy","Reprogram+1","Compile Driver+1","Buffer+1"],"special_seed":0,"relics":["Cracked Core","Regal Pillow","Happy Flower","Ornamental Fan","Astrolabe","Bronze Scales","Strange Spoon","PreservedInsect","Pear","Toxic Egg 2","Oddly Smooth Stone","Cursed Key","Mark of the Bloom","Mummified Hand","Juzu Bracelet","Pen Nib","Old Coin"],"potions_floor_usage":[46,46,46,50,50],"damage_taken":[{"damage":0.0,"enemies":"Cultist","floor":1.0,"turns":3.0},{"damage":0.0,"enemies":"Jaw Worm","floor":2.0,"turns":5.0},{"damage":0.0,"enemies":"Small Slimes","floor":4.0,"turns":3.0},{"damage":70.0,"enemies":"Gremlin Nob","floor":7.0,"turns":6.0},{"damage":2.0,"enemies":"2 Fungi Beasts","floor":8.0,"turns":4.0},{"damage":0.0,"enemies":"Red Slaver","floor":10.0,"turns":3.0},{"damage":0.0,"enemies":"3 Louse","floor":11.0,"turns":4.0},{"damage":0.0,"enemies":"Exordium Wildlife","floor":13.0,"turns":3.0},{"damage":2.0,"enemies":"3 Sentries","floor":14.0,"turns":9.0},{"damage":17.0,"enemies":"Slime Boss","floor":16.0,"turns":18.0},{"damage":10.0,"enemies":"Chosen","floor":18.0,"turns":4.0},{"damage":7.0,"enemies":"3 Byrds","floor":22.0,"turns":4.0},{"damage":63.0,"enemies":"Slavers","floor":24.0,"turns":6.0},{"damage":4.0,"enemies":"Centurion and Healer","floor":28.0,"turns":12.0},{"damage":0.0,"enemies":"Snecko","floor":29.0,"turns":9.0},{"damage":6.0,"enemies":"Book of Stabbing","floor":31.0,"turns":8.0},{"damage":40.0,"enemies":"Automaton","floor":33.0,"turns":19.0},{"damage":2.0,"enemies":"3 Darklings","floor":35.0,"turns":11.0},{"damage":1.0,"enemies":"Orb Walker","floor":38.0,"turns":6.0},{"damage":14.0,"enemies":"Jaw Worm Horde","floor":39.0,"turns":8.0},{"damage":12.0,"enemies":"Nemesis","floor":40.0,"turns":19.0},{"damage":10,"enemies":"Writhing Mass","floor":44,"turns":10},{"damage":0,"enemies":"Giant Head","floor":45,"turns":10},{"damage":12,"enemies":"Sphere and 2 Shapes","floor":46,"turns":15},{"damage":0,"enemies":"Nemesis","floor":47,"turns":9},{"damage":0,"enemies":"3 Darklings","floor":48,"turns":6},{"damage":47,"enemies":"Time Eater","floor":50,"turns":11}],"seed_played":"-2696849857864451057","potions_obtained":[{"floor":2.0,"key":"Swift Potion"},{"floor":8.0,"key":"SpeedPotion"},{"floor":10.0,"key":"Explosive Potion"},{"floor":11.0,"key":"GamblersBrew"},{"floor":14.0,"key":"Dexterity Potion"},{"floor":16.0,"key":"Energy Potion"},{"floor":25.0,"key":"SneckoOil"},{"floor":25.0,"key":"SpeedPotion"},{"floor":25.0,"key":"Energy Potion"},{"floor":28.0,"key":"SteroidPotion"},{"floor":33.0,"key":"EntropicBrew"},{"floor":44,"key":"SkillPotion"},{"floor":45,"key":"SkillPotion"},{"floor":46,"key":"GamblersBrew"},{"floor":48,"key":"EssenceOfSteel"}],"is_trial":false,"path_per_floor":["M","M","$","M","?","R","E","M","T","M","M","R","M","E","R","B",null,"M","?","$","?","M","R","E","?","T","R","M","M","R","E","R","B",null,"M","?","?","M","M","E","R","$","T","M","E","M","E","M","R","B"],"character_chosen":"DEFECT","items_purchased":["Conserve Battery","Bronze Scales","Strange Spoon","Deep Breath+1","Swift Potion"],"campfire_rested":4,"item_purchase_floors":[3,20,20,42,42],"current_hp_per_floor":[82,82,82,82,82,82,12,10,10,10,10,49,49,47,82,65,82,72,72,72,72,65,65,12,12,12,54,50,50,50,44,44,4,92,90,90,90,89,75,63,63,63,63,53,53,41,41,41,41,0],"gold":485,"neow_bonus":"TEN_PERCENT_HP_BONUS","is_prod":false,"is_daily":false,"chose_seed":false,"campfire_upgraded":5,"win_rate":0.0,"timestamp":1562424468,"path_taken":["M","M","?","M","?","R","E","M","T","M","?","R","M","E","R","BOSS","M","?","$","?","M","R","E","?","T","R","?","M","R","E","R","BOSS","M","?","?","M","M","E","R","$","T","M","E","M","E","M","R","BOSS"],"build_version":"2019-07-05","purchased_purges":1,"victory":false,"max_hp_per_floor":[82,82,82,82,82,82,82,82,82,82,82,82,82,82,82,82,82,82,82,82,82,82,82,92,92,92,92,92,92,92,92,92,92,92,92,92,92,92,92,92,92,92,92,92,92,92,92,92,92,92],"card_choices":[{"not_picked":["Ball Lightning","Gash"],"picked":"Stack","floor":1.0},{"not_picked":["Go for the Eyes","Barrage"],"picked":"Stack","floor":2.0},{"not_picked":["Redo","Go for the Eyes"],"picked":"Compile Driver","floor":4.0},{"not_picked":["Hologram","Leap"],"picked":"Glacier","floor":7.0},{"not_picked":["Hologram","Cold Snap"],"picked":"Reboot","floor":8.0},{"not_picked":["Streamline","Storm"],"picked":"Ball Lightning","floor":10.0},{"not_picked":["Stack","Redo"],"picked":"White Noise","floor":11.0},{"not_picked":["Go for the Eyes","Darkness"],"picked":"Hologram","floor":13.0},{"not_picked":["Streamline","Stack"],"picked":"Compile Driver","floor":14.0},{"not_picked":["Seek","All For One"],"picked":"Reboot","floor":16.0},{"not_picked":["Hologram","Gash"],"picked":"Skim","floor":18.0},{"not_picked":["Gash+1","Ball Lightning"],"picked":"Coolheaded","floor":22.0},{"not_picked":["Redo","Ball Lightning"],"picked":"Leap","floor":24.0},{"not_picked":["Barrage","Steam+1"],"picked":"Reinforced Body+1","floor":28.0},{"not_picked":["Reinforced Body+1","Self Repair"],"picked":"Loop","floor":29.0},{"not_picked":["Storm+1","Sweeping Beam"],"picked":"Hologram+1","floor":31.0},{"not_picked":["Rainbow+1","Buffer"],"picked":"Seek+1","floor":33.0},{"not_picked":["Steam+1","Stack+1"],"picked":"Coolheaded+1","floor":35.0},{"not_picked":["Beam Cell","Hologram+1"],"picked":"Reprogram+1","floor":38.0},{"not_picked":["Amplify+1","Consume+1","Steam+1"],"picked":"SKIP","floor":39.0},{"not_picked":["Barrage+1","Gash"],"picked":"Hologram+1","floor":40},{"not_picked":["Storm+1","Hologram+1"],"picked":"Reprogram+1","floor":44},{"not_picked":["Consume+1","Steam+1","Stack+1"],"picked":"SKIP","floor":45},{"not_picked":["Conserve Battery+1","Steam+1"],"picked":"Compile Driver+1","floor":46},{"not_picked":["Darkness+1","Melter","Reprogram+1"],"picked":"SKIP","floor":47},{"not_picked":["Go for the Eyes+1","Barrage"],"picked":"Buffer","floor":48}],"player_experience":75961,"relics_obtained":[{"floor":7.0,"key":"Regal Pillow"},{"floor":9.0,"key":"Happy Flower"},{"floor":14.0,"key":"Ornamental Fan"},{"floor":24.0,"key":"Pear"},{"floor":26.0,"key":"Toxic Egg 2"},{"floor":31.0,"key":"Oddly Smooth Stone"},{"floor":40,"key":"Mummified Hand"},{"floor":43,"key":"Juzu Bracelet"},{"floor":45,"key":"Pen Nib"},{"floor":47,"key":"Old Coin"}],"event_choices":[{"cards_removed":["Dualcast"],"damage_healed":0.0,"max_hp_gain":0.0,"max_hp_loss":0.0,"gold_gain":0.0,"event_name":"Bonfire Elementals","player_choice":"Offered Basic","floor":5.0,"gold_loss":0.0,"damage_taken":0.0},{"damage_healed":0.0,"max_hp_gain":0.0,"max_hp_loss":0.0,"gold_gain":0.0,"event_name":"Cursed Tome","player_choice":"Ignored","floor":19.0,"gold_loss":0.0,"damage_taken":0.0},{"damage_healed":0.0,"max_hp_gain":0.0,"max_hp_loss":0.0,"gold_gain":0.0,"event_name":"Addict","player_choice":"Stole Relic","floor":21.0,"gold_loss":0.0,"damage_taken":0.0,"relics_obtained":["PreservedInsect"],"cards_obtained":["Shame"]},{"damage_healed":0.0,"max_hp_gain":0.0,"max_hp_loss":0.0,"gold_gain":0.0,"event_name":"The Woman in Blue","player_choice":"Bought 3 Potions","floor":25.0,"gold_loss":0.0,"damage_taken":0.0},{"damage_healed":0.0,"max_hp_gain":0.0,"max_hp_loss":0.0,"gold_gain":0.0,"event_name":"MindBloom","player_choice":"Upgrade","floor":36.0,"gold_loss":0.0,"damage_taken":0.0,"cards_upgraded":["Strike_B","Defend_B","Defend_B","Defend_B","Defend_B","Stack","Stack","Conserve Battery","Compile Driver","Glacier","Reboot","Ball Lightning","White Noise","Compile Driver","Reboot","Leap","Loop"],"relics_obtained":["Mark of the Bloom"]},{"cards_removed":["Ball Lightning"],"damage_healed":0.0,"max_hp_gain":0.0,"max_hp_loss":0.0,"gold_gain":0.0,"event_name":"Falling","player_choice":"Removed Attack","floor":37.0,"gold_loss":0.0,"damage_taken":0.0}],"is_beta":false,"boss_relics":[{"not_picked":["Philosopher\u0027s Stone","White Beast Statue"],"picked":"Astrolabe"},{"not_picked":["Orrery","Coffee Dripper"],"picked":"Cursed Key"}],"items_purged_floors":[42],"is_endless":false,"potions_floor_spawned":[2,8,10,11,14,16,28,33,38,44,45,46,48],"killed_by":"Time Eater","ascension_level":0}