{"gold_per_floor":[112,123,139,157,6,6,181,214,214,231,262,262,262,296,296,392,392,402,51,71,90,90,122,122,134,159,174,200,230,244,256,256,360,360,370,370,380,399,60,60,71,71,71,71,84,99,134,152,152,152,152,152,1,32,32],"floor_reached":56,"playtime":4236,"items_purged":["Strike_G"],"score":1318,"play_id":"99f0050e-0235-454c-9361-e71f40633066","local_time":"20190501162952","is_ascension_mode":true,"campfire_choices":[{"data":"Neutralize","floor":6,"key":"SMITH"},{"data":"After Image","floor":15,"key":"SMITH"},{"data":"Burst","floor":24,"key":"SMITH"},{"floor":32,"key":"REST"},{"floor":40,"key":"RECALL"},{"data":"Burst","floor":49,"key":"SMITH"},{"data":"Tactician","floor":52,"key":"SMITH"}],"neow_cost":"NONE","seed_source_timestamp":7951846583054,"circlet_count":0,"master_deck":["Defend_G","Defend_G","Defend_G","Defend_G","Defend_G","Strike_G","Strike_G","Survivor","Neutralize+1","Backstab","Crippling Poison","Dodge and Roll","Predator","Quick Slash","Quick Slash","After Image+1","Burst+1","Prepared+1","Poisoned Stab","Bouncing Flask","Acrobatics+1","Cloak And Dagger+1","RitualDagger","Die Die Die","Infinite Blades+1","Dagger Throw","Escape Plan","Well Laid Plans+1","Tactician+1","Burst+1","Deadly Poison+1","Blur+1","Escape Plan","Noxious Fumes+1","Terror+1","Masterful Stab","Deflect+1","Caltrops+1","A Thousand Cuts+1"],"relics":["Ring of the Snake","Bag of Marbles","Vajra","FossilizedHelix","Incense Burner","Kunai","Ice Cream","Gremlin Horn","Bag of Preparation","Empty Cage","Frozen Egg 2","Orichalcum","Omamori","Red Mask","Happy Flower","Cursed Key","OrangePellets","Centennial Puzzle","Anchor","Boot"],"potions_floor_usage":[8,10,14,23,23,23,29,50,50,55],"damage_taken":[{"damage":0,"enemies":"Small Slimes","floor":1,"turns":2},{"damage":0,"enemies":"2 Louse","floor":2,"turns":1},{"damage":0,"enemies":"Cultist","floor":3,"turns":2},{"damage":1,"enemies":"Blue Slaver","floor":4,"turns":3},{"damage":10,"enemies":"Gremlin Nob","floor":8,"turns":3},{"damage":0,"enemies":"Exordium Thugs","floor":10,"turns":1},{"damage":0,"enemies":"Lagavulin","floor":11,"turns":6},{"damage":2,"enemies":"3 Sentries","floor":14,"turns":6},{"damage":42,"enemies":"Slime Boss","floor":16,"turns":16},{"damage":0,"enemies":"2 Thieves","floor":18,"turns":4},{"damage":0,"enemies":"Spheric Guardian","floor":20,"turns":5},{"damage":0,"enemies":"Snecko","floor":21,"turns":4},{"damage":2,"enemies":"Slavers","floor":23,"turns":6},{"damage":0,"enemies":"Shelled Parasite and Fungi","floor":25,"turns":9},{"damage":17,"enemies":"Snake Plant","floor":27,"turns":6},{"damage":0,"enemies":"Masked Bandits","floor":28,"turns":7},{"damage":8,"enemies":"Book of Stabbing","floor":29,"turns":7},{"damage":6,"enemies":"Cultist and Chosen","floor":30,"turns":5},{"damage":12,"enemies":"Chosen and Byrds","floor":31,"turns":5},{"damage":1,"enemies":"Champ","floor":33,"turns":15},{"damage":0,"enemies":"3 Darklings","floor":35,"turns":4},{"damage":0,"enemies":"Orb Walker","floor":37,"turns":3},{"damage":0,"enemies":"Maw","floor":38,"turns":7},{"damage":0,"enemies":"Writhing Mass","floor":41,"turns":7},{"damage":0,"enemies":"4 Shapes","floor":45,"turns":2},{"damage":0,"enemies":"Transient","floor":46,"turns":5},{"damage":0,"enemies":"Giant Head","floor":47,"turns":7},{"damage":0,"enemies":"Spire Growth","floor":48,"turns":4},{"damage":21,"enemies":"Donu and Deca","floor":50,"turns":10},{"damage":21,"enemies":"Shield and Spear","floor":54,"turns":8},{"damage":53,"enemies":"The Heart","floor":55,"turns":11}],"seed_played":"6888952974681669049","potions_obtained":[{"floor":1,"key":"AttackPotion"},{"floor":8,"key":"Fire Potion"},{"floor":10,"key":"Strength Potion"},{"floor":16,"key":"SkillPotion"},{"floor":18,"key":"Explosive Potion"},{"floor":20,"key":"SkillPotion"},{"floor":28,"key":"Fire Potion"},{"floor":33,"key":"GamblersBrew"},{"floor":35,"key":"Regen Potion"},{"floor":38,"key":"Ancient Potion"},{"floor":54,"key":"Regen Potion"}],"is_trial":false,"path_per_floor":["M","M","M","M","$","R","?","E","T","M","E","?","?","E","R","B",null,"M","$","M","M","?","E","R","M","T","M","?","E","M","M","R","B",null,"M","?","M","M","$","R","M","?","T","?","M","M","E","M","R","B",null,"R","$","E","B",null],"character_chosen":"THE_SILENT","items_purchased":["Vajra","Frozen Egg 2","Poisoned Stab","Bouncing Flask","OrangePellets","Noxious Fumes+1","Anchor"],"campfire_rested":1,"item_purchase_floors":[5,19,19,19,39,39,53],"current_hp_per_floor":[70,70,70,69,69,69,69,59,59,59,59,59,59,57,57,15,70,70,70,70,70,64,62,62,62,62,45,45,37,31,19,40,39,70,70,70,70,70,70,70,70,70,70,70,70,70,70,70,70,56,70,70,70,49,11],"gold":32,"neow_bonus":"RANDOM_COMMON_RELIC","is_prod":false,"is_daily":false,"chose_seed":false,"campfire_upgraded":5,"win_rate":0,"timestamp":1556692192,"path_taken":["M","M","M","M","$","R","?","E","T","M","E","?","?","E","R","BOSS","M","?","M","M","?","E","R","?","T","?","?","E","M","M","R","BOSS","M","?","M","M","$","R","M","?","T","?","M","M","E","M","R","BOSS","R","$","E","BOSS"],"build_version":"2019-01-23","purchased_purges":1,"victory":true,"max_hp_per_floor":[70,70,70,70,70,70,70,70,70,70,70,70,70,70,70,70,70,70,70,70,70,70,70,70,70,70,70,70,70,70,70,70,70,70,70,70,70,70,70,70,70,70,70,70,70,70,70,70,70,70,70,70,70,70,70],"card_choices":[{"not_picked":["Infinite Blades","Outmaneuver"],"picked":"Backstab","floor":1},{"not_picked":["Endless Agony","Bouncing Flask"],"picked":"Crippling Poison","floor":2},{"not_picked":["Backflip","Flying Knee"],"picked":"Dodge and Roll","floor":3},{"not_picked":["Acrobatics","Slice"],"picked":"Predator","floor":4},{"not_picked":["Prepared","Finisher"],"picked":"Quick Slash","floor":8},{"not_picked":["Flying Knee","Accuracy"],"picked":"Quick Slash","floor":10},{"not_picked":["Glass Knife","Bane","All Out Attack"],"picked":"SKIP","floor":11},{"not_picked":["Bane","Cloak And Dagger"],"picked":"After Image","floor":14},{"not_picked":["Bullet Time","Tools of the Trade"],"picked":"Burst","floor":16},{"not_picked":["Bouncing Flask","Acrobatics"],"picked":"Prepared+1","floor":18},{"not_picked":["Bouncing Flask","Flying Knee"],"picked":"Acrobatics+1","floor":20},{"not_picked":["Calculated Gamble","Unload"],"picked":"Cloak And Dagger+1","floor":21},{"not_picked":["Flechettes","Skewer"],"picked":"Die Die Die","floor":23},{"not_picked":["Acrobatics","Slice+1"],"picked":"Infinite Blades+1","floor":25},{"not_picked":["Sucker Punch","Quick Slash"],"picked":"Dagger Throw","floor":27},{"not_picked":["Dagger Throw+1","Blade Dance"],"picked":"Escape Plan","floor":28},{"not_picked":["Backstab+1","Finisher"],"picked":"Well Laid Plans+1","floor":29},{"not_picked":["Storm of Steel","Underhanded Strike"],"picked":"Tactician","floor":30},{"not_picked":["Backflip","Bane","Acrobatics"],"picked":"SKIP","floor":31},{"not_picked":["Wraith Form v2+1","Die Die Die"],"picked":"Burst","floor":33},{"not_picked":["Deflect","Heel Hook"],"picked":"Deadly Poison+1","floor":35},{"not_picked":["Setup","Terror"],"picked":"Blur+1","floor":37},{"not_picked":["Quick Slash+1","Bane+1"],"picked":"Escape Plan","floor":38},{"not_picked":["Blade Dance+1","Dagger Throw"],"picked":"Terror+1","floor":41},{"not_picked":["Deadly Poison+1","Backflip+1"],"picked":"Deflect+1","floor":45},{"not_picked":["Blur","Quick Slash"],"picked":"Caltrops+1","floor":46},{"not_picked":["Endless Agony+1","Infinite Blades+1"],"picked":"A Thousand Cuts+1","floor":47},{"not_picked":["Skewer","Acrobatics","Dodge and Roll"],"picked":"SKIP","floor":48},{"not_picked":["Sucker Punch","Masterful Stab+1","Deflect"],"picked":"SKIP","floor":54}],"player_experience":557374,"relics_obtained":[{"floor":8,"key":"FossilizedHelix"},{"floor":9,"key":"Incense Burner"},{"floor":11,"key":"Kunai"},{"floor":13,"key":"Gremlin Horn"},{"floor":14,"key":"Bag of Preparation"},{"floor":23,"key":"Orichalcum"},{"floor":26,"key":"Omamori"},{"floor":28,"key":"Red Mask"},{"floor":29,"key":"Happy Flower"},{"floor":47,"key":"Centennial Puzzle"},{"floor":54,"key":"Boot"}],"event_choices":[{"damage_healed":0,"gold_gain":175,"player_choice":"AGREE","damage_taken":0,"max_hp_gain":0,"max_hp_loss":0,"event_name":"Liars Game","floor":7,"gold_loss":0,"cards_obtained":["Doubt"]},{"damage_healed":0,"gold_gain":0,"player_choice":"Box","damage_taken":0,"relics_obtained":["Ice Cream"],"max_hp_gain":0,"max_hp_loss":0,"event_name":"Big Fish","floor":12,"gold_loss":0,"cards_obtained":["Regret"]},{"damage_healed":0,"gold_gain":0,"player_choice":"Relic","damage_taken":0,"max_hp_gain":0,"max_hp_loss":0,"event_name":"Wheel of Change","floor":13,"gold_loss":0},{"damage_healed":0,"gold_gain":0,"player_choice":"Joined the Cult","damage_taken":6,"max_hp_gain":0,"max_hp_loss":0,"event_name":"Nest","floor":22,"gold_loss":0,"cards_obtained":["RitualDagger"]},{"damage_healed":0,"gold_gain":0,"player_choice":"Fought Bandits","damage_taken":0,"max_hp_gain":0,"max_hp_loss":0,"event_name":"Masked Bandits","floor":28,"gold_loss":0},{"damage_healed":0,"gold_gain":0,"player_choice":"Memory 1","damage_taken":0,"max_hp_gain":0,"max_hp_loss":0,"event_name":"SensoryStone","floor":36,"gold_loss":0},{"cards_removed":["Strike_G"],"damage_healed":0,"gold_gain":0,"player_choice":"Removed Attack","damage_taken":0,"max_hp_gain":0,"max_hp_loss":0,"event_name":"Falling","floor":42,"gold_loss":0},{"damage_healed":0,"gold_gain":0,"cards_transformed":["Strike_G"],"player_choice":"Transformed","damage_taken":0,"max_hp_gain":0,"max_hp_loss":0,"event_name":"Transmorgrifier","floor":44,"gold_loss":0,"cards_obtained":["Masterful Stab"]}],"is_beta":false,"boss_relics":[{"not_picked":["WristBlade","Fusion Hammer"],"picked":"Empty Cage"},{"not_picked":["Sozu","Runic Dome"],"picked":"Cursed Key"}],"items_purged_floors":[39],"is_endless":false,"potions_floor_spawned":[1,8,10,16,18,20,28,33,35,38,45,46,54],"ascension_level":1}