{"gold_per_floor":[111,121,138,158,158,185,185,241,323,323,42,53,83,99,99,198,198,215,226,226,91,106,106,124,124,124,152,152,27,27,58,58,58],"floor_reached":33,"playtime":3452,"items_purged":["Strike_R","Strike_R","Strike_R"],"score":370,"play_id":"6d3689f6-42ad-4f75-8172-c4a2b437d45b","local_time":"20190708223914","is_ascension_mode":false,"campfire_choices":[{"data":"Brutality","floor":7,"key":"SMITH"},{"floor":15,"key":"REST"},{"floor":23,"key":"REST"},{"floor":28,"key":"REST"},{"floor":32,"key":"REST"}],"neow_cost":"NONE","seed_source_timestamp":40738769524931,"circlet_count":0,"master_deck":["Defend_R","Defend_R","Defend_R","Defend_R","Bash","Armaments","Clash","Pommel Strike","Twin Strike","Brutality+1","Rampage","Flex","Pommel Strike","Anger","Barricade","Clothesline","Pommel Strike","Fiend Fire","Bloodletting","Metallicize","Combust","Metallicize","Shockwave","Immolate","Iron Wave","Ghostly","Ghostly","Ghostly","Ghostly","Ghostly","Combust","Cleave+1","Clothesline","Reaper","Metallicize","Ghostly Armor","Bite","Bite","Bite","Bite","Bite","Anger+1","Fiend Fire"],"relics":["Burning Blood","Ginger","Lantern","Bottled Tornado","Orichalcum","Dream Catcher","Incense Burner","Orrery","Bag of Preparation","Potion Belt","Dodecahedron"],"potions_floor_usage":[6,19,27],"damage_taken":[{"damage":2,"enemies":"2 Louse","floor":1,"turns":4},{"damage":2,"enemies":"Small Slimes","floor":2,"turns":3},{"damage":3,"enemies":"Jaw Worm","floor":3,"turns":3},{"damage":0,"enemies":"Large Slime","floor":4,"turns":4},{"damage":32,"enemies":"3 Sentries","floor":6,"turns":8},{"damage":23,"enemies":"Gremlin Nob","floor":8,"turns":4},{"damage":9,"enemies":"3 Louse","floor":12,"turns":2},{"damage":18,"enemies":"Gremlin Nob","floor":13,"turns":4},{"damage":3,"enemies":"2 Fungi Beasts","floor":14,"turns":4},{"damage":41,"enemies":"The Guardian","floor":16,"turns":11},{"damage":5,"enemies":"Chosen","floor":18,"turns":4},{"damage":21,"enemies":"2 Thieves","floor":19,"turns":5},{"damage":28,"enemies":"Centurion and Healer","floor":22,"turns":9},{"damage":12,"enemies":"Shelled Parasite and Fungi","floor":24,"turns":7},{"damage":24,"enemies":"Book of Stabbing","floor":27,"turns":7},{"damage":42,"enemies":"Gremlin Leader","floor":31,"turns":8},{"damage":57,"enemies":"Champ","floor":33,"turns":13}],"seed_played":"-2687289790554103919","potions_obtained":[{"floor":2,"key":"SpeedPotion"},{"floor":3,"key":"LiquidBronze"},{"floor":13,"key":"Swift Potion"},{"floor":14,"key":"Strength Potion"},{"floor":18,"key":"Fruit Juice"},{"floor":24,"key":"Strength Potion"},{"floor":31,"key":"SpeedPotion"}],"is_trial":false,"path_per_floor":["M","M","M","M","?","E","R","?","T","T","$","M","E","M","R","B",null,"M","M","?","$","M","R","M","?","T","E","R","$","?","E","R","B"],"character_chosen":"IRONCLAD","items_purchased":["Dream Catcher","Pommel Strike","Combust"],"campfire_rested":4,"item_purchase_floors":[11,11,21],"current_hp_per_floor":[80,80,80,80,85,59,59,42,42,42,42,39,27,30,55,20,85,85,75,45,45,23,36,30,24,24,15,30,30,30,18,28,0],"gold":58,"neow_bonus":"THREE_CARDS","is_prod":false,"is_daily":false,"chose_seed":false,"campfire_upgraded":1,"win_rate":0.0,"timestamp":1562618354,"path_taken":["M","M","M","M","?","E","R","?","T","?","$","M","E","M","R","BOSS","M","M","?","$","M","R","M","?","T","E","R","$","?","E","R","BOSS"],"build_version":"2019-07-05","purchased_purges":3,"victory":false,"max_hp_per_floor":[80,80,80,80,85,85,85,85,85,85,85,85,85,85,85,85,85,85,90,45,45,45,45,45,50,50,50,50,50,34,34,34,34],"card_choices":[{"not_picked":["Clothesline","Entrench"],"picked":"Armaments","floor":0},{"not_picked":["Body Slam","Perfected Strike"],"picked":"Clash","floor":1},{"not_picked":["Iron Wave","Sword Boomerang"],"picked":"Pommel Strike","floor":2},{"not_picked":["Heavy Blade","Perfected Strike"],"picked":"Twin Strike","floor":3},{"not_picked":["Heavy Blade","Twin Strike"],"picked":"Brutality","floor":4},{"not_picked":["Disarm","Anger"],"picked":"Rampage","floor":6},{"not_picked":["Rupture","Sword Boomerang"],"picked":"Flex","floor":8},{"not_picked":["Headbutt","Bludgeon"],"picked":"Anger","floor":12},{"not_picked":["Wild Strike","Fire Breathing"],"picked":"Barricade","floor":13},{"not_picked":["Shrug It Off","Iron Wave"],"picked":"Clothesline","floor":14},{"not_picked":["Iron Wave","Intimidate"],"picked":"Pommel Strike","floor":15},{"not_picked":["Feed","Barricade"],"picked":"Fiend Fire","floor":16},{"not_picked":["Clash","Iron Wave"],"picked":"Bloodletting","floor":17},{"not_picked":["Clash","Blood for Blood"],"picked":"Metallicize","floor":17},{"not_picked":["Flex","Clash"],"picked":"Combust","floor":17},{"not_picked":["Body Slam","Iron Wave"],"picked":"Metallicize","floor":17},{"not_picked":["Entrench","Feel No Pain"],"picked":"Shockwave","floor":17},{"not_picked":["Shrug It Off","Perfected Strike+1"],"picked":"Immolate","floor":18},{"not_picked":["Evolve","Warcry+1"],"picked":"Iron Wave","floor":19},{"not_picked":["Body Slam+1","Perfected Strike"],"picked":"Cleave+1","floor":22},{"not_picked":["Corruption","Clash"],"picked":"Clothesline","floor":23},{"not_picked":["Twin Strike","Sword Boomerang"],"picked":"Reaper","floor":24},{"not_picked":["Shrug It Off","Second Wind"],"picked":"Metallicize","floor":27},{"not_picked":["Sever Soul","Anger"],"picked":"Ghostly Armor","floor":28},{"not_picked":["Flex","Clothesline"],"picked":"Anger+1","floor":31},{"not_picked":["Heavy Blade","Body Slam"],"picked":"Fiend Fire","floor":32}],"player_experience":28421,"relics_obtained":[{"floor":6,"key":"Ginger"},{"floor":9,"key":"Bottled Tornado"},{"floor":10,"key":"Orichalcum"},{"floor":13,"key":"Incense Burner"},{"floor":26,"key":"Bag of Preparation"},{"floor":27,"key":"Potion Belt"},{"floor":31,"key":"Dodecahedron"}],"event_choices":[{"damage_healed":0,"gold_gain":0,"player_choice":"Donut","damage_taken":0,"max_hp_gain":5,"max_hp_loss":0,"event_name":"Big Fish","floor":5,"gold_loss":0},{"damage_healed":0,"gold_gain":30,"player_choice":"Searched \u00273\u0027 times","damage_taken":0,"relics_obtained":["Lantern"],"max_hp_gain":0,"max_hp_loss":0,"event_name":"Dead Adventurer","floor":8,"gold_loss":0},{"damage_healed":0,"gold_gain":0,"player_choice":"Became a Ghost","damage_taken":0,"max_hp_gain":0,"max_hp_loss":45,"event_name":"Ghosts","floor":20,"gold_loss":0,"cards_obtained":["Ghostly","Ghostly","Ghostly","Ghostly","Ghostly"]},{"damage_healed":0,"gold_gain":0,"player_choice":"Shed Blood","damage_taken":11,"max_hp_gain":5,"max_hp_loss":0,"event_name":"Forgotten Altar","floor":25,"gold_loss":0},{"damage_healed":0,"gold_gain":0,"player_choice":"Became a vampire","damage_taken":0,"max_hp_gain":0,"max_hp_loss":16,"event_name":"Vampires","floor":30,"gold_loss":0,"cards_obtained":["Bite","Bite","Bite","Bite","Bite"]}],"is_beta":false,"boss_relics":[{"not_picked":["Snecko Eye","Mark of Pain"],"picked":"Orrery"}],"items_purged_floors":[11,21,29],"is_endless":false,"potions_floor_spawned":[2,3,13,14,18,24,31],"killed_by":"Champ","ascension_level":0}