{"gold_per_floor":[109,109,127,146,71,71,146,146,146,175,175,190,190,207,207,281,281,294,294,294,25,25,83,136,136,163,163,174,208,208,208,208,281,281,297,297,297,310,310,310,8,18,100,100,125,139,139,139,139,139],"floor_reached":51,"playtime":922,"items_purged":["Regret"],"score":1447,"play_id":"c265f868-6449-43a0-8334-1190fc3b82b6","local_time":"20190714200628","is_ascension_mode":true,"campfire_choices":[{"data":"Carnage","floor":6,"key":"SMITH"},{"data":"Bash","floor":8,"key":"SMITH"},{"data":"1","floor":11,"key":"LIFT"},{"data":"2","floor":15,"key":"LIFT"},{"data":"3","floor":27,"key":"LIFT"},{"data":"Fiend Fire","floor":30,"key":"SMITH"},{"data":"Headbutt","floor":32,"key":"SMITH"},{"data":"Double Tap","floor":40,"key":"SMITH"},{"data":"Limit Break","floor":44,"key":"SMITH"},{"floor":47,"key":"REST"},{"floor":49,"key":"REST"}],"neow_cost":"CURSE","seed_source_timestamp":279317360642047,"circlet_count":0,"master_deck":["AscendersBane","Strike_R+1","Strike_R+1","Strike_R+1","Strike_R+1","Strike_R+1","Defend_R+1","Defend_R+1","Defend_R+1","Defend_R+1","Bash+1","Carnage+1","Headbutt+1","Iron Wave+1","Fiend Fire+1","Double Tap+1","Carnage+1","Limit Break+1"],"relics":["Burning Blood","Gambling Chip","Anchor","Letter Opener","Girya","Snecko Eye","MutagenicStrength","Membership Card","Bag of Preparation","Tiny Chest","Orichalcum","Lantern","Mummified Hand","Busted Crown","ClockworkSouvenir","Pantograph","Gremlin Horn","Omamori"],"potions_floor_usage":[3,23,33,39,50],"damage_taken":[{"damage":2,"enemies":"Jaw Worm","floor":1,"turns":3},{"damage":0,"enemies":"Cultist","floor":3,"turns":2},{"damage":5,"enemies":"Small Slimes","floor":4,"turns":3},{"damage":15,"enemies":"3 Sentries","floor":10,"turns":6},{"damage":0,"enemies":"Blue Slaver","floor":12,"turns":2},{"damage":1,"enemies":"Looter","floor":14,"turns":2},{"damage":0,"enemies":"Slime Boss","floor":16,"turns":5},{"damage":1,"enemies":"3 Byrds","floor":18,"turns":4},{"damage":0,"enemies":"Book of Stabbing","floor":23,"turns":2},{"damage":0,"enemies":"Spheric Guardian","floor":28,"turns":1},{"damage":0,"enemies":"Gremlin Leader","floor":29,"turns":1},{"damage":58,"enemies":"Collector","floor":33,"turns":4},{"damage":0,"enemies":"3 Darklings","floor":35,"turns":3},{"damage":0,"enemies":"Orb Walker","floor":38,"turns":1},{"damage":0,"enemies":"4 Shapes","floor":39,"turns":1},{"damage":0,"enemies":"Spire Growth","floor":42,"turns":1},{"damage":7,"enemies":"Giant Head","floor":45,"turns":4},{"damage":0,"enemies":"Transient","floor":46,"turns":5},{"damage":31,"enemies":"Awakened One","floor":50,"turns":5}],"seed_played":"-4454798784753630159","potions_obtained":[{"floor":1,"key":"Dexterity Potion"},{"floor":3,"key":"Fruit Juice"},{"floor":14,"key":"Strength Potion"},{"floor":33,"key":"SmokeBomb"},{"floor":38,"key":"Regen Potion"},{"floor":45,"key":"Explosive Potion"},{"floor":46,"key":"SteroidPotion"}],"is_trial":false,"path_per_floor":["M","?","M","M","$","R","?","R","T","E","R","M","?","M","R","B",null,"M","?","?","$","?","E","T","$","T","R","M","E","R","?","R","B",null,"M","?","?","M","M","R","$","M","T","R","E","M","R","?","R","B",null],"character_chosen":"IRONCLAD","items_purchased":["Membership Card","Bag of Preparation","ClockworkSouvenir","Pantograph","Limit Break"],"campfire_rested":2,"item_purchase_floors":[21,21,41,41,41],"current_hp_per_floor":[72,72,80,80,80,80,69,69,69,60,60,66,66,71,71,77,79,80,80,80,80,80,80,80,80,80,80,80,80,80,80,80,28,67,73,73,73,76,76,76,76,76,76,76,75,76,76,76,76,51],"gold":139,"neow_bonus":"ONE_RARE_RELIC","is_prod":false,"is_daily":false,"chose_seed":false,"campfire_upgraded":6,"win_rate":0,"timestamp":1563102388,"path_taken":["M","?","?","M","$","R","?","R","T","E","R","M","?","?","R","BOSS","M","?","?","$","?","E","?","?","T","R","M","E","R","?","R","BOSS","M","?","?","M","?","R","?","M","T","R","E","M","R","?","R","BOSS"],"build_version":"2019-07-01","purchased_purges":1,"victory":true,"max_hp_per_floor":[75,75,80,80,80,80,80,80,80,80,80,80,80,80,80,80,80,80,80,80,80,80,80,80,80,80,80,80,80,80,80,80,80,80,80,76,76,76,76,76,76,76,76,76,76,76,76,76,76,76],"card_choices":[{"not_picked":["Fire Breathing","Pummel"],"picked":"Carnage","floor":1},{"not_picked":["Anger","Armaments","Dual Wield"],"picked":"SKIP","floor":3},{"not_picked":["Pummel","Havoc"],"picked":"Headbutt","floor":4},{"not_picked":["Anger","Carnage","Armaments"],"picked":"SKIP","floor":10},{"not_picked":["Feel No Pain","Rage"],"picked":"Iron Wave","floor":12},{"not_picked":["Headbutt","Wild Strike","Juggernaut"],"picked":"SKIP","floor":14},{"not_picked":["Dark Embrace","Double Tap"],"picked":"Fiend Fire","floor":16},{"not_picked":["Anger","Combust","Rupture"],"picked":"SKIP","floor":18},{"not_picked":["Pommel Strike","Headbutt","Body Slam"],"picked":"SKIP","floor":23},{"not_picked":["Anger","Flex","Feel No Pain"],"picked":"SKIP","floor":28},{"not_picked":["Blood for Blood","Entrench+1","Headbutt"],"picked":"SKIP","floor":29},{"not_picked":["Barricade","Reaper"],"picked":"Double Tap","floor":33},{"not_picked":["Headbutt"],"picked":"SKIP","floor":35},{"not_picked":["Dual Wield"],"picked":"SKIP","floor":38},{"not_picked":["Metallicize"],"picked":"SKIP","floor":42},{"not_picked":["Burning Pact"],"picked":"SKIP","floor":45},{"not_picked":["Second Wind+1"],"picked":"SKIP","floor":46}],"player_experience":1141361,"relics_obtained":[{"floor":2,"key":"Anchor"},{"floor":9,"key":"Letter Opener"},{"floor":10,"key":"Girya"},{"floor":23,"key":"Tiny Chest"},{"floor":24,"key":"Orichalcum"},{"floor":26,"key":"Lantern"},{"floor":29,"key":"Mummified Hand"},{"floor":43,"key":"Gremlin Horn"},{"floor":45,"key":"Omamori"}],"event_choices":[{"damage_healed":0,"gold_gain":0,"player_choice":"Relic","damage_taken":0,"max_hp_gain":0,"max_hp_loss":0,"event_name":"Wheel of Change","floor":2,"gold_loss":0},{"damage_healed":0,"gold_gain":75,"player_choice":"Gather Gold","damage_taken":11,"max_hp_gain":0,"max_hp_loss":0,"event_name":"World of Goop","floor":7,"gold_loss":0},{"damage_healed":0,"gold_gain":0,"player_choice":"Upgraded","damage_taken":0,"max_hp_gain":0,"max_hp_loss":0,"event_name":"Upgrade Shrine","floor":13,"gold_loss":0,"cards_upgraded":["Iron Wave"]},{"damage_healed":0,"gold_gain":0,"player_choice":"Simplicity","damage_taken":0,"max_hp_gain":0,"max_hp_loss":0,"event_name":"Back to Basics","floor":19,"gold_loss":0,"cards_upgraded":["Strike_R","Strike_R","Strike_R","Strike_R","Strike_R","Defend_R","Defend_R","Defend_R","Defend_R"]},{"damage_healed":0,"gold_gain":0,"player_choice":"Inject Mutagens","damage_taken":0,"relics_obtained":["MutagenicStrength"],"max_hp_gain":0,"max_hp_loss":0,"event_name":"Drug Dealer","floor":20,"gold_loss":0},{"damage_healed":0,"gold_gain":0,"player_choice":"Ignored","damage_taken":0,"max_hp_gain":0,"max_hp_loss":0,"event_name":"Vampires","floor":22,"gold_loss":0},{"damage_healed":0,"gold_gain":0,"player_choice":"Ignored","damage_taken":0,"max_hp_gain":0,"max_hp_loss":0,"event_name":"The Mausoleum","floor":31,"gold_loss":0},{"damage_healed":0,"gold_gain":0,"player_choice":"Max HP","damage_taken":0,"max_hp_gain":0,"max_hp_loss":4,"event_name":"Winding Halls","floor":36,"gold_loss":0},{"damage_healed":0,"gold_gain":0,"player_choice":"Copied","damage_taken":0,"max_hp_gain":0,"max_hp_loss":0,"event_name":"Duplicator","floor":37,"gold_loss":0,"cards_obtained":["Carnage"]},{"damage_healed":0,"gold_gain":0,"player_choice":"Memory 1","damage_taken":0,"max_hp_gain":0,"max_hp_loss":0,"event_name":"SensoryStone","floor":48,"gold_loss":0}],"is_beta":false,"boss_relics":[{"not_picked":["Philosopher\u0027s Stone","Sozu"],"picked":"Snecko Eye"},{"not_picked":["Mark of Pain","Runic Dome"],"picked":"Busted Crown"}],"items_purged_floors":[5],"is_endless":false,"potions_floor_spawned":[1,3,14,18,33,38,39,45,46],"ascension_level":15}