{"gold_per_floor":[16,31,31,47,59,87,87,102,102,102,115,40,60,93,93,168,168,168,168,168,84,84,84,84,84,84,84,84,84,84,84,84,84,84,84,0,0,0,0,0,0,0,0,0,0,0,0,0,0,0,0],"floor_reached":52,"playtime":4167,"items_purged":["Pain"],"score":2035,"play_id":"ac02f11f-5239-4c94-bd7c-121fa9ae60c1","local_time":"20190705175338","is_ascension_mode":true,"campfire_choices":[{"floor":7.0,"key":"REST"},{"floor":10.0,"key":"REST"},{"data":"Noxious Fumes","floor":15.0,"key":"SMITH"},{"floor":24,"key":"REST"},{"data":"Well Laid Plans","floor":30,"key":"SMITH"},{"data":"Footwork","floor":32,"key":"SMITH"},{"floor":41,"key":"REST"},{"floor":45,"key":"RECALL"},{"floor":49,"key":"REST"}],"neow_cost":"NO_GOLD","seed_source_timestamp":0,"circlet_count":0,"master_deck":["AscendersBane","Defend_G","Defend_G","Defend_G","Defend_G","Defend_G","Survivor","Neutralize","Choke","Blade Dance","Dodge and Roll","Deflect","Well Laid Plans+1","Outmaneuver","Deflect","Acrobatics","Noxious Fumes+1","Backflip","Cloak And Dagger","Adrenaline","Burst","Acrobatics","Footwork+1","Backflip+1","Cloak And Dagger+1","Bite","Bite","Bite","Bite","Backflip+1","Acrobatics+1","Adrenaline+1","Backflip+1","Wraith Form v2","Infinite Blades+1","Dagger Throw+1","PiercingWail+1","Bouncing Flask+1","Crippling Poison+1","Infinite Blades","Blade Dance+1","Terror+1","Backflip+1","Accuracy+1"],"special_seed":0,"relics":["Ring of the Snake","Prayer Wheel","WarpedTongs","Mercury Hourglass","Bag of Preparation","Happy Flower","Ectoplasm","Enchiridion","Toxic Egg 2","Juzu Bracelet","Bird Faced Urn","Tiny Chest","Fusion Hammer","Red Mask","Torii","Pocketwatch","Tough Bandages","Mango"],"potions_floor_usage":[23],"damage_taken":[{"damage":3.0,"enemies":"2 Louse","floor":1.0,"turns":4.0},{"damage":0.0,"enemies":"Cultist","floor":2.0,"turns":3.0},{"damage":8.0,"enemies":"Jaw Worm","floor":4.0,"turns":6.0},{"damage":6.0,"enemies":"Exordium Wildlife","floor":5.0,"turns":6.0},{"damage":23.0,"enemies":"Lagavulin","floor":6.0,"turns":9.0},{"damage":1.0,"enemies":"2 Fungi Beasts","floor":8.0,"turns":3.0},{"damage":5.0,"enemies":"Large Slime","floor":11.0,"turns":6.0},{"damage":0.0,"enemies":"3 Louse","floor":13.0,"turns":2.0},{"damage":30.0,"enemies":"Gremlin Nob","floor":14.0,"turns":6.0},{"damage":2,"enemies":"The Guardian","floor":16,"turns":12},{"damage":8,"enemies":"Spheric Guardian","floor":18,"turns":5},{"damage":23,"enemies":"Slavers","floor":23,"turns":6},{"damage":0,"enemies":"Gremlin Leader","floor":25,"turns":6},{"damage":19,"enemies":"Chosen","floor":28,"turns":6},{"damage":17,"enemies":"Slavers","floor":29,"turns":6},{"damage":1,"enemies":"Snake Plant","floor":31,"turns":3},{"damage":3,"enemies":"Champ","floor":33,"turns":12},{"damage":0,"enemies":"3 Shapes","floor":35,"turns":3},{"damage":0,"enemies":"3 Darklings","floor":37,"turns":5},{"damage":0,"enemies":"Mind Bloom Boss Battle","floor":38,"turns":5},{"damage":0,"enemies":"4 Shapes","floor":39,"turns":3},{"damage":43,"enemies":"Reptomancer","floor":40,"turns":8},{"damage":0,"enemies":"Sphere and 2 Shapes","floor":44,"turns":3},{"damage":25,"enemies":"Spire Growth","floor":46,"turns":5},{"damage":13,"enemies":"Nemesis","floor":47,"turns":7},{"damage":9,"enemies":"2 Orb Walkers","floor":48,"turns":5},{"damage":23,"enemies":"Donu and Deca","floor":50,"turns":12},{"damage":39,"enemies":"Awakened One","floor":51,"turns":18}],"seed_played":"908556972219019","potions_obtained":[{"floor":1.0,"key":"SpeedPotion"},{"floor":4.0,"key":"Poison Potion"},{"floor":5.0,"key":"GhostInAJar"},{"floor":8.0,"key":"GamblersBrew"},{"floor":13.0,"key":"Block Potion"},{"floor":18,"key":"Explosive Potion"},{"floor":23,"key":"SkillPotion"},{"floor":37,"key":"Poison Potion"}],"is_trial":false,"path_per_floor":["M","M","?","M","M","E","R","M","T","R","M","$","M","E","R","B",null,"M","?","?","$","?","E","R","E","T","?","M","E","R","M","R","B",null,"M","?","M","?","M","E","R","?","T","M","R","M","E","?","R","B","B",null],"character_chosen":"THE_SILENT","items_purchased":["Footwork"],"campfire_rested":5,"item_purchase_floors":[21],"current_hp_per_floor":[56,56,56,48,42,19,38,37,37,56,51,51,51,21,21,19,54,46,25,25,25,25,2,21,21,21,21,22,28,28,43,43,46,46,46,46,46,46,46,21,34,34,34,46,46,33,46,59,60,60,44],"gold":0,"neow_bonus":"ONE_RARE_RELIC","is_prod":false,"is_daily":false,"chose_seed":false,"campfire_upgraded":3,"win_rate":0,"timestamp":1562363618,"path_taken":["M","M","?","?","M","E","R","M","T","R","M","$","M","E","R","BOSS","M","?","?","$","?","E","R","E","T","?","M","E","R","M","R","BOSS","M","?","M","?","M","E","R","?","T","M","R","M","E","?","R","BOSS","BOSS"],"build_version":"2019-06-30","purchased_purges":1,"victory":true,"max_hp_per_floor":[66,66,66,66,66,66,66,66,66,66,66,66,66,66,66,66,66,66,66,66,66,66,66,66,66,66,46,46,46,46,46,46,46,46,46,46,46,46,46,46,46,46,46,46,46,46,46,60,60,60,60],"card_choices":[{"not_picked":["Masterful Stab","Sucker Punch"],"picked":"Choke","floor":1.0},{"not_picked":["Setup","Bane"],"picked":"Blade Dance","floor":1.0},{"not_picked":["Dagger Throw","Prepared"],"picked":"Dodge and Roll","floor":2.0},{"not_picked":["Concentrate","Slice"],"picked":"Deflect","floor":2.0},{"not_picked":["Reflex","Storm of Steel"],"picked":"Well Laid Plans","floor":4.0},{"not_picked":["Skewer","Heel Hook"],"picked":"Outmaneuver","floor":4.0},{"not_picked":["All Out Attack","Sucker Punch"],"picked":"Deflect","floor":5.0},{"not_picked":["Dagger Throw","Crippling Poison"],"picked":"Acrobatics","floor":5.0},{"not_picked":["Unload","Accuracy"],"picked":"Noxious Fumes","floor":6.0},{"not_picked":["Predator","Slice"],"picked":"Backflip","floor":8.0},{"not_picked":["Dagger Throw","Bane"],"picked":"Cloak And Dagger","floor":8.0},{"not_picked":["Caltrops","Cloak And Dagger"],"picked":"Adrenaline","floor":11.0},{"not_picked":["Dagger Spray","Underhanded Strike","Slice"],"picked":"SKIP","floor":11.0},{"not_picked":["Distraction","Dagger Spray","Setup"],"picked":"SKIP","floor":13.0},{"not_picked":["Blade Dance","Underhanded Strike","Sucker Punch"],"picked":"SKIP","floor":13.0},{"not_picked":["Crippling Poison","Quick Slash","Deadly Poison"],"picked":"SKIP","floor":14.0},{"not_picked":["Tools of the Trade","Unload"],"picked":"Burst","floor":16},{"not_picked":["Quick Slash","Deflect"],"picked":"Acrobatics","floor":18},{"not_picked":["Flying Knee","Deadly Poison","Quick Slash"],"picked":"SKIP","floor":18},{"not_picked":["PiercingWail","Dagger Throw"],"picked":"Backflip","floor":23},{"not_picked":["Tactician+1","Slice"],"picked":"Cloak And Dagger+1","floor":25},{"not_picked":["Outmaneuver+1","PiercingWail+1"],"picked":"Backflip+1","floor":28},{"not_picked":["Tools of the Trade","Endless Agony"],"picked":"Acrobatics+1","floor":28},{"not_picked":["Concentrate+1","Sucker Punch"],"picked":"Adrenaline+1","floor":29},{"not_picked":["PiercingWail+1","Bouncing Flask+1"],"picked":"Backflip+1","floor":31},{"not_picked":["Dagger Spray","Underhanded Strike","Deadly Poison+1"],"picked":"SKIP","floor":31},{"not_picked":["Doppelganger+1","Phantasmal Killer+1"],"picked":"Wraith Form v2","floor":33},{"not_picked":["Masterful Stab","Dagger Spray","Underhanded Strike+1"],"picked":"SKIP","floor":35},{"not_picked":["Poisoned Stab","Calculated Gamble+1","Crippling Poison+1"],"picked":"SKIP","floor":35},{"not_picked":["Flechettes","Underhanded Strike"],"picked":"Infinite Blades+1","floor":37},{"not_picked":["Flying Knee","Quick Slash"],"picked":"Dagger Throw+1","floor":37},{"not_picked":["Backflip+1","Sucker Punch"],"picked":"PiercingWail+1","floor":38},{"not_picked":["Slice","Masterful Stab"],"picked":"Bouncing Flask+1","floor":39},{"not_picked":["Dagger Throw+1","Terror+1"],"picked":"Crippling Poison+1","floor":39},{"not_picked":["Sucker Punch","Dagger Throw","Calculated Gamble+1"],"picked":"SKIP","floor":40},{"not_picked":["Bane","Setup+1"],"picked":"Infinite Blades","floor":44},{"not_picked":["Deflect+1","Sucker Punch"],"picked":"Blade Dance+1","floor":44},{"not_picked":["Endless Agony","Storm of Steel+1"],"picked":"Terror+1","floor":46},{"not_picked":["Sucker Punch","Prepared+1","Caltrops"],"picked":"SKIP","floor":46},{"not_picked":["Phantasmal Killer+1","Infinite Blades"],"picked":"Backflip+1","floor":47},{"not_picked":["Flying Knee+1","Noxious Fumes"],"picked":"Accuracy+1","floor":48}],"player_experience":3152048,"relics_obtained":[{"floor":6.0,"key":"Mercury Hourglass"},{"floor":9.0,"key":"Bag of Preparation"},{"floor":14.0,"key":"Happy Flower"},{"floor":19,"key":"Enchiridion"},{"floor":23,"key":"Toxic Egg 2"},{"floor":25,"key":"Juzu Bracelet"},{"floor":26,"key":"Bird Faced Urn"},{"floor":29,"key":"Tiny Chest"},{"floor":38,"key":"Torii"},{"floor":40,"key":"Pocketwatch"},{"floor":47,"key":"Tough Bandages"},{"floor":48,"key":"Mango"}],"event_choices":[{"damage_healed":0.0,"max_hp_gain":0.0,"max_hp_loss":0.0,"gold_gain":0.0,"event_name":"Accursed Blacksmith","player_choice":"Rummage","floor":3.0,"gold_loss":0.0,"damage_taken":0.0,"relics_obtained":["WarpedTongs"],"cards_obtained":["Pain"]},{"damage_healed":0,"gold_gain":0,"player_choice":"Obtained Book","damage_taken":21,"max_hp_gain":0,"max_hp_loss":0,"event_name":"Cursed Tome","floor":19,"gold_loss":0},{"damage_healed":0,"gold_gain":0,"player_choice":"Ignored","damage_taken":0,"max_hp_gain":0,"max_hp_loss":0,"event_name":"Ghosts","floor":20,"gold_loss":0},{"damage_healed":0,"gold_gain":50,"player_choice":"Stole From Cult","damage_taken":0,"max_hp_gain":0,"max_hp_loss":0,"event_name":"Nest","floor":22,"gold_loss":0},{"damage_healed":0,"gold_gain":0,"player_choice":"Became a vampire","damage_taken":0,"max_hp_gain":0,"max_hp_loss":20,"event_name":"Vampires","floor":27,"gold_loss":0,"cards_obtained":["Bite","Bite","Bite","Bite","Bite"]},{"damage_healed":0,"gold_gain":0,"player_choice":"Paid","damage_taken":0,"relics_obtained":["Red Mask"],"max_hp_gain":0,"max_hp_loss":0,"event_name":"Tomb of Lord Red Mask","floor":36,"gold_loss":84},{"damage_healed":0,"gold_gain":0,"player_choice":"Fight","damage_taken":0,"max_hp_gain":0,"max_hp_loss":0,"event_name":"MindBloom","floor":38,"gold_loss":0},{"cards_removed":["Bite"],"damage_healed":0,"gold_gain":0,"player_choice":"Removed Attack","damage_taken":0,"max_hp_gain":0,"max_hp_loss":0,"event_name":"Falling","floor":42,"gold_loss":0},{"damage_healed":0,"gold_gain":0,"player_choice":"Fight","damage_taken":0,"max_hp_gain":0,"max_hp_loss":0,"event_name":"Mysterious Sphere","floor":48,"gold_loss":0}],"is_beta":true,"boss_relics":[{"not_picked":["Pandora\u0027s Box","White Beast Statue"],"picked":"Ectoplasm"},{"not_picked":["Tiny House","Orrery"],"picked":"Fusion Hammer"}],"items_purged_floors":[12],"is_endless":false,"potions_floor_spawned":[1,4,5,8,13,18,23,37,38,40,47],"ascension_level":20}