{"gold_per_floor":[110,121,137,151,164,177,352,352,352,352,379,379,389,389,389,493,493,503,90,104,154,204],"floor_reached":22,"playtime":862,"items_purged":[],"score":235,"play_id":"ea154b06-f6e5-445d-ae10-07305a188dfc","local_time":"20190514103003","is_ascension_mode":true,"campfire_choices":[{"data":"Neutralize","floor":8,"key":"SMITH"},{"data":"Die Die Die","floor":10,"key":"SMITH"},{"floor":12,"key":"REST"},{"floor":15,"key":"REST"}],"neow_cost":"NONE","seed_source_timestamp":12853690929030,"circlet_count":0,"master_deck":["Defend_G","Defend_G","Defend_G","Defend_G","Defend_G","Strike_G","Strike_G","Strike_G","Survivor","Neutralize+1","Die Die Die+1","Leg Sweep","Flying Knee","Acrobatics","Dagger Throw","Flying Knee","Doubt","Predator","Dagger Spray","Die Die Die","Quick Slash","Well Laid Plans","Finisher","Finisher","Masterful Stab","Quick Slash","Pain"],"relics":["Ring of the Snake","Orichalcum","StoneCalendar","SsserpentHead","Empty Cage","Mummified Hand"],"potions_floor_usage":[11,11,22,22],"damage_taken":[{"damage":0,"enemies":"Small Slimes","floor":1,"turns":2},{"damage":0,"enemies":"Cultist","floor":2,"turns":4},{"damage":0,"enemies":"2 Louse","floor":3,"turns":2},{"damage":3,"enemies":"Looter","floor":4,"turns":3},{"damage":14,"enemies":"Blue Slaver","floor":5,"turns":4},{"damage":0,"enemies":"Exordium Wildlife","floor":6,"turns":4},{"damage":38,"enemies":"Lagavulin","floor":11,"turns":9},{"damage":3,"enemies":"Looter","floor":13,"turns":2},{"damage":36,"enemies":"Hexaghost","floor":16,"turns":13},{"damage":6,"enemies":"Chosen","floor":18,"turns":7},{"damage":22,"enemies":"2 Thieves","floor":20,"turns":3},{"damage":32,"enemies":"Shelled Parasite and Fungi","floor":22,"turns":5}],"seed_played":"-3948876826385007596","potions_obtained":[{"floor":1,"key":"Explosive Potion"},{"floor":5,"key":"SteroidPotion"},{"floor":6,"key":"LiquidBronze"},{"floor":11,"key":"Block Potion"},{"floor":13,"key":"SpeedPotion"}],"is_trial":false,"path_per_floor":["M","M","M","M","M","M","?","R","T","R","E","R","M","?","R","B",null,"M","$","M","?","M"],"character_chosen":"THE_SILENT","items_purchased":["Mummified Hand","Well Laid Plans","Finisher"],"campfire_rested":2,"item_purchase_floors":[19,19,19],"current_hp_per_floor":[70,70,70,67,53,53,53,53,53,53,15,36,33,33,54,18,57,51,51,29,29,0],"gold":204,"neow_bonus":"ONE_RANDOM_RARE_CARD","is_prod":false,"is_daily":false,"chose_seed":false,"campfire_upgraded":2,"win_rate":0,"timestamp":1557793803,"path_taken":["M","M","M","M","M","M","?","R","T","R","E","R","M","?","R","BOSS","M","$","M","?","?"],"build_version":"2019-01-23","purchased_purges":0,"victory":false,"max_hp_per_floor":[70,70,70,70,70,70,70,70,70,70,70,70,70,70,70,70,70,70,70,70,70,70],"card_choices":[{"not_picked":["Slice","Prepared"],"picked":"Leg Sweep","floor":1},{"not_picked":["Blade Dance","Dagger Spray"],"picked":"Flying Knee","floor":2},{"not_picked":["Outmaneuver","Escape Plan"],"picked":"Acrobatics","floor":3},{"not_picked":["Prepared","Well Laid Plans"],"picked":"Dagger Throw","floor":4},{"not_picked":["Bane","Endless Agony"],"picked":"Flying Knee","floor":5},{"not_picked":["Reflex","Eviscerate","Expertise"],"picked":"SKIP","floor":6},{"not_picked":["Dodge and Roll","Underhanded Strike"],"picked":"Predator","floor":11},{"not_picked":["Leg Sweep","Flying Knee"],"picked":"Dagger Spray","floor":13},{"not_picked":["Grand Finale","Malaise"],"picked":"Die Die Die","floor":16},{"not_picked":["Dagger Throw","Acrobatics+1"],"picked":"Quick Slash","floor":18},{"not_picked":["Terror","Bane"],"picked":"Finisher","floor":20}],"player_experience":608677,"relics_obtained":[{"floor":9,"key":"Orichalcum"},{"floor":11,"key":"StoneCalendar"}],"event_choices":[{"damage_healed":0,"gold_gain":175,"player_choice":"AGREE","damage_taken":0,"max_hp_gain":0,"max_hp_loss":0,"event_name":"Liars Game","floor":7,"gold_loss":0,"cards_obtained":["Doubt"]},{"damage_healed":0,"gold_gain":0,"player_choice":"Trade","damage_taken":0,"relics_obtained":["SsserpentHead"],"max_hp_gain":0,"max_hp_loss":0,"event_name":"FaceTrader","floor":14,"gold_loss":0},{"damage_healed":0,"gold_gain":0,"player_choice":"3 cards matched","damage_taken":0,"max_hp_gain":0,"max_hp_loss":0,"event_name":"Match and Keep!","floor":21,"gold_loss":0,"cards_obtained":["Masterful Stab","Quick Slash","Pain"]}],"is_beta":false,"boss_relics":[{"not_picked":["Coffee Dripper","Orrery"],"picked":"Empty Cage"}],"items_purged_floors":[],"is_endless":false,"potions_floor_spawned":[1,5,6,11,13,20],"killed_by":"Shelled Parasite and Fungi","ascension_level":5}