{"gold_per_floor":[114,189,206,206,206,206,241,241,241,276,288,300,69,97,97,226,226,245,245,2,0,0,14,38,38],"floor_reached":25,"playtime":2419,"items_purged":["Defend_B","Pain"],"score":242,"play_id":"5364b4ae-bba0-41b1-99e5-0cef7503edf2","local_time":"20190119085228","is_ascension_mode":true,"campfire_choices":[{"data":"Defragment","floor":6,"key":"SMITH"},{"data":"Force Field","floor":8,"key":"SMITH"},{"floor":11,"key":"REST"},{"floor":15,"key":"REST"}],"neow_cost":"NONE","seed_source_timestamp":379485171286020,"circlet_count":0,"master_deck":["Strike_B","Strike_B","Defend_B","Defend_B","Defend_B","Zap","Dualcast","Force Field+1","Defragment+1","BootSequence","Self Repair","Defragment","Impatience","Seek","Writhe","Injury","Fission","Chill"],"relics":["Cracked Core","NeowsBlessing","Golden Idol","Blue Candle","Gambling Chip","MawBank","Odd Mushroom","Calling Bell","Happy Flower","Meat on the Bone","Bird Faced Urn","Bronze Scales"],"potions_floor_usage":[16,23,24],"damage_taken":[{"damage":0,"enemies":"Cultist","floor":1,"turns":1},{"damage":0,"enemies":"Jaw Worm","floor":3,"turns":1},{"damage":0,"enemies":"Gremlin Nob","floor":7,"turns":1},{"damage":39,"enemies":"Lagavulin","floor":10,"turns":6},{"damage":17,"enemies":"The Mushroom Lair","floor":14,"turns":4},{"damage":63,"enemies":"Hexaghost","floor":16,"turns":12},{"damage":29,"enemies":"Shell Parasite","floor":18,"turns":11},{"damage":4,"enemies":"2 Thieves","floor":21,"turns":4},{"damage":6,"enemies":"Snecko","floor":23,"turns":6},{"damage":25,"enemies":"Cultist and Chosen","floor":24,"turns":7},{"damage":21,"enemies":"3 Cultists","floor":25,"turns":5}],"seed_played":"-6900104666814867356","potions_obtained":[{"floor":1,"key":"SpeedPotion"},{"floor":10,"key":"Weak Potion"},{"floor":16,"key":"Block Potion"},{"floor":18,"key":"Block Potion"}],"is_trial":false,"path_per_floor":["M","?","M","?","?","R","E","R","T","E","R","?","$","?","R","B",null,"M","?","$","M","?","M","M","M"],"character_chosen":"DEFECT","items_purchased":["Defragment","Impatience","Bronze Scales"],"campfire_rested":2,"item_purchase_floors":[13,13,20],"current_hp_per_floor":[75,64,64,46,71,71,71,71,71,32,54,54,54,44,66,10,75,56,56,56,65,85,85,68,53],"gold":38,"neow_bonus":"THREE_ENEMY_KILL","is_prod":false,"is_daily":false,"chose_seed":false,"campfire_upgraded":2,"win_rate":0,"timestamp":1547909548,"path_taken":["M","?","M","?","?","R","E","R","T","E","R","?","$","?","R","BOSS","M","?","$","M","?","M","M","M"],"build_version":"2019-01-17v2","purchased_purges":2,"victory":false,"max_hp_per_floor":[75,75,75,75,75,75,75,75,75,75,75,75,75,75,75,75,75,75,75,75,75,85,85,85,85],"card_choices":[{"not_picked":["Streamline","Leap"],"picked":"Force Field","floor":1},{"not_picked":["Hologram","Static Discharge"],"picked":"Defragment","floor":3},{"not_picked":["Storm","Double Energy"],"picked":"BootSequence","floor":7},{"not_picked":["Ball Lightning","Fusion"],"picked":"Self Repair","floor":10},{"not_picked":["All For One","Fission"],"picked":"Seek","floor":16},{"not_picked":["Hologram","Coolheaded","Steam"],"picked":"SKIP","floor":18},{"not_picked":["Beam Cell+1","Rebound+1","Melter+1"],"picked":"SKIP","floor":21},{"not_picked":["Compile Driver+1","Consume","Hello World"],"picked":"SKIP","floor":23},{"not_picked":["Doom and Gloom","Barrage+1"],"picked":"Chill","floor":24}],"player_experience":319395,"relics_obtained":[{"floor":7,"key":"Blue Candle"},{"floor":9,"key":"Gambling Chip"},{"floor":10,"key":"MawBank"},{"floor":14,"key":"Odd Mushroom"},{"floor":17,"key":"Happy Flower"},{"floor":17,"key":"Meat on the Bone"},{"floor":17,"key":"Bird Faced Urn"}],"event_choices":[{"damage_healed":0,"gold_gain":75,"player_choice":"Gather Gold","damage_taken":11,"max_hp_gain":0,"max_hp_loss":0,"event_name":"World of Goop","floor":2,"gold_loss":0},{"damage_healed":0,"gold_gain":0,"player_choice":"Take Damage","damage_taken":18,"relics_obtained":["Golden Idol"],"max_hp_gain":0,"max_hp_loss":0,"event_name":"Golden Idol","floor":4,"gold_loss":0},{"damage_healed":25,"gold_gain":0,"player_choice":"Banana","damage_taken":0,"max_hp_gain":0,"max_hp_loss":0,"event_name":"Big Fish","floor":5,"gold_loss":0},{"damage_healed":0,"gold_gain":0,"player_choice":"Ignored","damage_taken":0,"max_hp_gain":0,"max_hp_loss":0,"event_name":"Shining Light","floor":12,"gold_loss":0},{"damage_healed":0,"gold_gain":0,"player_choice":"Fought Mushrooms","damage_taken":0,"max_hp_gain":0,"max_hp_loss":0,"event_name":"Mushrooms","floor":14,"gold_loss":0},{"damage_healed":0,"gold_gain":0,"cards_transformed":["Strike_B","Strike_B"],"player_choice":"Became Test Subject","damage_taken":0,"max_hp_gain":0,"max_hp_loss":0,"event_name":"Drug Dealer","floor":19,"gold_loss":0,"cards_obtained":["Fission","Fission"]},{"cards_removed":["Fission"],"damage_healed":10,"gold_gain":0,"player_choice":"Offered Rare","damage_taken":0,"max_hp_gain":10,"max_hp_loss":0,"event_name":"Bonfire Elementals","floor":22,"gold_loss":0}],"is_beta":false,"boss_relics":[{"not_picked":["Velvet Choker","Sozu"],"picked":"Calling Bell"}],"items_purged_floors":[13,20],"is_endless":false,"potions_floor_spawned":[1,10,16,18],"killed_by":"3 Cultists","ascension_level":1}