{"gold_per_floor":[114,126,142,159,159,159,176,176,176,176,208,208],"floor_reached":12,"playtime":482,"items_purged":[],"score":117,"play_id":"8d7cceaa-60f2-4048-a89d-d287e4a8dfe2","local_time":"20190119223154","is_ascension_mode":true,"campfire_choices":[{"data":"Flame Barrier","floor":6,"key":"SMITH"},{"data":"Body Slam","floor":10,"key":"SMITH"}],"neow_cost":"NONE","seed_source_timestamp":214299981147486,"circlet_count":0,"master_deck":["Strike_R+1","Strike_R","Strike_R+1","Strike_R","Strike_R","Defend_R","Defend_R","Defend_R","Defend_R","Bash","Warcry","Berserk","Flame Barrier+1","Regret","Body Slam+1"],"relics":["Burning Blood","Art of War","Bottled Tornado","Pear"],"potions_floor_usage":[11,11,12],"damage_taken":[{"damage":8,"enemies":"Jaw Worm","floor":1,"turns":5},{"damage":0,"enemies":"2 Louse","floor":2,"turns":3},{"damage":10,"enemies":"Small Slimes","floor":3,"turns":4},{"damage":23,"enemies":"Gremlin Gang","floor":4,"turns":7},{"damage":15,"enemies":"Lots of Slimes","floor":7,"turns":4},{"damage":39,"enemies":"3 Sentries","floor":11,"turns":8},{"damage":29,"enemies":"Exordium Wildlife","floor":12,"turns":3}],"seed_played":"-4345925884337431287","potions_obtained":[{"floor":2,"key":"SkillPotion"},{"floor":4,"key":"GamblersBrew"},{"floor":11,"key":"SkillPotion"}],"is_trial":false,"path_per_floor":["M","M","M","M","?","R","M","?","T","R","E","M"],"character_chosen":"IRONCLAD","items_purchased":[],"campfire_rested":0,"item_purchase_floors":[],"current_hp_per_floor":[86,88,84,67,67,67,58,40,40,40,17,0],"gold":208,"neow_bonus":"TEN_PERCENT_HP_BONUS","is_prod":false,"is_daily":false,"chose_seed":false,"campfire_upgraded":2,"win_rate":0,"timestamp":1547955114,"path_taken":["M","M","M","M","?","R","M","?","T","R","E","M"],"build_version":"2019-01-17v2","purchased_purges":0,"victory":false,"max_hp_per_floor":[88,88,88,88,88,88,88,88,88,88,98,98],"card_choices":[{"not_picked":["Flex","Sword Boomerang"],"picked":"Warcry","floor":1},{"not_picked":["Thunderclap","Shockwave","Flex"],"picked":"SKIP","floor":2},{"not_picked":["Twin Strike","True Grit"],"picked":"Berserk","floor":3},{"not_picked":["Twin Strike","Sever Soul"],"picked":"Flame Barrier","floor":4},{"not_picked":["Flex","Warcry"],"picked":"Body Slam","floor":7},{"not_picked":["Thunderclap","Heavy Blade","Twin Strike"],"picked":"SKIP","floor":11}],"player_experience":93695,"relics_obtained":[{"floor":9,"key":"Bottled Tornado"},{"floor":11,"key":"Pear"}],"event_choices":[{"damage_healed":0,"gold_gain":0,"player_choice":"Box","damage_taken":0,"relics_obtained":["Art of War"],"max_hp_gain":0,"max_hp_loss":0,"event_name":"Big Fish","floor":5,"gold_loss":0,"cards_obtained":["Regret"]},{"damage_healed":0,"gold_gain":0,"player_choice":"Entered Light","damage_taken":18,"max_hp_gain":0,"max_hp_loss":0,"event_name":"Shining Light","floor":8,"gold_loss":0,"cards_upgraded":["Strike_R","Strike_R"]}],"is_beta":false,"boss_relics":[],"items_purged_floors":[],"is_endless":false,"potions_floor_spawned":[2,4,11],"killed_by":"Exordium Wildlife","ascension_level":3}