{"gold_per_floor":[119,136,136,154,165,165,199,209,234,234,50,50,50],"floor_reached":13,"playtime":1925,"items_purged":[],"score":85,"play_id":"2a972b7d-aac1-46a2-b552-8682ea87ca7f","local_time":"20190704202359","is_ascension_mode":false,"campfire_choices":[{"data":"Reprogram","floor":6,"key":"SMITH"}],"neow_cost":"NONE","seed_source_timestamp":3501047500100,"circlet_count":0,"master_deck":["Strike_B","Strike_B","Strike_B+1","Strike_B","Defend_B","Defend_B","Defend_B+1","Defend_B","Zap","Dualcast","Redo","Reprogram+1","Doom and Gloom","Tempest","Capacitor","Leap+1","Skim"],"relics":["Cracked Core","Peace Pipe","Strawberry","Anchor"],"potions_floor_usage":[13,13],"damage_taken":[{"damage":3,"enemies":"Small Slimes","floor":1,"turns":3},{"damage":0,"enemies":"2 Louse","floor":2,"turns":3},{"damage":0,"enemies":"Cultist","floor":4,"turns":3},{"damage":0,"enemies":"Exordium Wildlife","floor":5,"turns":2},{"damage":34,"enemies":"Gremlin Nob","floor":7,"turns":4},{"damage":10,"enemies":"2 Fungi Beasts","floor":8,"turns":5},{"damage":29,"enemies":"Lagavulin","floor":13,"turns":5}],"seed_played":"-8886318041980756681","potions_obtained":[{"floor":2,"key":"GamblersBrew"},{"floor":7,"key":"SpeedPotion"},{"floor":8,"key":"SpeedPotion"}],"is_trial":false,"path_per_floor":["M","M","?","M","M","R","E","M","T","?","$","?","E"],"character_chosen":"DEFECT","items_purchased":["Skim","Anchor"],"campfire_rested":0,"item_purchase_floors":[11,11],"current_hp_per_floor":[79,79,63,63,63,63,29,19,26,26,26,26,0],"gold":50,"neow_bonus":"TEN_PERCENT_HP_BONUS","is_prod":false,"is_daily":false,"chose_seed":false,"campfire_upgraded":1,"win_rate":0.0,"timestamp":1562261039,"path_taken":["M","M","?","M","M","R","E","M","T","?","$","?","E"],"build_version":"2019-07-01","purchased_purges":0,"victory":false,"max_hp_per_floor":[82,82,82,82,82,82,82,82,89,89,89,89,89],"card_choices":[{"not_picked":["Conserve Battery","Barrage"],"picked":"Redo","floor":1},{"not_picked":["Steam","Defragment"],"picked":"Reprogram","floor":2},{"not_picked":["Rip and Tear","Redo"],"picked":"Doom and Gloom","floor":4},{"not_picked":["Conserve Battery","Storm"],"picked":"Tempest","floor":5},{"not_picked":["Static Discharge","Fusion"],"picked":"Capacitor","floor":7},{"not_picked":["Compile Driver","Streamline"],"picked":"Leap","floor":8}],"player_experience":74036,"relics_obtained":[{"floor":7,"key":"Peace Pipe"},{"floor":9,"key":"Strawberry"}],"event_choices":[{"damage_healed":0,"gold_gain":0,"player_choice":"Entered Light","damage_taken":16,"max_hp_gain":0,"max_hp_loss":0,"event_name":"Shining Light","floor":3,"gold_loss":0,"cards_upgraded":["Strike_B","Defend_B"]},{"damage_healed":0,"gold_gain":0,"player_choice":"Grow","damage_taken":0,"max_hp_gain":0,"max_hp_loss":0,"event_name":"Living Wall","floor":10,"gold_loss":0,"cards_upgraded":["Leap"]},{"damage_healed":0,"gold_gain":0,"player_choice":"Ignored","damage_taken":0,"max_hp_gain":0,"max_hp_loss":0,"event_name":"Golden Idol","floor":12,"gold_loss":0}],"is_beta":false,"boss_relics":[],"items_purged_floors":[],"is_endless":false,"potions_floor_spawned":[2,7,8],"killed_by":"Lagavulin","ascension_level":0}