{"gold_per_floor":[119,130,146,146,157,185,185,35,81,81,8,34,44,74,74,179,179,195,195,157,20,119,119,152,152,179,195,195,195,207,207,207,207],"floor_reached":33,"playtime":969,"items_purged":[],"score":351,"play_id":"194e9498-ec80-40d8-abcc-52861948e72b","local_time":"20190516091059","is_ascension_mode":true,"campfire_choices":[{"floor":7,"key":"REST"},{"data":"Bash","floor":10,"key":"SMITH"},{"floor":15,"key":"REST"},{"floor":23,"key":"REST"},{"floor":25,"key":"REST"},{"floor":32,"key":"REST"}],"neow_cost":"NONE","seed_source_timestamp":52479342602806,"circlet_count":0,"master_deck":["Strike_R","Strike_R","Strike_R","Strike_R","Strike_R","Defend_R","Defend_R","Defend_R","Defend_R","Bash+1","Rampage","Heavy Blade","Rampage","Headbutt","Spot Weakness","Power Through","Cleave","Carnage","Barricade","True Grit","Power Through","Wild Strike","Burning Pact","Clothesline","Feel No Pain","Impervious","Twin Strike","Metallicize+1","Body Slam+1"],"relics":["Burning Blood","Ancient Tea Set","Red Skull","Oddly Smooth Stone","Omamori","Peace Pipe","Pen Nib","Orrery","Mummified Hand","Smiling Mask","Letter Opener","Nloth\u0027s Gift"],"potions_floor_usage":[12,12,19,24,27,33,33],"damage_taken":[{"damage":3,"enemies":"2 Louse","floor":1,"turns":3},{"damage":6,"enemies":"Cultist","floor":2,"turns":3},{"damage":18,"enemies":"Jaw Worm","floor":3,"turns":4},{"damage":16,"enemies":"2 Fungi Beasts","floor":5,"turns":4},{"damage":53,"enemies":"Lagavulin","floor":6,"turns":8},{"damage":14,"enemies":"3 Sentries","floor":12,"turns":5},{"damage":16,"enemies":"Looter","floor":13,"turns":3},{"damage":12,"enemies":"Lagavulin","floor":14,"turns":6},{"damage":23,"enemies":"The Guardian","floor":16,"turns":7},{"damage":50,"enemies":"Spheric Guardian","floor":18,"turns":9},{"damage":13,"enemies":"Colosseum Slavers","floor":19,"turns":4},{"damage":29,"enemies":"Slavers","floor":24,"turns":6},{"damage":27,"enemies":"3 Byrds","floor":27,"turns":6},{"damage":18,"enemies":"3 Cultists","floor":30,"turns":6},{"damage":52,"enemies":"Automaton","floor":33,"turns":6}],"seed_played":"9146074687464401935","potions_obtained":[{"floor":1,"key":"Regen Potion"},{"floor":3,"key":"LiquidBronze"},{"floor":5,"key":"SpeedPotion"},{"floor":14,"key":"Dexterity Potion"},{"floor":16,"key":"AttackPotion"},{"floor":24,"key":"Poison Potion"},{"floor":27,"key":"SneckoOil"}],"is_trial":false,"path_per_floor":["M","M","M","?","M","E","R","$","T","R","$","E","M","E","R","B",null,"M","?","$","$","?","R","E","R","T","M","?","?","M","?","R","B"],"character_chosen":"IRONCLAD","items_purchased":["Oddly Smooth Stone","Spot Weakness","Feel No Pain","Impervious"],"campfire_rested":5,"item_purchase_floors":[8,11,20,21],"current_hp_per_floor":[80,80,68,68,58,11,35,35,35,35,35,41,31,25,49,32,68,24,17,17,17,17,41,18,42,42,21,21,21,9,9,33,0],"gold":207,"neow_bonus":"RANDOM_COMMON_RELIC","is_prod":false,"is_daily":false,"chose_seed":false,"campfire_upgraded":1,"win_rate":0,"timestamp":1557961859,"path_taken":["M","M","M","?","M","E","R","?","T","R","$","E","M","E","R","BOSS","M","?","?","$","?","R","E","R","T","M","?","?","?","?","R","BOSS"],"build_version":"2019-01-23","purchased_purges":0,"victory":false,"max_hp_per_floor":[80,80,80,80,80,80,80,80,80,80,80,80,80,80,80,80,80,80,80,80,80,80,80,80,80,80,80,80,80,80,80,80,80],"card_choices":[{"not_picked":["Flex","Headbutt"],"picked":"Rampage","floor":1},{"not_picked":["Pummel","Combust"],"picked":"Body Slam","floor":2},{"not_picked":["Sword Boomerang","Pummel"],"picked":"Heavy Blade","floor":3},{"not_picked":["Perfected Strike","Reckless Charge"],"picked":"Rampage","floor":5},{"not_picked":["Thunderclap","Juggernaut"],"picked":"Headbutt","floor":6},{"not_picked":["Seeing Red","Perfected Strike"],"picked":"Power Through","floor":12},{"not_picked":["Armaments","Anger"],"picked":"Cleave","floor":13},{"not_picked":["Twin Strike","Cleave"],"picked":"Carnage","floor":14},{"not_picked":["Reaper","Offering"],"picked":"Barricade","floor":16},{"not_picked":["Bloodletting","Armaments"],"picked":"True Grit","floor":17},{"not_picked":["Reckless Charge","Clothesline"],"picked":"Power Through","floor":17},{"not_picked":["Thunderclap","Hemokinesis"],"picked":"Wild Strike","floor":17},{"not_picked":["Perfected Strike","Iron Wave"],"picked":"Burning Pact","floor":17},{"not_picked":["Pommel Strike","Thunderclap"],"picked":"Clothesline","floor":18},{"not_picked":["Feed","Heavy Blade"],"picked":"Twin Strike","floor":24},{"not_picked":["Dual Wield","Sentinel"],"picked":"Metallicize+1","floor":27},{"not_picked":["Whirlwind+1","Clash+1"],"picked":"Body Slam+1","floor":30}],"player_experience":622547,"relics_obtained":[{"floor":6,"key":"Red Skull"},{"floor":9,"key":"Omamori"},{"floor":12,"key":"Peace Pipe"},{"floor":14,"key":"Pen Nib"},{"floor":24,"key":"Mummified Hand"},{"floor":26,"key":"Smiling Mask"}],"event_choices":[{"cards_removed":["Body Slam"],"damage_healed":0,"gold_gain":0,"player_choice":"Gave Card","damage_taken":0,"relics_obtained":["Blue Candle"],"max_hp_gain":0,"max_hp_loss":0,"event_name":"WeMeetAgain","floor":4,"gold_loss":0},{"damage_healed":0,"gold_gain":0,"player_choice":"Fight","damage_taken":0,"max_hp_gain":0,"max_hp_loss":0,"event_name":"Colosseum","floor":19,"gold_loss":0},{"damage_healed":0,"gold_gain":0,"player_choice":"Fled From Nobs","damage_taken":0,"max_hp_gain":0,"max_hp_loss":0,"event_name":"Colosseum","floor":19,"gold_loss":0},{"damage_healed":0,"gold_gain":99,"player_choice":"Stole From Cult","damage_taken":0,"max_hp_gain":0,"max_hp_loss":0,"event_name":"Nest","floor":22,"gold_loss":0},{"damage_healed":0,"gold_gain":0,"player_choice":"Opened","damage_taken":0,"relics_obtained":["Letter Opener"],"max_hp_gain":0,"max_hp_loss":0,"event_name":"The Mausoleum","floor":28,"gold_loss":0},{"damage_healed":0,"gold_gain":0,"player_choice":"Traded Relic","damage_taken":0,"relics_obtained":["Nloth\u0027s Gift"],"max_hp_gain":0,"max_hp_loss":0,"event_name":"N\u0027loth","floor":29,"relics_lost":["Blue Candle"],"gold_loss":0},{"damage_healed":0,"gold_gain":0,"player_choice":"Smashed Altar","damage_taken":0,"max_hp_gain":0,"max_hp_loss":0,"event_name":"Forgotten Altar","floor":31,"gold_loss":0,"cards_obtained":["Decay"]}],"is_beta":false,"boss_relics":[{"not_picked":["Sozu","Runic Dome"],"picked":"Orrery"}],"items_purged_floors":[],"is_endless":false,"potions_floor_spawned":[1,3,5,14,16,18,24,27],"killed_by":"Automaton","ascension_level":5}