{"gold_per_floor":[118,133,133,133,154,154,187,187,239,239,253,253,218,254,254,382,382,398,20,20,20,20,20,59,2,28,67,67,67,67,87,87,87],"floor_reached":33,"playtime":1008,"items_purged":[],"score":462,"play_id":"427d6b4d-e994-421e-905c-818a703e0dfb","local_time":"20190601214137","is_ascension_mode":true,"campfire_choices":[{"floor":6,"key":"REST"},{"floor":8,"key":"REST"},{"data":"Sucker Punch","floor":10,"key":"SMITH"},{"floor":15,"key":"REST"},{"floor":23,"key":"REST"},{"floor":29,"key":"REST"},{"data":"Shame","floor":32,"key":"PURGE"}],"neow_cost":"NONE","seed_source_timestamp":11468087852344,"circlet_count":0,"master_deck":["Defend_G","Defend_G","Defend_G","Defend_G+1","Strike_G+1","Survivor","Neutralize","Sucker Punch+1","Leg Sweep","Injury","Poisoned Stab","Blade Dance","Deadly Poison","Grand Finale","Bullet Time","Glass Knife","Adrenaline+1","Corpse Explosion+1","Quick Slash+1","Masterful Stab","Masterful Stab","Blade Dance","RitualDagger","Accuracy+1","Dodge and Roll","Ghostly","Ghostly","Ghostly","Ghostly","Ghostly","Poisoned Stab+1"],"relics":["Ring of the Snake","Golden Idol","Blood Vial","Juzu Bracelet","Letter Opener","Astrolabe","Peace Pipe","Enchiridion","Pocketwatch","Pantograph","Ancient Tea Set","Blue Candle","Paper Crane"],"potions_floor_usage":[7,7,14,18],"damage_taken":[{"damage":0,"enemies":"Cultist","floor":1,"turns":4},{"damage":7,"enemies":"Jaw Worm","floor":2,"turns":4},{"damage":0,"enemies":"Small Slimes","floor":5,"turns":3},{"damage":38,"enemies":"3 Sentries","floor":7,"turns":12},{"damage":4,"enemies":"Red Slaver","floor":11,"turns":5},{"damage":22,"enemies":"Lagavulin","floor":14,"turns":6},{"damage":59,"enemies":"The Guardian","floor":16,"turns":13},{"damage":20,"enemies":"Shell Parasite","floor":18,"turns":6},{"damage":11,"enemies":"Slavers","floor":24,"turns":2},{"damage":0,"enemies":"Gremlin Leader","floor":27,"turns":4},{"damage":1,"enemies":"Spheric Guardian","floor":31,"turns":4},{"damage":43,"enemies":"Automaton","floor":33,"turns":6}],"seed_played":"-3698172191386566533","potions_obtained":[{"floor":0,"key":"SteroidPotion"},{"floor":0,"key":"GamblersBrew"},{"floor":0,"key":"SmokeBomb"},{"floor":1,"key":"SkillPotion"},{"floor":16,"key":"Block Potion"},{"floor":27,"key":"Poison Potion"},{"floor":31,"key":"SmokeBomb"}],"is_trial":false,"path_per_floor":["M","M","?","?","M","R","E","R","T","R","M","?","?","E","R","B",null,"M","$","?","?","?","R","E","?","T","E","?","R","?","M","R","B"],"character_chosen":"THE_SILENT","items_purchased":["Masterful Stab","Peace Pipe"],"campfire_rested":5,"item_purchase_floors":[19,19],"current_hp_per_floor":[63,56,42,42,42,63,25,46,46,46,44,44,61,41,62,5,54,36,36,36,30,14,35,26,26,26,28,28,35,35,34,34,0],"gold":87,"neow_bonus":"THREE_SMALL_POTIONS","is_prod":false,"is_daily":false,"chose_seed":false,"campfire_upgraded":1,"win_rate":0,"timestamp":1559389297,"path_taken":["M","M","?","?","M","R","E","R","T","R","M","?","?","E","R","BOSS","M","$","?","?","?","R","E","?","T","E","?","R","?","M","R","BOSS"],"build_version":"2019-01-23","purchased_purges":0,"victory":false,"max_hp_per_floor":[70,70,70,70,70,70,70,70,70,70,70,70,70,70,70,70,70,70,70,70,70,70,70,70,70,70,70,35,35,35,35,35,35],"card_choices":[{"not_picked":["Prepared","Accuracy"],"picked":"Sucker Punch","floor":1},{"not_picked":["Choke","All Out Attack"],"picked":"Leg Sweep","floor":2},{"not_picked":["Deflect","Prepared"],"picked":"Poisoned Stab","floor":5},{"not_picked":["Slice","Terror"],"picked":"Blade Dance","floor":7},{"not_picked":["Setup","Dodge and Roll"],"picked":"Deadly Poison","floor":11},{"not_picked":["Tactician","Flying Knee"],"picked":"Bullet Time","floor":14},{"not_picked":["Bullet Time","Phantasmal Killer"],"picked":"Glass Knife","floor":16},{"not_picked":["Deflect","Catalyst"],"picked":"Quick Slash+1","floor":18},{"not_picked":["Underhanded Strike","Prepared"],"picked":"Accuracy+1","floor":24},{"not_picked":["Underhanded Strike","Predator"],"picked":"Dodge and Roll","floor":27},{"not_picked":["Deflect","Grand Finale"],"picked":"Poisoned Stab+1","floor":31}],"player_experience":778771,"relics_obtained":[{"floor":7,"key":"Blood Vial"},{"floor":9,"key":"Juzu Bracelet"},{"floor":14,"key":"Letter Opener"},{"floor":22,"key":"Enchiridion"},{"floor":24,"key":"Pocketwatch"},{"floor":26,"key":"Ancient Tea Set"},{"floor":27,"key":"Blue Candle"}],"event_choices":[{"damage_healed":0,"gold_gain":0,"player_choice":"Entered Light","damage_taken":14,"max_hp_gain":0,"max_hp_loss":0,"event_name":"Shining Light","floor":3,"gold_loss":0,"cards_upgraded":["Strike_G","Defend_G"]},{"damage_healed":0,"gold_gain":0,"player_choice":"Take Wound","damage_taken":0,"relics_obtained":["Golden Idol"],"max_hp_gain":0,"max_hp_loss":0,"event_name":"Golden Idol","floor":4,"gold_loss":0,"cards_obtained":["Injury"]},{"damage_healed":0,"gold_gain":0,"cards_transformed":["Strike_G"],"player_choice":"Transformed","damage_taken":0,"max_hp_gain":0,"max_hp_loss":0,"event_name":"Transmorgrifier","floor":12,"gold_loss":0,"cards_obtained":["Grand Finale"]},{"damage_healed":17,"gold_gain":0,"player_choice":"Healed","damage_taken":0,"max_hp_gain":0,"max_hp_loss":0,"event_name":"The Cleric","floor":13,"gold_loss":35},{"damage_healed":0,"gold_gain":0,"cards_transformed":["Terror","Defend_G"],"player_choice":"Became Test Subject","damage_taken":0,"max_hp_gain":0,"max_hp_loss":0,"event_name":"Drug Dealer","floor":20,"gold_loss":0,"cards_obtained":["Masterful Stab","Blade Dance"]},{"damage_healed":0,"gold_gain":0,"player_choice":"Joined the Cult","damage_taken":6,"max_hp_gain":0,"max_hp_loss":0,"event_name":"Nest","floor":21,"gold_loss":0,"cards_obtained":["RitualDagger"]},{"damage_healed":0,"gold_gain":0,"player_choice":"Obtained Book","damage_taken":16,"max_hp_gain":0,"max_hp_loss":0,"event_name":"Cursed Tome","floor":22,"gold_loss":0},{"damage_healed":0,"gold_gain":0,"player_choice":"Paid Gold","damage_taken":0,"relics_obtained":["Pantograph"],"max_hp_gain":0,"max_hp_loss":0,"event_name":"WeMeetAgain","floor":25,"gold_loss":57},{"damage_healed":0,"gold_gain":0,"player_choice":"Became a Ghost","damage_taken":0,"max_hp_gain":0,"max_hp_loss":35,"event_name":"Ghosts","floor":28,"gold_loss":0,"cards_obtained":["Ghostly","Ghostly","Ghostly","Ghostly","Ghostly"]},{"damage_healed":0,"gold_gain":0,"player_choice":"Stole Relic","damage_taken":0,"relics_obtained":["Paper Crane"],"max_hp_gain":0,"max_hp_loss":0,"event_name":"Addict","floor":30,"gold_loss":0,"cards_obtained":["Shame"]}],"is_beta":false,"boss_relics":[{"not_picked":["Philosopher\u0027s Stone","Coffee Dripper"],"picked":"Astrolabe"}],"items_purged_floors":[],"is_endless":false,"potions_floor_spawned":[1,16,27,31],"killed_by":"Automaton","ascension_level":8}