{"gold_per_floor":[112,112,126,126,139,139,139,153,153,173,207,207,257,276,276,276],"floor_reached":16,"playtime":508,"items_purged":[],"score":179,"play_id":"6cd3e2a2-bb77-4b01-b3ad-5717c2bf71b7","local_time":"20190713173451","is_ascension_mode":true,"campfire_choices":[{"data":"Inflame","floor":6,"key":"SMITH"},{"data":"Whirlwind","floor":12,"key":"SMITH"},{"floor":15,"key":"DIG"}],"neow_cost":"NONE","seed_source_timestamp":184236353764190,"circlet_count":0,"master_deck":["AscendersBane","Strike_R","Strike_R","Strike_R","Strike_R","Defend_R","Defend_R","Defend_R","Defend_R","Bash","Feel No Pain","Warcry","Inflame+1","Twin Strike","Metallicize","Whirlwind+1","Flame Barrier"],"relics":["Burning Blood","Bag of Marbles","Golden Idol","Shovel","Du-Vu Doll","Happy Flower","Matryoshka"],"potions_floor_usage":[5,10,11,16],"damage_taken":[{"damage":12,"enemies":"Jaw Worm","floor":1,"turns":3},{"damage":8,"enemies":"Cultist","floor":3,"turns":4},{"damage":12,"enemies":"Small Slimes","floor":5,"turns":4},{"damage":29,"enemies":"Gremlin Gang","floor":8,"turns":5},{"damage":18,"enemies":"Large Slime","floor":10,"turns":8},{"damage":13,"enemies":"Gremlin Nob","floor":11,"turns":3},{"damage":0,"enemies":"2 Fungi Beasts","floor":14,"turns":1},{"damage":33,"enemies":"Hexaghost","floor":16,"turns":9}],"seed_played":"2447322512283460021","potions_obtained":[{"floor":1,"key":"Regen Potion"},{"floor":8,"key":"SteroidPotion"},{"floor":10,"key":"GamblersBrew"},{"floor":11,"key":"Weak Potion"}],"is_trial":false,"path_per_floor":["M","?","M","?","M","R","T","M","T","M","E","R","?","M","R","B"],"character_chosen":"IRONCLAD","items_purchased":[],"campfire_rested":0,"item_purchase_floors":[],"current_hp_per_floor":[62,62,60,60,66,66,66,43,43,31,24,24,24,30,30,0],"gold":276,"neow_bonus":"RANDOM_COMMON_RELIC","is_prod":false,"is_daily":false,"chose_seed":false,"campfire_upgraded":2,"win_rate":0,"timestamp":1563006891,"path_taken":["M","?","M","?","M","R","?","?","T","M","E","R","?","M","R","BOSS"],"build_version":"2019-07-01","purchased_purges":0,"victory":false,"max_hp_per_floor":[75,75,75,68,68,68,68,68,68,68,68,68,68,68,68,68],"card_choices":[{"not_picked":["Power Through","Wild Strike"],"picked":"Feel No Pain","floor":1},{"not_picked":["Sword Boomerang","Hemokinesis"],"picked":"Inflame","floor":3},{"not_picked":["Armaments","Perfected Strike"],"picked":"Twin Strike","floor":5},{"not_picked":["Havoc","Dual Wield"],"picked":"Metallicize","floor":8},{"not_picked":["Cleave","Clothesline"],"picked":"Whirlwind","floor":10},{"not_picked":["Iron Wave","Ghostly Armor"],"picked":"Flame Barrier","floor":11},{"not_picked":["Inflame","Clothesline","Twin Strike"],"picked":"SKIP","floor":14}],"player_experience":1121269,"relics_obtained":[{"floor":7,"key":"Shovel"},{"floor":9,"key":"Du-Vu Doll"},{"floor":11,"key":"Happy Flower"},{"floor":15,"key":"Matryoshka"}],"event_choices":[{"damage_healed":0,"gold_gain":0,"cards_transformed":["Strike_R"],"player_choice":"Change","damage_taken":0,"max_hp_gain":0,"max_hp_loss":0,"event_name":"Living Wall","floor":2,"gold_loss":0,"cards_obtained":["Warcry"]},{"damage_healed":0,"gold_gain":0,"player_choice":"Lose Max HP","damage_taken":0,"relics_obtained":["Golden Idol"],"max_hp_gain":0,"max_hp_loss":7,"event_name":"Golden Idol","floor":4,"gold_loss":0},{"damage_healed":0,"gold_gain":50,"player_choice":"Pray","damage_taken":0,"max_hp_gain":0,"max_hp_loss":0,"event_name":"Golden Shrine","floor":13,"gold_loss":0}],"is_beta":false,"boss_relics":[],"items_purged_floors":[],"is_endless":false,"potions_floor_spawned":[1,8,10,11],"killed_by":"Hexaghost","ascension_level":15}