{"gold_per_floor":[111,122,187,13,0,13,13,43,66,66,66,86,112,128,128,232,232,232,27,27,27,27,27,27,27,27,27,27,27,27,27,27,27,27,27,27,27,27,27,27,27,27,27,27,27,27,27,27,27,27],"floor_reached":51,"playtime":12241,"items_purged":[],"score":703,"play_id":"58c67c0d-aa30-4d54-a89d-ba3f9c0f328f","local_time":"20190704002846","is_ascension_mode":false,"campfire_choices":[{"data":"Noxious Fumes","floor":7.0,"key":"SMITH"},{"data":"Poisoned Stab","floor":10.0,"key":"SMITH"},{"floor":15.0,"key":"REST"},{"floor":24.0,"key":"REST"},{"floor":32.0,"key":"REST"},{"data":"Tools of the Trade","floor":41.0,"key":"SMITH"},{"floor":46.0,"key":"REST"},{"floor":49.0,"key":"REST"}],"neow_cost":"NONE","seed_source_timestamp":0,"circlet_count":0,"master_deck":["Strike_G","Strike_G","Strike_G","Strike_G","Defend_G","Defend_G","Defend_G","Defend_G","Defend_G","Survivor+1","Neutralize","Dash","Poisoned Stab+1","Sucker Punch","Noxious Fumes+1","Dagger Throw","Choke","Calculated Gamble+1","Backflip","Escape Plan","Footwork+1","Adrenaline","Deadly Poison","Poisoned Stab","Quick Slash","Deflect+1","Backflip+1","Blur+1","Acrobatics+1","Wraith Form v2","Backflip+1","Prepared+1","Tools of the Trade+1","Injury","Escape Plan+1","Distraction+1","Bouncing Flask+1"],"special_seed":0,"relics":["Ring of the Snake","Lantern","Juzu Bracelet","Dream Catcher","War Paint","Ectoplasm","TwistedFunnel","Toxic Egg 2","Tough Bandages","PreservedInsect","Cursed Key","Vajra","Pocketwatch"],"potions_floor_usage":[50,50],"damage_taken":[{"damage":5.0,"enemies":"Jaw Worm","floor":1.0,"turns":5.0},{"damage":0.0,"enemies":"Small Slimes","floor":2.0,"turns":4.0},{"damage":0.0,"enemies":"2 Louse","floor":6.0,"turns":3.0},{"damage":4.0,"enemies":"Gremlin Nob","floor":8.0,"turns":4.0},{"damage":0.0,"enemies":"Blue Slaver","floor":12.0,"turns":4.0},{"damage":16.0,"enemies":"Lagavulin","floor":13.0,"turns":6.0},{"damage":0.0,"enemies":"Large Slime","floor":14.0,"turns":5.0},{"damage":15.0,"enemies":"Slime Boss","floor":16.0,"turns":11.0},{"damage":0.0,"enemies":"3 Byrds","floor":18.0,"turns":5.0},{"damage":0.0,"enemies":"Spheric Guardian","floor":21.0,"turns":5.0},{"damage":28.0,"enemies":"Slavers","floor":23.0,"turns":6.0},{"damage":21.0,"enemies":"Snake Plant","floor":27.0,"turns":4.0},{"damage":0.0,"enemies":"Book of Stabbing","floor":28.0,"turns":6.0},{"damage":8.0,"enemies":"Sentry and Sphere","floor":29.0,"turns":7.0},{"damage":1.0,"enemies":"Chosen and Byrds","floor":30.0,"turns":4.0},{"damage":53.0,"enemies":"Automaton","floor":33.0,"turns":13.0},{"damage":0.0,"enemies":"Orb Walker","floor":35.0,"turns":4.0},{"damage":0.0,"enemies":"3 Darklings","floor":36.0,"turns":6.0},{"damage":0.0,"enemies":"Sphere and 2 Shapes","floor":37.0,"turns":5.0},{"damage":0.0,"enemies":"Jaw Worm Horde","floor":38.0,"turns":4.0},{"damage":0.0,"enemies":"4 Shapes","floor":40.0,"turns":4.0},{"damage":0.0,"enemies":"3 Darklings","floor":42.0,"turns":6.0},{"damage":12.0,"enemies":"2 Orb Walkers","floor":44.0,"turns":5.0},{"damage":22.0,"enemies":"Writhing Mass","floor":45.0,"turns":6.0},{"damage":0.0,"enemies":"Jaw Worm Horde","floor":47.0,"turns":4.0},{"damage":2.0,"enemies":"Maw","floor":48.0,"turns":7.0},{"damage":13,"enemies":"Donu and Deca","floor":50,"turns":9}],"seed_played":"7316383827671692493","potions_obtained":[{"floor":2.0,"key":"Swift Potion"},{"floor":14.0,"key":"Explosive Potion"},{"floor":16.0,"key":"Poison Potion"},{"floor":23.0,"key":"EssenceOfSteel"},{"floor":30.0,"key":"SteroidPotion"},{"floor":33.0,"key":"Weak Potion"},{"floor":35.0,"key":"PowerPotion"},{"floor":36.0,"key":"Energy Potion"},{"floor":40.0,"key":"FearPotion"},{"floor":47.0,"key":"Dexterity Potion"},{"floor":48.0,"key":"SkillPotion"}],"is_trial":false,"path_per_floor":["M","M","?","$","?","M","R","E","T","R","?","M","E","M","R","B",null,"M","$","?","M","?","E","R","?","T","M","E","M","M","?","R","B",null,"M","M","M","M","?","M","R","M","T","?","M","R","M","M","R","B",null],"character_chosen":"THE_SILENT","items_purchased":["Lantern","Sucker Punch","TwistedFunnel"],"campfire_rested":5,"item_purchase_floors":[4,4,19],"current_hp_per_floor":[72,72,72,72,72,72,72,68,68,68,68,68,52,52,75,60,77,77,77,77,77,77,49,72,72,72,51,51,43,42,42,65,12,77,77,77,77,77,73,73,73,73,73,61,39,60,60,58,73,60],"gold":27,"neow_bonus":"TEN_PERCENT_HP_BONUS","is_prod":false,"is_daily":false,"chose_seed":false,"campfire_upgraded":3,"win_rate":0.0,"timestamp":1562189326,"path_taken":["M","M","?","$","?","M","R","E","T","R","?","M","E","M","R","BOSS","M","$","?","M","?","E","R","?","T","M","E","M","M","?","R","BOSS","M","M","M","M","?","M","R","M","T","?","M","R","M","M","R","BOSS"],"build_version":"2019-07-01","purchased_purges":0,"victory":true,"max_hp_per_floor":[77,77,77,77,77,77,77,77,77,77,77,77,77,77,77,77,77,77,77,77,77,77,77,77,77,77,77,77,77,77,77,77,77,77,77,77,77,77,73,73,73,73,73,73,73,73,73,73,73,73],"card_choices":[{"not_picked":["Dagger Throw","Slice"],"picked":"Dash","floor":1.0},{"not_picked":["Deflect","Quick Slash"],"picked":"Poisoned Stab","floor":2.0},{"not_picked":["Caltrops","Acrobatics"],"picked":"Noxious Fumes","floor":6.0},{"not_picked":["Underhanded Strike","Quick Slash"],"picked":"Dagger Throw","floor":8.0},{"not_picked":["Finisher","All Out Attack"],"picked":"Calculated Gamble","floor":12.0},{"not_picked":["Blade Dance","Die Die Die"],"picked":"Backflip","floor":13.0},{"not_picked":["Terror","Dagger Spray"],"picked":"Escape Plan","floor":14.0},{"not_picked":["Underhanded Strike","All Out Attack"],"picked":"Footwork","floor":15.0},{"not_picked":["Phantasmal Killer","Unload"],"picked":"Adrenaline","floor":16.0},{"not_picked":["Masterful Stab","Dagger Throw+1"],"picked":"Deadly Poison","floor":18.0},{"not_picked":["Leg Sweep","Heel Hook"],"picked":"Poisoned Stab","floor":21.0},{"not_picked":["Dagger Spray","Caltrops","Eviscerate"],"picked":"SKIP","floor":23.0},{"not_picked":["Skewer+1","Dash"],"picked":"Quick Slash","floor":24.0},{"not_picked":["Underhanded Strike","Tactician+1"],"picked":"Deflect+1","floor":27.0},{"not_picked":["Noxious Fumes+1","Skewer+1","Underhanded Strike"],"picked":"SKIP","floor":28.0},{"not_picked":["Deflect+1","Expertise+1"],"picked":"Backflip+1","floor":29.0},{"not_picked":["Predator","Backflip+1"],"picked":"Blur+1","floor":30.0},{"not_picked":["Dash","Eviscerate+1"],"picked":"Acrobatics+1","floor":32.0},{"not_picked":["Bullet Time+1","Burst+1"],"picked":"Wraith Form v2","floor":33.0},{"not_picked":["Blade Dance+1","Dagger Throw+1","Quick Slash+1"],"picked":"SKIP","floor":35.0},{"not_picked":["Dash","Deadly Poison+1"],"picked":"Backflip+1","floor":36.0},{"not_picked":["Predator+1","Slice"],"picked":"Prepared+1","floor":37.0},{"not_picked":["Dodge and Roll+1","All Out Attack+1"],"picked":"Tools of the Trade","floor":38.0},{"not_picked":["Sucker Punch","Slice+1","Dagger Throw+1"],"picked":"SKIP","floor":40.0},{"not_picked":["Blade Dance+1","Sucker Punch+1","Reflex+1"],"picked":"SKIP","floor":42.0},{"not_picked":["Riddle With Holes","Dash+1"],"picked":"Escape Plan+1","floor":45.0},{"not_picked":["Riddle With Holes+1","PiercingWail+1"],"picked":"Distraction+1","floor":47.0},{"not_picked":["Slice","Dodge and Roll+1","Quick Slash+1"],"picked":"SKIP","floor":48.0},{"not_picked":["Riddle With Holes","Footwork+1"],"picked":"Bouncing Flask+1","floor":49.0}],"player_experience":61795,"relics_obtained":[{"floor":8.0,"key":"Juzu Bracelet"},{"floor":9.0,"key":"Dream Catcher"},{"floor":13.0,"key":"War Paint"},{"floor":23.0,"key":"Toxic Egg 2"},{"floor":26.0,"key":"Tough Bandages"},{"floor":28.0,"key":"PreservedInsect"},{"floor":43.0,"key":"Vajra"},{"floor":44.0,"key":"Pocketwatch"}],"event_choices":[{"damage_healed":0.0,"max_hp_gain":0.0,"max_hp_loss":0.0,"gold_gain":65.0,"event_name":"Golden Wing","player_choice":"Gained Gold","floor":3.0,"gold_loss":0.0,"damage_taken":0.0},{"damage_healed":0.0,"max_hp_gain":0.0,"max_hp_loss":0.0,"gold_gain":0.0,"event_name":"World of Goop","player_choice":"Left Gold","floor":5.0,"gold_loss":13.0,"damage_taken":0.0},{"damage_healed":0.0,"max_hp_gain":0.0,"max_hp_loss":0.0,"gold_gain":0.0,"cards_transformed":["Strike_G"],"event_name":"Living Wall","player_choice":"Change","floor":11.0,"gold_loss":0.0,"damage_taken":0.0,"cards_obtained":["Choke"]},{"damage_healed":0.0,"max_hp_gain":0.0,"max_hp_loss":0.0,"gold_gain":99.0,"event_name":"Nest","player_choice":"Stole From Cult","floor":20.0,"gold_loss":0.0,"damage_taken":0.0},{"damage_healed":0.0,"max_hp_gain":0.0,"max_hp_loss":0.0,"gold_gain":0.0,"event_name":"Ghosts","player_choice":"Ignored","floor":22.0,"gold_loss":0.0,"damage_taken":0.0},{"damage_healed":0.0,"max_hp_gain":0.0,"max_hp_loss":0.0,"gold_gain":0.0,"event_name":"Accursed Blacksmith","player_choice":"Forge","floor":25.0,"gold_loss":0.0,"damage_taken":0.0,"cards_upgraded":["Footwork"]},{"damage_healed":0.0,"max_hp_gain":0.0,"max_hp_loss":0.0,"gold_gain":0.0,"event_name":"Cursed Tome","player_choice":"Ignored","floor":31.0,"gold_loss":0.0,"damage_taken":0.0},{"damage_healed":0.0,"max_hp_gain":0.0,"max_hp_loss":4.0,"gold_gain":0.0,"event_name":"Winding Halls","player_choice":"Max HP","floor":39.0,"gold_loss":0.0,"damage_taken":0.0},{"damage_healed":0.0,"max_hp_gain":0.0,"max_hp_loss":0.0,"gold_gain":0.0,"event_name":"Mysterious Sphere","player_choice":"Fight","floor":44.0,"gold_loss":0.0,"damage_taken":0.0}],"is_beta":false,"boss_relics":[{"not_picked":["Runic Pyramid","Orrery"],"picked":"Ectoplasm"},{"not_picked":["White Beast Statue","Runic Dome"],"picked":"Cursed Key"}],"items_purged_floors":[],"is_endless":false,"potions_floor_spawned":[2,14,16,23,30,33,35,36,40,47,48],"ascension_level":0}