{"gold_per_floor":[115,133,133,148,2,37,37,37,37,56,91,1,14,27,27,132,132,149,164,164,17,36,65,65,65],"floor_reached":25,"playtime":1231,"items_purged":["Regret","Strike_R"],"score":233,"play_id":"48aee75f-7476-4bd0-b659-6699ac2e4663","local_time":"20190107043945","is_ascension_mode":false,"campfire_choices":[{"data":"Whirlwind","floor":7,"key":"SMITH"},{"floor":15,"key":"REST"},{"data":"Defend_R+1","floor":24,"key":"PURGE"}],"neow_cost":"NONE","seed_source_timestamp":1008012153928992,"circlet_count":0,"master_deck":["Strike_R","Strike_R","Strike_R","Strike_R","Defend_R","Defend_R","Defend_R","Bash","Whirlwind+1","Inflame+1","Metallicize","Uppercut","Armaments","Heavy Blade","Bandage Up","Flex","Infernal Blade","Double Tap","Shrug It Off","Shrug It Off","Ghostly Armor","Limit Break"],"relics":["Burning Blood","NeowsBlessing","Mango","Question Card","Peace Pipe","Paper Frog","Philosopher\u0027s Stone","Pantograph"],"potions_floor_usage":[11,16,16,25],"damage_taken":[{"damage":0,"enemies":"Cultist","floor":1,"turns":1},{"damage":0,"enemies":"Jaw Worm","floor":2,"turns":1},{"damage":0,"enemies":"2 Louse","floor":4,"turns":1},{"damage":48,"enemies":"Gremlin Nob","floor":6,"turns":6},{"damage":6,"enemies":"Blue Slaver","floor":10,"turns":4},{"damage":18,"enemies":"3 Sentries","floor":11,"turns":4},{"damage":17,"enemies":"Exordium Thugs","floor":13,"turns":4},{"damage":0,"enemies":"Exordium Wildlife","floor":14,"turns":3},{"damage":48,"enemies":"Hexaghost","floor":16,"turns":11},{"damage":0,"enemies":"Chosen","floor":18,"turns":3},{"damage":22,"enemies":"3 Byrds","floor":19,"turns":5},{"damage":23,"enemies":"Cultist and Chosen","floor":22,"turns":4},{"damage":40,"enemies":"Gremlin Leader","floor":23,"turns":6},{"damage":56,"enemies":"Book of Stabbing","floor":25,"turns":6}],"seed_played":"-1634890917671382674","potions_obtained":[{"floor":1,"key":"Swift Potion"},{"floor":6,"key":"Dexterity Potion"},{"floor":10,"key":"SkillPotion"},{"floor":23,"key":"SpeedPotion"}],"is_trial":false,"path_per_floor":["M","M","?","M","$","E","R","?","T","M","E","$","M","M","R","B",null,"M","M","?","$","M","E","R","E"],"character_chosen":"IRONCLAD","items_purchased":["Metallicize","Bandage Up","Shrug It Off"],"campfire_rested":1,"item_purchase_floors":[5,12,21],"current_hp_per_floor":[80,80,94,94,94,52,52,33,33,33,21,21,14,20,48,10,94,94,78,94,94,81,51,51,0],"gold":65,"neow_bonus":"THREE_ENEMY_KILL","is_prod":false,"is_daily":false,"chose_seed":false,"campfire_upgraded":1,"win_rate":0.0,"timestamp":1546853985,"path_taken":["M","?","?","M","$","E","R","?","T","M","E","?","?","M","R","BOSS","M","M","?","?","M","E","R","E"],"build_version":"2019-01-03v4","purchased_purges":2,"victory":false,"max_hp_per_floor":[80,80,94,94,94,94,94,94,94,94,94,94,94,94,94,94,94,94,94,94,94,94,94,94,94],"card_choices":[{"not_picked":["Anger","True Grit"],"picked":"Whirlwind","floor":1},{"not_picked":["Blood for Blood","Headbutt"],"picked":"Dual Wield","floor":2},{"not_picked":["Disarm","Sword Boomerang"],"picked":"Inflame","floor":4},{"not_picked":["Searing Blow","Clothesline"],"picked":"Uppercut","floor":6},{"not_picked":["Dual Wield","Spot Weakness","Sword Boomerang"],"picked":"Armaments","floor":10},{"not_picked":["Dropkick","Offering","True Grit"],"picked":"Heavy Blade","floor":11},{"not_picked":["Headbutt","Iron Wave","Burning Pact"],"picked":"Flex","floor":13},{"not_picked":["Shrug It Off","Perfected Strike","Iron Wave"],"picked":"Infernal Blade","floor":14},{"not_picked":["Dark Embrace","Bludgeon","Fiend Fire"],"picked":"Double Tap","floor":16},{"not_picked":["Headbutt","Twin Strike","Iron Wave+1"],"picked":"Shrug It Off","floor":18},{"not_picked":["Hemokinesis","Clothesline+1","Intimidate","Feel No Pain+1"],"picked":"SKIP","floor":19},{"not_picked":["Whirlwind","Clothesline","Blood for Blood"],"picked":"Ghostly Armor","floor":22},{"not_picked":["Clash","Battle Trance","Second Wind"],"picked":"Limit Break","floor":23}],"player_experience":3859,"relics_obtained":[{"floor":6,"key":"Question Card"},{"floor":9,"key":"Peace Pipe"},{"floor":11,"key":"Paper Frog"},{"floor":23,"key":"Pantograph"}],"event_choices":[{"damage_healed":0,"gold_gain":0,"player_choice":"Box","damage_taken":0,"relics_obtained":["Mango"],"max_hp_gain":0,"max_hp_loss":0,"event_name":"Big Fish","floor":3,"gold_loss":0,"cards_obtained":["Regret"]},{"damage_healed":0,"gold_gain":0,"player_choice":"Entered Light","damage_taken":19,"max_hp_gain":0,"max_hp_loss":0,"event_name":"Shining Light","floor":8,"gold_loss":0,"cards_upgraded":["Inflame","Defend_R"]},{"cards_removed":["Dual Wield"],"damage_healed":16,"gold_gain":0,"player_choice":"Offered Uncommon","damage_taken":0,"max_hp_gain":0,"max_hp_loss":0,"event_name":"Bonfire Elementals","floor":20,"gold_loss":0}],"is_beta":false,"boss_relics":[{"not_picked":["Empty Cage","Orrery"],"picked":"Philosopher\u0027s Stone"}],"items_purged_floors":[5,21],"is_endless":false,"potions_floor_spawned":[1,6,10,18,23],"killed_by":"Book of Stabbing","ascension_level":0}