{"gold_per_floor":[116,116,116,136,157,157,191,7,7,32,50,50,84,102,102,193,193,218,218,218,79,79,79,114,114,193,193,218,228,128,145,145,220,270,288,86,86,0,0,0,35,35,35,50,68,68,78,93,93,93],"floor_reached":51,"playtime":2648,"items_purged":["Decay","Strike_R"],"score":1359,"play_id":"cdc34c80-2d4a-4188-baf7-b908ebfa013d","local_time":"20190716224737","is_ascension_mode":true,"campfire_choices":[{"data":"Whirlwind","floor":6,"key":"SMITH"},{"data":"Shockwave","floor":12,"key":"SMITH"},{"data":"True Grit","floor":15,"key":"SMITH"},{"data":"Demon Form","floor":23,"key":"SMITH"},{"data":"Offering","floor":25,"key":"SMITH"},{"data":"Flame Barrier","floor":27,"key":"SMITH"},{"data":"Feel No Pain","floor":32,"key":"SMITH"},{"data":"Heavy Blade","floor":40,"key":"SMITH"},{"data":"Impervious","floor":42,"key":"SMITH"},{"data":"Pummel","floor":46,"key":"SMITH"},{"data":"Ghostly Armor","floor":49,"key":"SMITH"}],"neow_cost":"PERCENT_DAMAGE","seed_source_timestamp":459969888453563,"circlet_count":0,"master_deck":["AscendersBane","Strike_R","Strike_R","Defend_R","Defend_R","Defend_R","Defend_R","Bash","Anger","Feel No Pain+1","Whirlwind+1","Inflame","Ghostly Armor+1","Headbutt","Shockwave+1","Demon Form+1","True Grit+1","Feed","Flame Barrier+1","Juggernaut+1","Pummel+1","Offering+1","Shrug It Off+1","Impervious+1","Heavy Blade+1","Offering+1","Flash of Steel","Warcry+1","Entrench+1"],"relics":["Burning Blood","Calipers","Bloody Idol","Magic Flower","Thread and Needle","Turnip","Velvet Choker","Nunchaku","Self Forming Clay","Bag of Marbles","Tiny House","DollysMirror","Red Mask","Bottled Tornado","Shuriken"],"potions_floor_usage":[7,10,16,24,50,50],"damage_taken":[{"damage":5,"enemies":"Small Slimes","floor":1,"turns":5},{"damage":0,"enemies":"Cultist","floor":4,"turns":3},{"damage":5,"enemies":"2 Louse","floor":5,"turns":3},{"damage":20,"enemies":"Lagavulin","floor":7,"turns":5},{"damage":2,"enemies":"2 Fungi Beasts","floor":10,"turns":2},{"damage":2,"enemies":"Looter","floor":11,"turns":3},{"damage":18,"enemies":"3 Sentries","floor":13,"turns":5},{"damage":0,"enemies":"Blue Slaver","floor":14,"turns":4},{"damage":46,"enemies":"The Guardian","floor":16,"turns":12},{"damage":11,"enemies":"3 Byrds","floor":18,"turns":7},{"damage":6,"enemies":"Gremlin Leader","floor":24,"turns":7},{"damage":39,"enemies":"Slavers","floor":28,"turns":7},{"damage":6,"enemies":"Spheric Guardian","floor":29,"turns":3},{"damage":6,"enemies":"Snecko","floor":31,"turns":5},{"damage":35,"enemies":"Champ","floor":33,"turns":8},{"damage":6,"enemies":"Orb Walker","floor":35,"turns":3},{"damage":12,"enemies":"Giant Head","floor":41,"turns":5},{"damage":12,"enemies":"3 Darklings","floor":44,"turns":4},{"damage":15,"enemies":"Jaw Worm Horde","floor":45,"turns":3},{"damage":6,"enemies":"Maw","floor":47,"turns":5},{"damage":12,"enemies":"Spire Growth","floor":48,"turns":6},{"damage":18,"enemies":"Donu and Deca","floor":50,"turns":6}],"seed_played":"1456604393270327838","potions_obtained":[{"floor":4,"key":"AttackPotion"},{"floor":10,"key":"Fruit Juice"},{"floor":11,"key":"GamblersBrew"},{"floor":18,"key":"Block Potion"},{"floor":29,"key":"Energy Potion"},{"floor":34,"key":"LiquidBronze"},{"floor":44,"key":"Strength Potion"}],"is_trial":false,"path_per_floor":["M","?","?","M","M","R","E","$","T","M","M","R","E","M","R","B",null,"M","?","?","$","?","R","E","R","T","R","E","M","$","M","R","B",null,"M","$","?","?","?","R","E","R","T","M","M","R","M","M","R","B",null],"character_chosen":"IRONCLAD","items_purchased":["Inflame","Ghostly Armor","Offering","DollysMirror"],"campfire_rested":0,"item_purchase_floors":[8,8,21,36],"current_hp_per_floor":[51,51,51,57,58,58,44,44,44,56,63,63,54,63,63,26,61,64,64,64,64,64,64,77,77,79,79,59,72,72,80,80,64,88,93,93,83,83,83,83,85,85,85,91,90,90,91,91,91,82],"gold":93,"neow_bonus":"ONE_RARE_RELIC","is_prod":false,"is_daily":false,"chose_seed":false,"campfire_upgraded":11,"win_rate":0,"timestamp":1563284857,"path_taken":["M","?","?","?","?","R","E","$","T","M","M","R","E","M","R","BOSS","M","?","?","$","?","R","E","R","T","R","E","M","?","M","R","BOSS","M","$","?","?","?","R","E","R","T","M","M","R","M","M","R","BOSS"],"build_version":"2019-07-01","purchased_purges":2,"victory":true,"max_hp_per_floor":[75,68,68,68,68,68,68,68,68,73,73,73,73,73,73,73,73,76,76,76,76,76,76,79,79,79,79,82,85,85,85,85,88,93,93,93,93,93,88,88,88,88,88,91,91,91,91,91,91,91],"card_choices":[{"not_picked":["Bloodletting","Thunderclap"],"picked":"Anger","floor":1},{"not_picked":["Headbutt","Sword Boomerang"],"picked":"Feel No Pain","floor":4},{"not_picked":["Metallicize","Dual Wield"],"picked":"Whirlwind","floor":5},{"not_picked":["Thunderclap","Clothesline","Perfected Strike"],"picked":"SKIP","floor":7},{"not_picked":["Armaments","Pommel Strike"],"picked":"Headbutt","floor":10},{"not_picked":["Power Through","Anger"],"picked":"Shockwave","floor":11},{"not_picked":["Cleave","Shrug It Off"],"picked":"Demon Form","floor":13},{"not_picked":["Feel No Pain","Fire Breathing"],"picked":"True Grit","floor":14},{"not_picked":["Exhume","Double Tap"],"picked":"Feed","floor":16},{"not_picked":["Evolve","Pommel Strike","Flex"],"picked":"SKIP","floor":18},{"not_picked":["Perfected Strike+1","Ghostly Armor","Twin Strike"],"picked":"SKIP","floor":24},{"not_picked":["Perfected Strike+1","Ghostly Armor","Twin Strike"],"picked":"SKIP","floor":24},{"not_picked":["Corruption","Whirlwind","Twin Strike"],"picked":"SKIP","floor":28},{"not_picked":["Seeing Red","Flex"],"picked":"Shrug It Off+1","floor":29},{"not_picked":["Bludgeon","Wild Strike+1","Perfected Strike"],"picked":"SKIP","floor":31},{"not_picked":["Immolate","Feed"],"picked":"Impervious","floor":33},{"not_picked":["Sentinel+1","Thunderclap"],"picked":"Heavy Blade","floor":34},{"not_picked":["Dual Wield","Armaments","True Grit"],"picked":"SKIP","floor":35},{"not_picked":["Transmutation","Mind Blast"],"picked":"Flash of Steel","floor":37},{"not_picked":["Carnage","Heavy Blade","Searing Blow"],"picked":"SKIP","floor":41},{"not_picked":["Spot Weakness","Perfected Strike"],"picked":"Warcry+1","floor":44},{"not_picked":["Anger","Dropkick","Blood for Blood"],"picked":"SKIP","floor":45},{"not_picked":["Headbutt","Sword Boomerang","Searing Blow"],"picked":"SKIP","floor":47},{"not_picked":["Shockwave","Anger"],"picked":"Entrench+1","floor":48}],"player_experience":1148070,"relics_obtained":[{"floor":7,"key":"Magic Flower"},{"floor":9,"key":"Thread and Needle"},{"floor":13,"key":"Turnip"},{"floor":24,"key":"Nunchaku"},{"floor":26,"key":"Self Forming Clay"},{"floor":28,"key":"Bag of Marbles"},{"floor":41,"key":"Bottled Tornado"},{"floor":43,"key":"Shuriken"}],"event_choices":[{"damage_healed":0,"gold_gain":0,"player_choice":"Lose Max HP","damage_taken":0,"relics_obtained":["Golden Idol"],"max_hp_gain":0,"max_hp_loss":7,"event_name":"Golden Idol","floor":2,"gold_loss":0},{"damage_healed":0,"gold_gain":0,"player_choice":"Cursed","damage_taken":0,"max_hp_gain":0,"max_hp_loss":0,"event_name":"Wheel of Change","floor":3,"gold_loss":0,"cards_obtained":["Decay"]},{"damage_healed":0,"gold_gain":0,"player_choice":"Read","damage_taken":0,"max_hp_gain":0,"max_hp_loss":0,"event_name":"The Library","floor":19,"gold_loss":0,"cards_obtained":["Flame Barrier"]},{"damage_healed":0,"gold_gain":0,"cards_transformed":["Strike_R","Strike_R"],"player_choice":"Became Test Subject","damage_taken":0,"max_hp_gain":0,"max_hp_loss":0,"event_name":"Drug Dealer","floor":20,"gold_loss":0,"cards_obtained":["Juggernaut","Pummel"]},{"damage_healed":0,"gold_gain":0,"player_choice":"Gave Idol","damage_taken":0,"relics_obtained":["Bloody Idol"],"max_hp_gain":0,"max_hp_loss":0,"event_name":"Forgotten Altar","floor":22,"relics_lost":["Golden Idol"],"gold_loss":0},{"damage_healed":0,"gold_gain":0,"player_choice":"Memory 3","damage_taken":10,"max_hp_gain":0,"max_hp_loss":0,"event_name":"SensoryStone","floor":37,"gold_loss":0},{"damage_healed":0,"gold_gain":0,"player_choice":"Paid","damage_taken":0,"relics_obtained":["Red Mask"],"max_hp_gain":0,"max_hp_loss":0,"event_name":"Tomb of Lord Red Mask","floor":38,"gold_loss":86},{"damage_healed":0,"gold_gain":0,"player_choice":"Max HP","damage_taken":0,"max_hp_gain":0,"max_hp_loss":5,"event_name":"Winding Halls","floor":39,"gold_loss":0}],"is_beta":false,"boss_relics":[{"not_picked":["Calling Bell","White Beast Statue"],"picked":"Velvet Choker"},{"not_picked":["Black Blood","Fusion Hammer"],"picked":"Tiny House"}],"items_purged_floors":[8,30],"is_endless":false,"potions_floor_spawned":[4,10,11,18,29,35,41,44,45,48],"ascension_level":15}