{"gold_per_floor":[18,18,68,92,112,112,153,173,173,206,206,206,206,219,219,312,312,326,344,344,344,344,382,382,396,396,12,26,39,39,52,52,148,148,166,184,184,208,228,262,276,276,276,309,309,309],"floor_reached":46,"playtime":3276,"items_purged":[],"score":1049,"play_id":"ab2f353a-7aa3-4986-9af0-a08ece6b2e71","local_time":"20190717124928","is_ascension_mode":true,"campfire_choices":[{"data":"Noxious Fumes","floor":6.0,"key":"SMITH"},{"floor":11.0,"key":"REST"},{"data":"Cloak And Dagger","floor":13.0,"key":"SMITH"},{"data":"Cloak And Dagger","floor":15.0,"key":"SMITH"},{"floor":24.0,"key":"REST"},{"floor":32,"key":"REST"},{"floor":42,"key":"REST"},{"floor":45,"key":"REST"}],"neow_cost":"NO_GOLD","seed_source_timestamp":0,"circlet_count":0,"master_deck":["AscendersBane","Strike_G+1","Strike_G+1","Strike_G+1","Defend_G+1","Defend_G+1","Defend_G+1","Defend_G+1","Defend_G+1","Survivor","Neutralize+1","Choke","Endless Agony","Cloak And Dagger+1","Noxious Fumes+1","Dodge and Roll","Flying Knee","Cloak And Dagger+1","Glass Knife+1","After Image","Skewer+1","Bane+1","Backstab+1","Backflip","Backflip+1","Doubt","Envenom","Skewer+1","Well Laid Plans","PiercingWail","Envenom","Finisher+1","Footwork","Endless Agony+1","Cloak And Dagger","Pain","Deflect"],"special_seed":0,"relics":["Ring of the Snake","Golden Idol","Singing Bowl","Pantograph","Molten Egg 2","Cursed Key","Art of War","The Courier","Kunai","MutagenicStrength","WristBlade","Mercury Hourglass","Anchor"],"potions_floor_usage":[28,33,36,40,44,46],"damage_taken":[{"damage":0.0,"enemies":"Jaw Worm","floor":1.0,"turns":4.0},{"damage":0.0,"enemies":"2 Louse","floor":4.0,"turns":3.0},{"damage":0.0,"enemies":"Cultist","floor":5.0,"turns":4.0},{"damage":21.0,"enemies":"3 Sentries","floor":7.0,"turns":9.0},{"damage":7.0,"enemies":"Exordium Wildlife","floor":8.0,"turns":6.0},{"damage":23.0,"enemies":"Lagavulin","floor":10.0,"turns":8.0},{"damage":3.0,"enemies":"Looter","floor":14.0,"turns":4.0},{"damage":32.0,"enemies":"Slime Boss","floor":16.0,"turns":7.0},{"damage":0.0,"enemies":"3 Byrds","floor":18.0,"turns":5.0},{"damage":10.0,"enemies":"2 Thieves","floor":19.0,"turns":5.0},{"damage":32.0,"enemies":"Gremlin Leader","floor":23.0,"turns":7.0},{"damage":9.0,"enemies":"Sentry and Sphere","floor":25.0,"turns":6.0},{"damage":12,"enemies":"Snake Plant","floor":28,"turns":3},{"damage":12,"enemies":"Snecko","floor":29,"turns":3},{"damage":0,"enemies":"3 Cultists","floor":31,"turns":5},{"damage":25,"enemies":"Champ","floor":33,"turns":15},{"damage":2,"enemies":"3 Shapes","floor":35,"turns":6},{"damage":13,"enemies":"3 Darklings","floor":36,"turns":10},{"damage":4,"enemies":"Maw","floor":38,"turns":7},{"damage":0,"enemies":"4 Shapes","floor":39,"turns":7},{"damage":31,"enemies":"Reptomancer","floor":40,"turns":8},{"damage":3,"enemies":"3 Darklings","floor":41,"turns":4},{"damage":37,"enemies":"Nemesis","floor":44,"turns":5},{"damage":35,"enemies":"Reptomancer","floor":46,"turns":6}],"seed_played":"908556972219087","potions_obtained":[{"floor":1.0,"key":"Weak Potion"},{"floor":5.0,"key":"SteroidPotion"},{"floor":8.0,"key":"Fire Potion"},{"floor":10.0,"key":"SkillPotion"},{"floor":14.0,"key":"Regen Potion"},{"floor":18.0,"key":"Poison Potion"},{"floor":22.0,"key":"Fire Potion"},{"floor":28,"key":"SteroidPotion"},{"floor":29,"key":"Weak Potion"},{"floor":35,"key":"Explosive Potion"},{"floor":38,"key":"PowerPotion"},{"floor":39,"key":"AttackPotion"},{"floor":44,"key":"GamblersBrew"}],"is_trial":false,"path_per_floor":["M","?","?","M","M","R","E","M","T","E","R","?","R","M","R","B",null,"M","M","?","?","?","E","R","M","T","$","M","M","?","M","R","B",null,"M","M","?","M","M","E","M","R","T","E","R","E"],"character_chosen":"THE_SILENT","items_purchased":["Kunai","Envenom","Skewer+1"],"campfire_rested":5,"item_purchase_floors":[27,27,27],"current_hp_per_floor":[59,59,53,53,53,53,32,25,25,2,20,20,20,19,19,12,50,50,40,40,40,40,8,26,17,17,17,14,2,2,4,23,23,54,52,41,66,62,62,31,30,50,50,13,33,0],"gold":309,"neow_bonus":"TRANSFORM_TWO_CARDS","is_prod":false,"is_daily":false,"chose_seed":false,"campfire_upgraded":3,"win_rate":0,"timestamp":1563382168,"path_taken":["M","?","?","?","M","R","E","M","T","E","R","?","R","M","R","BOSS","M","M","?","?","?","E","R","M","T","$","?","M","?","M","R","BOSS","M","M","?","?","M","E","M","R","T","E","R","E"],"build_version":"2019-07-10","purchased_purges":0,"victory":false,"max_hp_per_floor":[66,60,60,60,60,60,60,60,60,60,60,60,60,62,62,62,62,62,62,62,62,62,62,62,62,62,62,62,62,62,64,64,64,64,64,66,66,66,66,66,68,68,68,68,68,68],"card_choices":[{"not_picked":["Poisoned Stab","Caltrops"],"picked":"Cloak And Dagger","floor":1.0},{"not_picked":["Flechettes","Calculated Gamble"],"picked":"Noxious Fumes","floor":4.0},{"not_picked":["Caltrops","Outmaneuver"],"picked":"Dodge and Roll","floor":5.0},{"not_picked":["Setup","Deflect"],"picked":"Flying Knee","floor":7.0},{"not_picked":["Sucker Punch","Predator"],"picked":"Cloak And Dagger","floor":8.0},{"not_picked":["Skewer","Crippling Poison"],"picked":"Glass Knife","floor":10.0},{"not_picked":["Prepared","Underhanded Strike+1","Flechettes+1"],"picked":"Singing Bowl","floor":14.0},{"not_picked":["Burst","Wraith Form v2"],"picked":"After Image","floor":16.0},{"not_picked":["Underhanded Strike+1","Prepared"],"picked":"Skewer+1","floor":18.0},{"not_picked":["Acrobatics","Quick Slash+1"],"picked":"Bane+1","floor":19.0},{"not_picked":["Noxious Fumes","Deflect"],"picked":"Backflip","floor":23.0},{"not_picked":["Sucker Punch+1","Outmaneuver"],"picked":"Backflip+1","floor":25.0},{"not_picked":["Cloak And Dagger","Terror"],"picked":"Well Laid Plans","floor":28},{"not_picked":["Predator+1","Acrobatics+1"],"picked":"PiercingWail","floor":29},{"not_picked":["Reflex","Flying Knee+1","Underhanded Strike+1"],"picked":"Singing Bowl","floor":31},{"not_picked":["Wraith Form v2","Malaise"],"picked":"Envenom","floor":33},{"not_picked":["Bouncing Flask","Blade Dance"],"picked":"Finisher+1","floor":35},{"not_picked":["Bane+1","Underhanded Strike+1","Distraction+1"],"picked":"Singing Bowl","floor":36},{"not_picked":["Deflect+1","Setup"],"picked":"Footwork","floor":38},{"not_picked":["Riddle With Holes+1","Flying Knee+1"],"picked":"Endless Agony+1","floor":39},{"not_picked":["Crippling Poison+1","Dagger Spray+1"],"picked":"Cloak And Dagger","floor":40},{"not_picked":["Acrobatics","Dagger Spray+1","Expertise"],"picked":"Singing Bowl","floor":41},{"not_picked":["Corpse Explosion","Underhanded Strike+1"],"picked":"Deflect","floor":44}],"player_experience":3243647,"relics_obtained":[{"floor":7.0,"key":"Singing Bowl"},{"floor":9.0,"key":"Pantograph"},{"floor":10.0,"key":"Molten Egg 2"},{"floor":23.0,"key":"Art of War"},{"floor":26.0,"key":"The Courier"},{"floor":40,"key":"Mercury Hourglass"},{"floor":44,"key":"Anchor"}],"event_choices":[{"damage_healed":0.0,"max_hp_gain":0.0,"max_hp_loss":6.0,"gold_gain":0.0,"event_name":"Golden Idol","player_choice":"Lose Max HP","floor":2.0,"gold_loss":0.0,"damage_taken":0.0,"relics_obtained":["Golden Idol"]},{"damage_healed":0.0,"max_hp_gain":0.0,"max_hp_loss":0.0,"gold_gain":50.0,"event_name":"FaceTrader","player_choice":"Touch","floor":3.0,"gold_loss":0.0,"damage_taken":6.0},{"damage_healed":0.0,"max_hp_gain":0.0,"max_hp_loss":0.0,"gold_gain":0.0,"event_name":"Living Wall","player_choice":"Grow","floor":12.0,"gold_loss":0.0,"damage_taken":0.0,"cards_upgraded":["Neutralize"]},{"damage_healed":0.0,"max_hp_gain":0.0,"max_hp_loss":0.0,"gold_gain":0.0,"event_name":"The Library","player_choice":"Read","floor":20.0,"gold_loss":0.0,"damage_taken":0.0,"cards_obtained":["Backstab"]},{"damage_healed":0.0,"max_hp_gain":0.0,"max_hp_loss":0.0,"gold_gain":0.0,"event_name":"Back to Basics","player_choice":"Simplicity","floor":21.0,"gold_loss":0.0,"damage_taken":0.0,"cards_upgraded":["Strike_G","Strike_G","Strike_G","Defend_G","Defend_G","Defend_G","Defend_G","Defend_G"]},{"damage_healed":0.0,"max_hp_gain":0.0,"max_hp_loss":0.0,"gold_gain":0.0,"event_name":"Lab","player_choice":"Got Potions","floor":22.0,"gold_loss":0.0,"damage_taken":0.0},{"damage_healed":0,"gold_gain":0,"player_choice":"Inject Mutagens","damage_taken":0,"relics_obtained":["MutagenicStrength"],"max_hp_gain":0,"max_hp_loss":0,"event_name":"Drug Dealer","floor":30,"gold_loss":0},{"damage_healed":25,"gold_gain":0,"player_choice":"Full Heal","damage_taken":0,"max_hp_gain":0,"max_hp_loss":0,"event_name":"Wheel of Change","floor":37,"gold_loss":0}],"is_beta":true,"boss_relics":[{"not_picked":["Velvet Choker","Busted Crown"],"picked":"Cursed Key"},{"not_picked":["White Beast Statue","Orrery"],"picked":"WristBlade"}],"items_purged_floors":[],"is_endless":false,"potions_floor_spawned":[1,5,8,10,14,18,28,29,35,38,39,44],"killed_by":"Reptomancer","ascension_level":20}