{"gold_per_floor":[113,123,123,123,133,133,163,163,218,248,248,261,261,276,276,276],"floor_reached":16,"playtime":512,"items_purged":[],"score":132,"play_id":"e4615019-a4d1-45ad-acb5-c86d79b1281d","local_time":"20190424054824","is_ascension_mode":true,"campfire_choices":[{"data":"Neutralize","floor":6,"key":"SMITH"},{"data":"Poisoned Stab","floor":8,"key":"SMITH"},{"floor":11,"key":"REST"},{"floor":15,"key":"REST"}],"neow_cost":"NONE","seed_source_timestamp":72820544910481,"circlet_count":0,"master_deck":["Defend_G+1","Defend_G","Defend_G","Defend_G+1","Defend_G","Strike_G","Strike_G","Strike_G","Strike_G","Survivor","Neutralize+1","Choke","Cloak And Dagger","Deflect","Poisoned Stab+1","Catalyst","Cloak And Dagger","Backflip"],"relics":["Ring of the Snake","NeowsBlessing","Oddly Smooth Stone","Tiny Chest","Singing Bowl","Ninja Scroll"],"potions_floor_usage":[7,10,16],"damage_taken":[{"damage":0,"enemies":"Cultist","floor":1,"turns":1},{"damage":0,"enemies":"2 Louse","floor":2,"turns":1},{"damage":0,"enemies":"Jaw Worm","floor":5,"turns":1},{"damage":19,"enemies":"3 Sentries","floor":7,"turns":12},{"damage":5,"enemies":"Lagavulin","floor":10,"turns":6},{"damage":14,"enemies":"Exordium Thugs","floor":12,"turns":6},{"damage":0,"enemies":"Looter","floor":14,"turns":2},{"damage":59,"enemies":"Hexaghost","floor":16,"turns":15}],"seed_played":"7831254514504681631","potions_obtained":[{"floor":5,"key":"SkillPotion"},{"floor":7,"key":"Explosive Potion"},{"floor":12,"key":"Explosive Potion"}],"is_trial":false,"path_per_floor":["M","M","?","?","M","R","E","R","T","E","R","M","T","M","R","B"],"character_chosen":"THE_SILENT","items_purchased":[],"campfire_rested":2,"item_purchase_floors":[],"current_hp_per_floor":[70,70,56,49,49,49,30,30,30,25,46,32,32,32,53,0],"gold":276,"neow_bonus":"THREE_ENEMY_KILL","is_prod":false,"is_daily":false,"chose_seed":false,"campfire_upgraded":2,"win_rate":0,"timestamp":1556048904,"path_taken":["M","M","?","?","M","R","E","R","T","E","R","M","?","?","R","BOSS"],"build_version":"2019-01-23","purchased_purges":0,"victory":false,"max_hp_per_floor":[70,70,70,70,70,70,70,70,70,70,70,70,70,70,70,70],"card_choices":[{"not_picked":["Dagger Throw","Deadly Poison"],"picked":"Choke","floor":1},{"not_picked":["Skewer","Poisoned Stab"],"picked":"Cloak And Dagger","floor":2},{"not_picked":["Catalyst","Flechettes"],"picked":"Deflect","floor":5},{"not_picked":["Deadly Poison","Dagger Throw"],"picked":"Poisoned Stab","floor":7},{"not_picked":["Calculated Gamble","Flying Knee"],"picked":"Catalyst","floor":10},{"not_picked":["Prepared","Setup"],"picked":"Cloak And Dagger","floor":12},{"not_picked":["Venomology","Dodge and Roll"],"picked":"Backflip","floor":14}],"player_experience":450041,"relics_obtained":[{"floor":7,"key":"Oddly Smooth Stone"},{"floor":9,"key":"Tiny Chest"},{"floor":10,"key":"Singing Bowl"},{"floor":13,"key":"Ninja Scroll"}],"event_choices":[{"damage_healed":0,"gold_gain":0,"player_choice":"Entered Light","damage_taken":14,"max_hp_gain":0,"max_hp_loss":0,"event_name":"Shining Light","floor":3,"gold_loss":0,"cards_upgraded":["Defend_G","Defend_G"]},{"cards_removed":["Strike_G"],"damage_healed":0,"gold_gain":0,"player_choice":"Card Removal","damage_taken":7,"max_hp_gain":0,"max_hp_loss":0,"event_name":"Golden Wing","floor":4,"gold_loss":0}],"is_beta":false,"boss_relics":[],"items_purged_floors":[],"is_endless":false,"potions_floor_spawned":[5,7,12],"killed_by":"Hexaghost","ascension_level":4}