{"gold_per_floor":[362,374,374,387,30,60,60,92,118,143,206,225,225,240,240,340,340,359,359,370,384,384,384],"floor_reached":23,"playtime":1652,"items_purged":["Regret"],"score":222,"play_id":"eb83ea53-25d3-4be7-8e63-419a5904baf9","local_time":"20190326072842","is_ascension_mode":true,"campfire_choices":[{"floor":13,"key":"REST"},{"data":"Bash","floor":15,"key":"SMITH"}],"neow_cost":"CURSE","seed_source_timestamp":42421188512451,"circlet_count":0,"master_deck":["Strike_R","Strike_R","Strike_R","Strike_R","Strike_R","Defend_R","Defend_R","Defend_R","Defend_R","Bash+1","Iron Wave","Anger","Anger","Rupture","Warcry","Cleave","Pommel Strike","Flex","Fire Breathing","Thunderclap","Dropkick","Exhume","Heavy Blade","Rampage+1","Metallicize+1"],"relics":["Burning Blood","Paper Frog","HandDrill","Orichalcum","Kunai","Regal Pillow","Boot","Potion Belt","Unceasing Top","Black Star","Peace Pipe"],"potions_floor_usage":[6,8,10,12,18,20],"damage_taken":[{"damage":5,"enemies":"Cultist","floor":1,"turns":4},{"damage":3,"enemies":"Jaw Worm","floor":2,"turns":4},{"damage":2,"enemies":"Small Slimes","floor":4,"turns":3},{"damage":28,"enemies":"Lagavulin","floor":6,"turns":7},{"damage":19,"enemies":"Gremlin Nob","floor":8,"turns":4},{"damage":12,"enemies":"Lagavulin","floor":10,"turns":4},{"damage":13,"enemies":"3 Sentries","floor":11,"turns":7},{"damage":0,"enemies":"Exordium Wildlife","floor":12,"turns":2},{"damage":3,"enemies":"Lots of Slimes","floor":14,"turns":4},{"damage":38,"enemies":"Hexaghost","floor":16,"turns":8},{"damage":20,"enemies":"Spheric Guardian","floor":18,"turns":4},{"damage":20,"enemies":"2 Thieves","floor":20,"turns":5},{"damage":44,"enemies":"Centurion and Healer","floor":21,"turns":8},{"damage":14,"enemies":"Gremlin Leader","floor":23,"turns":4}],"seed_played":"6436020113569772521","potions_obtained":[{"floor":2,"key":"Block Potion"},{"floor":6,"key":"SkillPotion"},{"floor":8,"key":"Poison Potion"},{"floor":10,"key":"Energy Potion"},{"floor":16,"key":"SteroidPotion"},{"floor":18,"key":"Energy Potion"}],"is_trial":false,"path_per_floor":["M","M","?","M","$","E","T","E","T","E","?","M","R","M","R","B",null,"M","?","M","M","?","E"],"character_chosen":"IRONCLAD","items_purchased":["HandDrill","Rupture","Warcry"],"campfire_rested":1,"item_purchase_floors":[5,5,5],"current_hp_per_floor":[80,80,80,80,80,58,58,45,45,39,32,38,77,80,80,48,80,66,66,52,14,14,0],"gold":384,"neow_bonus":"TWO_FIFTY_GOLD","is_prod":false,"is_daily":false,"chose_seed":false,"campfire_upgraded":1,"win_rate":0,"timestamp":1553549322,"path_taken":["M","?","?","M","$","E","?","E","T","E","?","M","R","M","R","BOSS","M","?","M","M","?","E"],"build_version":"2019-01-23","purchased_purges":1,"victory":false,"max_hp_per_floor":[80,80,80,80,80,80,80,80,80,80,80,80,80,80,80,80,80,80,80,80,80,80,80],"card_choices":[{"not_picked":["Pummel","Sword Boomerang"],"picked":"Iron Wave","floor":1},{"not_picked":["Intimidate","Sword Boomerang"],"picked":"Anger","floor":2},{"not_picked":["Cleave","Feel No Pain"],"picked":"Anger","floor":4},{"not_picked":["Reaper","Whirlwind"],"picked":"Cleave","floor":6},{"not_picked":["Corruption","Warcry"],"picked":"Pommel Strike","floor":8},{"not_picked":["Brutality","Juggernaut"],"picked":"Flex","floor":10},{"not_picked":["Sword Boomerang","Clothesline"],"picked":"Fire Breathing","floor":11},{"not_picked":["Clash","Twin Strike"],"picked":"Thunderclap","floor":12},{"not_picked":["Evolve","Twin Strike"],"picked":"Dropkick","floor":14},{"not_picked":["Offering","Juggernaut"],"picked":"Exhume","floor":16},{"not_picked":["Body Slam","Havoc"],"picked":"Heavy Blade","floor":18},{"not_picked":["Sword Boomerang","Headbutt"],"picked":"Rampage+1","floor":20},{"not_picked":["True Grit+1","Wild Strike+1"],"picked":"Metallicize+1","floor":21}],"player_experience":149111,"relics_obtained":[{"floor":6,"key":"Orichalcum"},{"floor":7,"key":"Kunai"},{"floor":8,"key":"Regal Pillow"},{"floor":9,"key":"Boot"},{"floor":10,"key":"Potion Belt"},{"floor":11,"key":"Unceasing Top"}],"event_choices":[{"damage_healed":0,"gold_gain":0,"player_choice":"Box","damage_taken":0,"relics_obtained":["Paper Frog"],"max_hp_gain":0,"max_hp_loss":0,"event_name":"Big Fish","floor":3,"gold_loss":0,"cards_obtained":["Regret"]},{"damage_healed":0,"gold_gain":30,"player_choice":"Searched \u00273\u0027 times","damage_taken":0,"max_hp_gain":0,"max_hp_loss":0,"event_name":"Dead Adventurer","floor":11,"gold_loss":0},{"damage_healed":0,"gold_gain":0,"player_choice":"Opened","damage_taken":0,"relics_obtained":["Peace Pipe"],"max_hp_gain":0,"max_hp_loss":0,"event_name":"The Mausoleum","floor":19,"gold_loss":0},{"cards_removed":["Clumsy"],"damage_healed":0,"gold_gain":0,"player_choice":"Removed Curses","damage_taken":0,"max_hp_gain":0,"max_hp_loss":0,"event_name":"Fountain of Cleansing","floor":22,"gold_loss":0}],"is_beta":false,"boss_relics":[{"not_picked":["White Beast Statue","Eternal Feather"],"picked":"Black Star"}],"items_purged_floors":[5],"is_endless":false,"potions_floor_spawned":[2,6,8,10,16,18],"killed_by":"Gremlin Leader","ascension_level":1}