{"gold_per_floor":[117,24,99,115,129,129,129,150,150,150,150,217,237,277,277,401,401,422,422],"floor_reached":19,"playtime":580,"items_purged":[],"score":217,"play_id":"c6d6c445-e2ae-47b8-a1ed-265c17391dcf","local_time":"20190520063530","is_ascension_mode":true,"campfire_choices":[{"data":"Neutralize","floor":6,"key":"SMITH"},{"data":"Dagger Spray","floor":10,"key":"SMITH"},{"floor":15,"key":"REST"}],"neow_cost":"NONE","seed_source_timestamp":67256114751958,"circlet_count":0,"master_deck":["Defend_G","Defend_G","Defend_G","Defend_G","Defend_G","Strike_G","Strike_G","Survivor","Neutralize+1","Poisoned Stab","Footwork","Dagger Spray+1","Riddle With Holes","Dash","Injury","Quick Slash","Regret","Glass Knife","Adrenaline","After Image","Flying Knee+1","Eviscerate+1","Riddle With Holes+1","Escape Plan"],"relics":["Ring of the Snake","NeowsBlessing","Golden Idol","Question Card","Darkstone Periapt","Molten Egg 2","Astrolabe"],"potions_floor_usage":[14,16,16],"damage_taken":[{"damage":0,"enemies":"Small Slimes","floor":1,"turns":1},{"damage":0,"enemies":"2 Louse","floor":4,"turns":1},{"damage":0,"enemies":"Cultist","floor":5,"turns":1},{"damage":0,"enemies":"2 Fungi Beasts","floor":8,"turns":4},{"damage":0,"enemies":"Looter","floor":13,"turns":3},{"damage":13,"enemies":"3 Sentries","floor":14,"turns":7},{"damage":65,"enemies":"Slime Boss","floor":16,"turns":13},{"damage":24,"enemies":"2 Thieves","floor":18,"turns":4},{"damage":37,"enemies":"Colosseum Slavers","floor":19,"turns":4}],"seed_played":"-4054604904710893544","potions_obtained":[{"floor":5,"key":"Poison Potion"},{"floor":13,"key":"Block Potion"},{"floor":14,"key":"GamblersBrew"}],"is_trial":false,"path_per_floor":["M","$","?","M","M","R","?","M","T","R","?","?","M","E","R","B",null,"M","?"],"character_chosen":"THE_SILENT","items_purchased":["Footwork","Dagger Spray"],"campfire_rested":1,"item_purchase_floors":[2,2],"current_hp_per_floor":[63,63,52,52,52,52,52,52,52,52,58,58,58,45,67,2,58,34,0],"gold":422,"neow_bonus":"THREE_ENEMY_KILL","is_prod":false,"is_daily":false,"chose_seed":false,"campfire_upgraded":2,"win_rate":0,"timestamp":1558298130,"path_taken":["M","$","?","M","M","R","?","M","T","R","?","?","M","E","R","BOSS","M","?"],"build_version":"2019-01-23","purchased_purges":0,"victory":false,"max_hp_per_floor":[70,70,70,70,70,70,70,70,70,70,76,76,76,76,76,76,76,76,76],"card_choices":[{"not_picked":["Deflect","Flying Knee"],"picked":"Poisoned Stab","floor":1},{"not_picked":["PiercingWail","Dagger Spray"],"picked":"Riddle With Holes","floor":4},{"not_picked":["Dagger Throw","Eviscerate"],"picked":"Dash","floor":5},{"not_picked":["Slice","Cloak And Dagger"],"picked":"Quick Slash","floor":8},{"not_picked":["Prepared","Sucker Punch","Finisher"],"picked":"Glass Knife","floor":13},{"not_picked":["Cloak And Dagger","Deadly Poison","Backstab"],"picked":"Adrenaline","floor":14},{"not_picked":["Venomology","Night Terror","Wraith Form v2"],"picked":"After Image","floor":16},{"not_picked":["Backflip","Setup+1","Accuracy+1"],"picked":"Escape Plan","floor":18}],"player_experience":681578,"relics_obtained":[{"floor":9,"key":"Question Card"},{"floor":14,"key":"Molten Egg 2"}],"event_choices":[{"damage_healed":0,"gold_gain":75,"player_choice":"Gather Gold","damage_taken":11,"max_hp_gain":0,"max_hp_loss":0,"event_name":"World of Goop","floor":3,"gold_loss":0},{"damage_healed":0,"gold_gain":0,"player_choice":"Take Wound","damage_taken":0,"relics_obtained":["Golden Idol"],"max_hp_gain":0,"max_hp_loss":0,"event_name":"Golden Idol","floor":7,"gold_loss":0,"cards_obtained":["Injury"]},{"damage_healed":0,"gold_gain":0,"player_choice":"Box","damage_taken":0,"relics_obtained":["Darkstone Periapt"],"max_hp_gain":0,"max_hp_loss":0,"event_name":"Big Fish","floor":11,"gold_loss":0,"cards_obtained":["Regret"]},{"damage_healed":0,"gold_gain":67,"player_choice":"Gained Gold","damage_taken":0,"max_hp_gain":0,"max_hp_loss":0,"event_name":"Golden Wing","floor":12,"gold_loss":0},{"damage_healed":0,"gold_gain":0,"player_choice":"Fight","damage_taken":0,"max_hp_gain":0,"max_hp_loss":0,"event_name":"Colosseum","floor":19,"gold_loss":0}],"is_beta":false,"boss_relics":[{"not_picked":["Runic Dome","Tiny House"],"picked":"Astrolabe"}],"items_purged_floors":[],"is_endless":false,"potions_floor_spawned":[5,13,14],"killed_by":"Colosseum Slavers","ascension_level":6}