{"gold_per_floor":[109,109,121,36,0,25,39,39,39,2,2,32,49,84,84,188,188,202,202,213,21,21,21,21],"floor_reached":24,"playtime":841,"items_purged":[],"score":314,"play_id":"a76b5045-9bf9-4e9c-8c8b-5b2a3efb9bc6","local_time":"20190424044931","is_ascension_mode":true,"campfire_choices":[{"data":"Neutralize","floor":8,"key":"SMITH"},{"data":"Poisoned Stab","floor":11,"key":"SMITH"},{"floor":15,"key":"REST"},{"floor":23,"key":"REST"}],"neow_cost":"NONE","seed_source_timestamp":68958925379381,"circlet_count":0,"master_deck":["Defend_G","Defend_G","Defend_G","Defend_G","Defend_G","Strike_G","Strike_G","Strike_G","Strike_G","Survivor","Neutralize+1","Well Laid Plans","PiercingWail","Infinite Blades","Blade Dance","Poisoned Stab+1","Heel Hook","Predator","Flying Knee","Cloak And Dagger","Adrenaline","Corpse Explosion","Backflip","Necronomicurse","Cloak And Dagger"],"relics":["Ring of the Snake","NeowsBlessing","Mummified Hand","Sundial","Ornamental Fan","Lantern","Black Star","Necronomicon","TwistedFunnel"],"potions_floor_usage":[7,14,16],"damage_taken":[{"damage":0,"enemies":"Small Slimes","floor":1,"turns":1},{"damage":0,"enemies":"Jaw Worm","floor":3,"turns":1},{"damage":0,"enemies":"Lagavulin","floor":6,"turns":1},{"damage":0,"enemies":"Cultist","floor":7,"turns":3},{"damage":22,"enemies":"3 Sentries","floor":12,"turns":8},{"damage":0,"enemies":"Blue Slaver","floor":13,"turns":4},{"damage":0,"enemies":"Gremlin Nob","floor":14,"turns":4},{"damage":28,"enemies":"Hexaghost","floor":16,"turns":10},{"damage":7,"enemies":"Shell Parasite","floor":18,"turns":6},{"damage":31,"enemies":"Chosen","floor":20,"turns":5},{"damage":39,"enemies":"Book of Stabbing","floor":24,"turns":5}],"seed_played":"3196442592161898395","potions_obtained":[{"floor":1,"key":"SkillPotion"},{"floor":3,"key":"GhostInAJar"},{"floor":14,"key":"Block Potion"}],"is_trial":false,"path_per_floor":["M","?","M","$","?","E","M","R","T","$","R","E","M","E","R","B",null,"M","?","M","$","?","R","E"],"character_chosen":"THE_SILENT","items_purchased":["Infinite Blades","Blade Dance","Predator","TwistedFunnel"],"campfire_rested":2,"item_purchase_floors":[4,4,10,21],"current_hp_per_floor":[70,63,63,63,63,63,63,63,63,63,63,41,41,41,62,34,70,63,47,16,16,16,37,0],"gold":21,"neow_bonus":"THREE_ENEMY_KILL","is_prod":false,"is_daily":false,"chose_seed":false,"campfire_upgraded":2,"win_rate":0,"timestamp":1556045371,"path_taken":["M","?","M","$","?","E","M","R","T","?","R","E","M","E","R","BOSS","M","?","M","$","?","R","E"],"build_version":"2019-01-23","purchased_purges":0,"victory":false,"max_hp_per_floor":[70,70,70,70,70,70,70,70,70,70,70,70,70,70,70,70,70,70,70,70,70,70,70,70],"card_choices":[{"not_picked":["Catalyst","Masterful Stab"],"picked":"Well Laid Plans","floor":1},{"not_picked":["Predator","Outmaneuver"],"picked":"PiercingWail","floor":3},{"not_picked":["Prepared","Sucker Punch"],"picked":"Poisoned Stab","floor":6},{"not_picked":["Crippling Poison","Slice"],"picked":"Heel Hook","floor":7},{"not_picked":["Outmaneuver","Slice"],"picked":"Flying Knee","floor":12},{"not_picked":["Dagger Spray","Flying Knee"],"picked":"Cloak And Dagger","floor":13},{"not_picked":["Backflip","Expertise"],"picked":"Adrenaline","floor":14},{"not_picked":["Doppelganger","Malaise"],"picked":"Corpse Explosion","floor":16},{"not_picked":["PiercingWail","Concentrate"],"picked":"Backflip","floor":18},{"not_picked":["Deadly Poison+1","Endless Agony"],"picked":"Cloak And Dagger","floor":20}],"player_experience":446227,"relics_obtained":[{"floor":6,"key":"Mummified Hand"},{"floor":9,"key":"Sundial"},{"floor":12,"key":"Ornamental Fan"},{"floor":14,"key":"Lantern"},{"floor":19,"key":"Necronomicon"}],"event_choices":[{"cards_removed":["Strike_G"],"damage_healed":0,"gold_gain":0,"player_choice":"Card Removal","damage_taken":7,"max_hp_gain":0,"max_hp_loss":0,"event_name":"Golden Wing","floor":2,"gold_loss":0},{"damage_healed":0,"gold_gain":0,"player_choice":"Left Gold","damage_taken":0,"max_hp_gain":0,"max_hp_loss":0,"event_name":"World of Goop","floor":5,"gold_loss":36},{"damage_healed":0,"gold_gain":0,"player_choice":"Obtained Book","damage_taken":16,"max_hp_gain":0,"max_hp_loss":0,"event_name":"Cursed Tome","floor":19,"gold_loss":0},{"damage_healed":0,"gold_gain":0,"player_choice":"Ignored","damage_taken":0,"max_hp_gain":0,"max_hp_loss":0,"event_name":"Ghosts","floor":22,"gold_loss":0}],"is_beta":false,"boss_relics":[{"not_picked":["Velvet Choker","Fusion Hammer"],"picked":"Black Star"}],"items_purged_floors":[],"is_endless":false,"potions_floor_spawned":[1,3,14],"killed_by":"Book of Stabbing","ascension_level":4}