{"gold_per_floor":[111,36,36,36,54,54,54,94,94,94,113,26,26,49,49,144,144,158,191,191,211,229,229,245,263,263,263,67,67,67,111,111,209,209,222,222,222,222,241,279,279,72,72,72,92,152,188,23,23,23],"floor_reached":51,"playtime":2454,"items_purged":["Strike_R","Strike_R+1"],"score":1308,"play_id":"e9d638b0-e4fb-4106-b318-a4648a84e369","local_time":"20190704234949","is_ascension_mode":true,"campfire_choices":[{"data":"Whirlwind","floor":6,"key":"SMITH"},{"data":"Clothesline","floor":10,"key":"SMITH"},{"data":"Shrug It Off","floor":13,"key":"SMITH"},{"data":"Inflame","floor":15,"key":"SMITH"},{"data":"Feed","floor":23,"key":"SMITH"},{"data":"Shockwave","floor":27,"key":"SMITH"},{"data":"Inflame","floor":30,"key":"SMITH"},{"data":"Seeing Red","floor":32,"key":"SMITH"},{"data":"Master of Strategy","floor":41,"key":"SMITH"},{"data":"Disarm","floor":44,"key":"SMITH"},{"data":"Headbutt","floor":49,"key":"SMITH"}],"neow_cost":"NONE","seed_source_timestamp":1765192772034729,"circlet_count":0,"master_deck":["AscendersBane","Strike_R+1","Strike_R+1","Defend_R+1","Defend_R+1","Defend_R+1","Defend_R+1","Bash+1","Whirlwind+1","Seeing Red+1","Clothesline+1","Headbutt+1","Inflame+1","Shrug It Off+1","Reaper","Feed+1","Twin Strike+1","Inflame+1","Shockwave+1","Iron Wave+1","Master of Strategy+1","Disarm+1","Iron Wave+1"],"relics":["Burning Blood","Golden Idol","Bag of Preparation","Turnip","Du-Vu Doll","Philosopher\u0027s Stone","Red Mask","Bronze Scales","Membership Card","Enchiridion","Juzu Bracelet","Velvet Choker","Art of War","Torii","Calipers","Ice Cream","Pen Nib","Ancient Tea Set"],"potions_floor_usage":[8,8,19,24,33,40,46,50,50],"damage_taken":[{"damage":14,"enemies":"Jaw Worm","floor":1,"turns":6},{"damage":0,"enemies":"Small Slimes","floor":5,"turns":3},{"damage":20,"enemies":"3 Sentries","floor":8,"turns":4},{"damage":0,"enemies":"2 Louse","floor":11,"turns":1},{"damage":0,"enemies":"Large Slime","floor":14,"turns":3},{"damage":12,"enemies":"The Guardian","floor":16,"turns":13},{"damage":20,"enemies":"Spheric Guardian","floor":18,"turns":4},{"damage":0,"enemies":"Masked Bandits","floor":19,"turns":1},{"damage":0,"enemies":"3 Byrds","floor":21,"turns":4},{"damage":17,"enemies":"3 Cultists","floor":22,"turns":4},{"damage":5,"enemies":"Cultist and Chosen","floor":24,"turns":4},{"damage":8,"enemies":"Snecko","floor":25,"turns":4},{"damage":0,"enemies":"Gremlin Leader","floor":31,"turns":5},{"damage":49,"enemies":"Champ","floor":33,"turns":10},{"damage":5,"enemies":"Orb Walker","floor":35,"turns":2},{"damage":0,"enemies":"3 Darklings","floor":39,"turns":2},{"damage":13,"enemies":"Giant Head","floor":40,"turns":6},{"damage":5,"enemies":"Sphere and 2 Shapes","floor":45,"turns":4},{"damage":22,"enemies":"2 Orb Walkers","floor":46,"turns":3},{"damage":0,"enemies":"Reptomancer","floor":47,"turns":3},{"damage":70,"enemies":"Time Eater","floor":50,"turns":8}],"seed_played":"-218091716849866481","potions_obtained":[{"floor":1,"key":"Swift Potion"},{"floor":5,"key":"BloodPotion"},{"floor":16,"key":"Strength Potion"},{"floor":18,"key":"Poison Potion"},{"floor":22,"key":"Block Potion"},{"floor":25,"key":"SpeedPotion"},{"floor":40,"key":"PowerPotion"}],"is_trial":false,"path_per_floor":["M","$","?","?","M","R","?","E","T","R","M","$","R","M","R","B",null,"M","?","?","M","M","R","M","M","T","R","$","?","R","E","R","B",null,"M","?","?","?","M","E","R","$","T","R","M","?","E","$","R","B",null],"character_chosen":"IRONCLAD","items_purchased":["Inflame","Shrug It Off","Membership Card","Torii","Disarm","Strength Potion","BloodPotion","Ancient Tea Set"],"campfire_rested":0,"item_purchase_floors":[12,12,28,42,42,42,48,48],"current_hp_per_floor":[60,60,34,29,35,35,28,32,32,32,38,38,38,44,44,46,68,54,60,60,69,77,77,82,83,83,83,83,62,62,89,89,62,82,89,85,85,75,81,74,74,74,74,74,85,69,85,85,85,61],"gold":23,"neow_bonus":"UPGRADE_CARD","is_prod":false,"is_daily":false,"chose_seed":false,"campfire_upgraded":11,"win_rate":0,"timestamp":1562251789,"path_taken":["M","$","?","?","M","R","?","E","T","R","M","?","R","M","R","BOSS","M","?","?","M","M","R","M","M","T","R","$","?","R","E","R","BOSS","M","?","?","?","M","E","R","$","T","R","M","?","E","$","R","BOSS"],"build_version":"2019-07-01","purchased_purges":2,"victory":true,"max_hp_per_floor":[75,75,75,75,75,75,75,75,75,75,75,75,75,75,75,75,75,75,75,75,78,81,81,85,85,85,85,85,85,85,89,89,89,89,89,85,85,85,85,85,85,85,85,85,85,85,85,85,85,85],"card_choices":[{"not_picked":["True Grit","Shrug It Off"],"picked":"Whirlwind","floor":1},{"not_picked":["Twin Strike","Anger"],"picked":"Seeing Red","floor":5},{"not_picked":["Wild Strike","Carnage"],"picked":"Clothesline","floor":8},{"not_picked":["Infernal Blade","Warcry"],"picked":"Headbutt","floor":11},{"not_picked":["Sword Boomerang","Second Wind"],"picked":"Reaper","floor":14},{"not_picked":["Impervious","Juggernaut"],"picked":"Feed","floor":16},{"not_picked":["Wild Strike","Rupture","Body Slam+1"],"picked":"SKIP","floor":18},{"not_picked":["Infernal Blade","Headbutt"],"picked":"Twin Strike+1","floor":19},{"not_picked":["Flex","Sword Boomerang"],"picked":"Inflame","floor":21},{"not_picked":["Entrench","Heavy Blade","Anger"],"picked":"SKIP","floor":22},{"not_picked":["Entrench","Heavy Blade","Anger"],"picked":"SKIP","floor":22},{"not_picked":["Sword Boomerang","Rage+1","Blood for Blood"],"picked":"SKIP","floor":24},{"not_picked":["Sword Boomerang+1","Warcry+1"],"picked":"Shockwave","floor":25},{"not_picked":["Clothesline","Armaments+1","Uppercut"],"picked":"SKIP","floor":31},{"not_picked":["Clothesline","Armaments+1","Uppercut"],"picked":"SKIP","floor":31},{"not_picked":["Spot Weakness","Carnage"],"picked":"Iron Wave+1","floor":35},{"not_picked":["Secret Weapon","Trip"],"picked":"Master of Strategy","floor":38},{"not_picked":["Perfected Strike","Spot Weakness","Blood for Blood"],"picked":"SKIP","floor":39},{"not_picked":["Warcry","Pommel Strike","Immolate"],"picked":"SKIP","floor":40},{"not_picked":["Warcry","Pommel Strike","Immolate"],"picked":"SKIP","floor":40},{"not_picked":["Body Slam","Rampage","Perfected Strike+1"],"picked":"SKIP","floor":45},{"not_picked":["Fire Breathing","Feed"],"picked":"Iron Wave+1","floor":47}],"player_experience":1076728,"relics_obtained":[{"floor":8,"key":"Turnip"},{"floor":9,"key":"Du-Vu Doll"},{"floor":19,"key":"Red Mask"},{"floor":26,"key":"Bronze Scales"},{"floor":29,"key":"Enchiridion"},{"floor":31,"key":"Juzu Bracelet"},{"floor":40,"key":"Art of War"},{"floor":43,"key":"Calipers"},{"floor":46,"key":"Ice Cream"},{"floor":47,"key":"Pen Nib"}],"event_choices":[{"damage_healed":0,"gold_gain":0,"player_choice":"Take Damage","damage_taken":26,"relics_obtained":["Golden Idol"],"max_hp_gain":0,"max_hp_loss":0,"event_name":"Golden Idol","floor":3,"gold_loss":0},{"damage_healed":0,"gold_gain":0,"player_choice":"Success","damage_taken":5,"relics_obtained":["Bag of Preparation"],"max_hp_gain":0,"max_hp_loss":0,"event_name":"Scrap Ooze","floor":4,"gold_loss":0},{"cards_removed":["Strike_R"],"damage_healed":0,"gold_gain":0,"player_choice":"Card Removal","damage_taken":7,"max_hp_gain":0,"max_hp_loss":0,"event_name":"Golden Wing","floor":7,"gold_loss":0},{"damage_healed":0,"gold_gain":0,"player_choice":"Fought Bandits","damage_taken":0,"max_hp_gain":0,"max_hp_loss":0,"event_name":"Masked Bandits","floor":19,"gold_loss":0},{"damage_healed":0,"gold_gain":0,"player_choice":"Simplicity","damage_taken":0,"max_hp_gain":0,"max_hp_loss":0,"event_name":"Back to Basics","floor":20,"gold_loss":0,"cards_upgraded":["Strike_R","Strike_R","Strike_R","Defend_R","Defend_R","Defend_R","Defend_R"]},{"damage_healed":0,"gold_gain":0,"player_choice":"Obtained Book","damage_taken":21,"max_hp_gain":0,"max_hp_loss":0,"event_name":"Cursed Tome","floor":29,"gold_loss":0},{"damage_healed":0,"gold_gain":0,"player_choice":"Max HP","damage_taken":0,"max_hp_gain":0,"max_hp_loss":4,"event_name":"Winding Halls","floor":36,"gold_loss":0},{"damage_healed":0,"gold_gain":0,"player_choice":"0 cards matched","damage_taken":0,"max_hp_gain":0,"max_hp_loss":0,"event_name":"Match and Keep!","floor":37,"gold_loss":0,"cards_obtained":[]},{"damage_healed":0,"gold_gain":0,"player_choice":"Memory 3","damage_taken":10,"max_hp_gain":0,"max_hp_loss":0,"event_name":"SensoryStone","floor":38,"gold_loss":0},{"damage_healed":0,"gold_gain":0,"player_choice":"Fight","damage_taken":0,"max_hp_gain":0,"max_hp_loss":0,"event_name":"Mysterious Sphere","floor":46,"gold_loss":0}],"is_beta":false,"boss_relics":[{"not_picked":["Runic Cube","Empty Cage"],"picked":"Philosopher\u0027s Stone"},{"not_picked":["Tiny House","Mark of Pain"],"picked":"Velvet Choker"}],"items_purged_floors":[2,48],"is_endless":false,"potions_floor_spawned":[1,5,16,18,22,25,31,40,45],"ascension_level":15}