{"gold_per_floor":[111,31,47,62,72,72,100,114,114,128,154,168,202,122,122,197,247,263,280,290,290,290,316,92,92,92,122,122,132,132,162,162,236,236,246,246,262,262,262,322,322,322,348,73,108,108,125,153,153,153,153,153,153,70,100,100],"floor_reached":57,"playtime":25461,"items_purged":[],"score":3011,"play_id":"a422b265-574b-49c8-b4cb-18615288f22f","local_time":"20190624151744","is_ascension_mode":true,"campfire_choices":[{"data":"Sunder","floor":6.0,"key":"SMITH"},{"data":"Coolheaded","floor":15.0,"key":"SMITH"},{"data":"Zap","floor":25.0,"key":"SMITH"},{"data":"Seek","floor":28.0,"key":"SMITH"},{"floor":30.0,"key":"REST"},{"data":"Double Energy","floor":32.0,"key":"SMITH"},{"floor":41.0,"key":"RECALL"},{"data":"Hologram","floor":46.0,"key":"SMITH"},{"data":"Hologram","floor":49.0,"key":"SMITH"},{"floor":53.0,"key":"REST"}],"neow_cost":"NONE","seed_source_timestamp":0,"circlet_count":0,"master_deck":["AscendersBane","Strike_B","Strike_B","Strike_B","Defend_B","Defend_B","Defend_B","Defend_B","Zap+1","Dualcast","Sweeping Beam+1","Sunder+1","FTL","Self Repair","Coolheaded+1","Go for the Eyes+1","Ball Lightning","Scrape","Steam","Core Surge+1","Double Energy+1","Compile Driver","Stack","All For One","Hologram+1","Undo","Genetic Algorithm","Glacier","Meteor Strike","Compile Driver","Seek+1","Compile Driver","Reboot","Echo Form","Hologram+1","Tempest","Madness","Madness","Hologram","Go for the Eyes","Capacitor+1","Reprogram","Coolheaded+1","Force Field","Echo Form"],"special_seed":0,"relics":["Philosopher\u0027s Stone","Ice Cream","Matryoshka","Whetstone","Bottled Lightning","Tiny House","Regal Pillow","Runic Capacitor","Oddly Smooth Stone","Nunchaku","Sundial","Bag of Marbles","Runic Pyramid","Ancient Tea Set","Emotion Chip","Tiny Chest","DataDisk","Bottled Flame","Question Card","Pear"],"potions_floor_usage":[56],"damage_taken":[{"damage":8.0,"enemies":"Small Slimes","floor":1.0,"turns":4.0},{"damage":8.0,"enemies":"Jaw Worm","floor":3.0,"turns":3.0},{"damage":0.0,"enemies":"Cultist","floor":4.0,"turns":3.0},{"damage":0.0,"enemies":"2 Fungi Beasts","floor":5.0,"turns":2.0},{"damage":14.0,"enemies":"Lagavulin","floor":7.0,"turns":7.0},{"damage":9.0,"enemies":"Exordium Wildlife","floor":8.0,"turns":3.0},{"damage":4.0,"enemies":"Large Slime","floor":10.0,"turns":4.0},{"damage":7.0,"enemies":"Gremlin Nob","floor":11.0,"turns":3.0},{"damage":6.0,"enemies":"Blue Slaver","floor":12.0,"turns":4.0},{"damage":20.0,"enemies":"Lagavulin","floor":13.0,"turns":6.0},{"damage":22.0,"enemies":"Hexaghost","floor":16.0,"turns":9.0},{"damage":9.0,"enemies":"3 Byrds","floor":18.0,"turns":4.0},{"damage":2.0,"enemies":"2 Thieves","floor":19.0,"turns":3.0},{"damage":22.0,"enemies":"3 Cultists","floor":20.0,"turns":5.0},{"damage":26.0,"enemies":"Slavers","floor":23.0,"turns":7.0},{"damage":9.0,"enemies":"Gremlin Leader","floor":27.0,"turns":7.0},{"damage":0.0,"enemies":"Snecko","floor":29.0,"turns":4.0},{"damage":16.0,"enemies":"Book of Stabbing","floor":31.0,"turns":6.0},{"damage":27.0,"enemies":"Automaton","floor":33.0,"turns":7.0},{"damage":0.0,"enemies":"Orb Walker","floor":35.0,"turns":2.0},{"damage":0.0,"enemies":"3 Shapes","floor":37.0,"turns":5.0},{"damage":0.0,"enemies":"Giant Head","floor":40.0,"turns":4.0},{"damage":0.0,"enemies":"Nemesis","floor":45.0,"turns":5.0},{"damage":1.0,"enemies":"Maw","floor":47.0,"turns":3.0},{"damage":0.0,"enemies":"Giant Head","floor":48.0,"turns":6.0},{"damage":21.0,"enemies":"Awakened One","floor":50.0,"turns":6.0},{"damage":32.0,"enemies":"Time Eater","floor":51.0,"turns":6.0},{"damage":23.0,"enemies":"Shield and Spear","floor":55.0,"turns":4.0},{"damage":69,"enemies":"The Heart","floor":56,"turns":10}],"seed_played":"908556972218952","potions_obtained":[{"floor":3.0,"key":"PowerPotion"},{"floor":8.0,"key":"SpeedPotion"},{"floor":10.0,"key":"SkillPotion"},{"floor":11.0,"key":"Explosive Potion"},{"floor":17.0,"key":"PowerPotion"},{"floor":20.0,"key":"SkillPotion"},{"floor":31.0,"key":"Fire Potion"},{"floor":33.0,"key":"AttackPotion"},{"floor":37.0,"key":"AttackPotion"}],"is_trial":false,"path_per_floor":["M","$","M","M","M","R","E","M","T","M","E","M","E","$","R","B",null,"M","M","M","?","?","E","$","R","T","E","R","M","R","E","R","B",null,"M","?","M","T","$","E","R","?","T","$","E","R","M","E","R","B","B",null,"R","$","E","B",null],"character_chosen":"DEFECT","items_purchased":["Sunder","Compile Driver","Stack","Runic Capacitor","DataDisk","Hologram","Go for the Eyes","Force Field"],"campfire_rested":2,"item_purchase_floors":[2,14,14,24,44,44,44,54],"current_hp_per_floor":[56,56,48,48,55,55,48,46,46,49,49,50,37,37,37,22,64,55,60,38,53,53,34,34,34,34,32,32,39,76,60,60,40,67,67,67,67,67,67,74,74,60,60,60,67,67,66,73,73,59,41,67,76,76,70,8],"gold":100,"neow_bonus":"BOSS_RELIC","is_prod":false,"is_daily":false,"chose_seed":false,"campfire_upgraded":7,"win_rate":0,"timestamp":1561403864,"path_taken":["M","$","M","M","M","R","E","M","T","M","E","M","E","$","R","BOSS","M","M","M","?","?","E","$","R","T","E","R","?","R","E","R","BOSS","M","?","M","?","$","E","R","?","T","?","E","R","M","E","R","BOSS","BOSS","R","$","E","BOSS"],"build_version":"2019-06-18","purchased_purges":0,"victory":true,"max_hp_per_floor":[71,71,71,71,71,71,71,71,71,71,71,71,71,71,71,71,76,76,76,76,76,76,76,76,76,76,76,76,76,76,76,76,76,76,76,76,76,76,76,76,76,76,76,76,76,76,76,76,76,76,76,76,76,76,86,86],"card_choices":[{"not_picked":["Undo","Lockon"],"picked":"Sweeping Beam","floor":1.0},{"not_picked":["Sweeping Beam","Reprogram"],"picked":"FTL","floor":3.0},{"not_picked":["Beam Cell","Ball Lightning"],"picked":"Self Repair","floor":4.0},{"not_picked":["Heatsinks","Go for the Eyes"],"picked":"Coolheaded","floor":5.0},{"not_picked":["Turbo","Blizzard"],"picked":"Go for the Eyes","floor":7.0},{"not_picked":["Scrape","Loop"],"picked":"Ball Lightning","floor":8.0},{"not_picked":["Gash","Sweeping Beam"],"picked":"Scrape","floor":10.0},{"not_picked":["Go for the Eyes","Stack"],"picked":"Steam","floor":11.0},{"not_picked":["Blizzard","BootSequence"],"picked":"Core Surge","floor":12.0},{"not_picked":["Beam Cell","Heatsinks"],"picked":"Double Energy","floor":13.0},{"not_picked":["Core Surge","Reboot"],"picked":"All For One","floor":16.0},{"not_picked":["Sweeping Beam","Reprogram"],"picked":"Hologram","floor":17.0},{"not_picked":["Darkness","Ball Lightning"],"picked":"Undo","floor":18.0},{"not_picked":["Scrape","Conserve Battery"],"picked":"Genetic Algorithm","floor":19.0},{"not_picked":["Ball Lightning","FTL"],"picked":"Glacier","floor":20.0},{"not_picked":["Beam Cell","Lockon"],"picked":"Compile Driver","floor":23.0},{"not_picked":["Skim","Hyperbeam"],"picked":"Seek","floor":27.0},{"not_picked":["Reprogram","Rebound"],"picked":"Compile Driver","floor":29.0},{"not_picked":["Force Field","Hello World"],"picked":"Reboot","floor":31.0},{"not_picked":["Meteor Strike","Reboot"],"picked":"Echo Form","floor":33.0},{"not_picked":["Ball Lightning+1","Aggregate"],"picked":"Hologram","floor":35.0},{"not_picked":["Ball Lightning+1","Go for the Eyes"],"picked":"Tempest","floor":37.0},{"not_picked":["Hyperbeam","Rebound+1","White Noise"],"picked":"SKIP","floor":40.0},{"not_picked":["Hologram","Melter"],"picked":"Capacitor+1","floor":45.0},{"not_picked":["Static Discharge","Ball Lightning"],"picked":"Reprogram","floor":47.0},{"not_picked":["Barrage","Hello World"],"picked":"Coolheaded+1","floor":48.0},{"not_picked":["Conserve Battery","Force Field","Go for the Eyes"],"picked":"Echo Form","floor":55.0}],"player_experience":3009053,"relics_obtained":[{"floor":7.0,"key":"Ice Cream"},{"floor":9.0,"key":"Matryoshka"},{"floor":11.0,"key":"Whetstone"},{"floor":13.0,"key":"Bottled Lightning"},{"floor":23.0,"key":"Regal Pillow"},{"floor":26.0,"key":"Oddly Smooth Stone"},{"floor":26.0,"key":"Nunchaku"},{"floor":27.0,"key":"Sundial"},{"floor":31.0,"key":"Bag of Marbles"},{"floor":38.0,"key":"Ancient Tea Set"},{"floor":38.0,"key":"Emotion Chip"},{"floor":40.0,"key":"Tiny Chest"},{"floor":45.0,"key":"Bottled Flame"},{"floor":48.0,"key":"Question Card"},{"floor":55.0,"key":"Pear"}],"event_choices":[{"damage_healed":15.0,"max_hp_gain":0.0,"max_hp_loss":0.0,"gold_gain":0.0,"event_name":"The Library","player_choice":"Heal","floor":21.0,"gold_loss":0.0,"damage_taken":0.0},{"damage_healed":0.0,"max_hp_gain":0.0,"max_hp_loss":0.0,"gold_gain":0.0,"cards_transformed":["Strike_B"],"event_name":"Transmorgrifier","player_choice":"Transformed","floor":22.0,"gold_loss":0.0,"damage_taken":0.0,"cards_obtained":["Meteor Strike"]},{"damage_healed":0.0,"max_hp_gain":0.0,"max_hp_loss":0.0,"gold_gain":0.0,"event_name":"Tomb of Lord Red Mask","player_choice":"Ignored","floor":36.0,"gold_loss":0.0,"damage_taken":0.0},{"damage_healed":0.0,"max_hp_gain":0.0,"max_hp_loss":0.0,"gold_gain":0.0,"event_name":"Winding Halls","player_choice":"Embrace Madness","floor":42.0,"gold_loss":0.0,"damage_taken":14.0,"cards_obtained":["Madness","Madness"]}],"is_beta":true,"boss_relics":[{"not_picked":["Orrery","Velvet Choker"],"picked":"Tiny House"},{"not_picked":["Nuclear Battery","Coffee Dripper"],"picked":"Runic Pyramid"}],"items_purged_floors":[],"is_endless":false,"potions_floor_spawned":[3,8,10,11,13,20,31,33,35,37],"ascension_level":20}