{"gold_per_floor":[112,37,55,55,55,89,89,109,186,200,229,246,256,275,275,275],"floor_reached":16,"playtime":2133,"items_purged":["Defend_R"],"score":120,"play_id":"63d3a186-0080-4edd-8e76-f6b000390384","local_time":"20190710234128","is_ascension_mode":true,"campfire_choices":[{"data":"Whirlwind","floor":7.0,"key":"SMITH"},{"data":"Battle Trance","floor":15,"key":"SMITH"}],"neow_cost":"NONE","seed_source_timestamp":0,"circlet_count":0,"master_deck":["Strike_R","Strike_R","Strike_R","Strike_R","Strike_R","Defend_R","Bash","Flex","Heavy Blade","Fire Breathing","Whirlwind+1","Battle Trance+1","Heavy Blade"],"special_seed":0,"relics":["Burning Blood","Regal Pillow","Sundial","Anchor"],"potions_floor_usage":[13,16,16,16],"damage_taken":[{"damage":7.0,"enemies":"2 Louse","floor":1.0,"turns":3.0},{"damage":0.0,"enemies":"Small Slimes","floor":3.0,"turns":3.0},{"damage":34.0,"enemies":"Gremlin Nob","floor":6.0,"turns":5.0},{"damage":0.0,"enemies":"Cultist","floor":8.0,"turns":2.0},{"damage":10.0,"enemies":"Looter","floor":10.0,"turns":2.0},{"damage":36.0,"enemies":"Lagavulin","floor":11.0,"turns":5.0},{"damage":8.0,"enemies":"Exordium Wildlife","floor":12.0,"turns":2.0},{"damage":7,"enemies":"Large Slime","floor":13,"turns":4},{"damage":0,"enemies":"3 Louse","floor":14,"turns":1},{"damage":37,"enemies":"The Guardian","floor":16,"turns":4}],"seed_played":"-5759684673633201731","potions_obtained":[{"floor":1.0,"key":"Strength Potion"},{"floor":8.0,"key":"Strength Potion"},{"floor":10.0,"key":"Weak Potion"},{"floor":13,"key":"Ancient Potion"}],"is_trial":false,"path_per_floor":["M","$","M","?","?","E","R","M","T","M","E","M","M","M","R","B"],"character_chosen":"IRONCLAD","items_purchased":[],"campfire_rested":0,"item_purchase_floors":[],"current_hp_per_floor":[87,87,88,88,88,60,60,66,66,62,32,30,29,35,35,0],"gold":275,"neow_bonus":"TEN_PERCENT_HP_BONUS","is_prod":false,"is_daily":false,"chose_seed":false,"campfire_upgraded":2,"win_rate":0,"timestamp":1562794888,"path_taken":["M","$","M","?","?","E","R","M","T","M","E","M","?","M","R","BOSS"],"build_version":"2019-07-05","purchased_purges":1,"victory":false,"max_hp_per_floor":[88,88,88,88,88,88,88,88,88,88,88,88,88,88,88,88],"card_choices":[{"not_picked":["Pommel Strike","Wild Strike"],"picked":"Flex","floor":1.0},{"not_picked":["Clash","Armaments"],"picked":"Heavy Blade","floor":3.0},{"not_picked":["Immolate","Double Tap"],"picked":"Whirlwind","floor":6.0},{"not_picked":["Headbutt","Evolve","Hemokinesis"],"picked":"SKIP","floor":8.0},{"not_picked":["Havoc","Warcry"],"picked":"Battle Trance","floor":10.0},{"not_picked":["Wild Strike","Headbutt","Rupture"],"picked":"SKIP","floor":11.0},{"not_picked":["Reckless Charge","Iron Wave"],"picked":"Heavy Blade","floor":12.0},{"not_picked":["Carnage","Ghostly Armor","Iron Wave"],"picked":"SKIP","floor":13},{"not_picked":["Ghostly Armor","True Grit","Shrug It Off"],"picked":"SKIP","floor":14}],"player_experience":100066,"relics_obtained":[{"floor":6.0,"key":"Regal Pillow"},{"floor":9.0,"key":"Sundial"},{"floor":11.0,"key":"Anchor"}],"event_choices":[{"cards_removed":["Defend_R"],"damage_healed":0.0,"max_hp_gain":0.0,"max_hp_loss":0.0,"gold_gain":0.0,"event_name":"Living Wall","player_choice":"Forget","floor":4.0,"gold_loss":0.0,"damage_taken":0.0},{"damage_healed":0.0,"max_hp_gain":0.0,"max_hp_loss":0.0,"gold_gain":0.0,"cards_transformed":["Defend_R"],"event_name":"Transmorgrifier","player_choice":"Transformed","floor":5.0,"gold_loss":0.0,"damage_taken":0.0,"cards_obtained":["Fire Breathing"]}],"is_beta":false,"boss_relics":[],"items_purged_floors":[2],"is_endless":false,"potions_floor_spawned":[1,8,10,11,13],"killed_by":"The Guardian","ascension_level":1}