{"gold_per_floor":[112,131,143,143,153,153,153,153,207,241,256,256,283,296,296,369,369,385,106,121,121,121,121,121,155,155,155,174,174,204,204,204,282,282,300,300,213,229,240,265,20,20,43,43,56,88,88,101,101,101],"floor_reached":51,"playtime":2724,"items_purged":["Strike_R","Bash"],"score":1280,"play_id":"41ce6dce-ccc9-4f8b-ad44-689459044be3","local_time":"20190713152139","is_ascension_mode":true,"campfire_choices":[{"data":"Fiend Fire","floor":6,"key":"SMITH"},{"data":"Cleave","floor":8,"key":"SMITH"},{"data":"Feed","floor":12,"key":"SMITH"},{"data":"Disarm","floor":15,"key":"SMITH"},{"data":"Shockwave","floor":23,"key":"SMITH"},{"data":"Exhume","floor":27,"key":"SMITH"},{"floor":29,"key":"REST"},{"floor":32,"key":"REST"},{"floor":44,"key":"REST"},{"floor":47,"key":"REST"},{"floor":49,"key":"REST"}],"neow_cost":"NONE","seed_source_timestamp":173937983118815,"circlet_count":0,"master_deck":["AscendersBane","Strike_R","Strike_R","Strike_R","Defend_R+1","Defend_R+1","Defend_R+1","Defend_R","Fiend Fire+1","Flame Barrier+1","Battle Trance","Cleave+1","Shrug It Off","Disarm+1","Feed+1","Offering","Intimidate+1","Shockwave+1","Exhume+1","Offering","Disarm+1","Cleave","Warcry+1","Shrug It Off","Feel No Pain"],"relics":["Burning Blood","Strawberry","Tiny Chest","Bottled Lightning","War Paint","Sozu","Brimstone","Du-Vu Doll","Smiling Mask","Kunai","The Courier","Mummified Hand","Lizard Tail","Blue Candle","Sundial","Membership Card","Oddly Smooth Stone","Bronze Scales","Art of War"],"potions_floor_usage":[10,11,14,16],"damage_taken":[{"damage":1,"enemies":"Cultist","floor":1,"turns":4},{"damage":12,"enemies":"Small Slimes","floor":2,"turns":3},{"damage":0,"enemies":"Jaw Worm","floor":3,"turns":3},{"damage":0,"enemies":"Blue Slaver","floor":5,"turns":4},{"damage":14,"enemies":"Lagavulin","floor":10,"turns":5},{"damage":0,"enemies":"Exordium Thugs","floor":11,"turns":4},{"damage":14,"enemies":"3 Sentries","floor":13,"turns":10},{"damage":0,"enemies":"Red Slaver","floor":14,"turns":6},{"damage":17,"enemies":"The Guardian","floor":16,"turns":16},{"damage":17,"enemies":"2 Thieves","floor":18,"turns":5},{"damage":6,"enemies":"Chosen","floor":20,"turns":2},{"damage":24,"enemies":"Book of Stabbing","floor":25,"turns":4},{"damage":13,"enemies":"Snake Plant","floor":28,"turns":3},{"damage":20,"enemies":"Slavers","floor":30,"turns":3},{"damage":29,"enemies":"Champ","floor":33,"turns":8},{"damage":6,"enemies":"3 Shapes","floor":35,"turns":4},{"damage":14,"enemies":"3 Darklings","floor":38,"turns":5},{"damage":46,"enemies":"Sphere and 2 Shapes","floor":39,"turns":12},{"damage":31,"enemies":"Reptomancer","floor":40,"turns":3},{"damage":20,"enemies":"Jaw Worm Horde","floor":45,"turns":4},{"damage":15,"enemies":"Giant Head","floor":46,"turns":7},{"damage":12,"enemies":"Spire Growth","floor":48,"turns":4},{"damage":60,"enemies":"Time Eater","floor":50,"turns":10}],"seed_played":"2773914961449694039","potions_obtained":[{"floor":1,"key":"Poison Potion"},{"floor":3,"key":"GamblersBrew"},{"floor":10,"key":"Swift Potion"},{"floor":14,"key":"Fire Potion"}],"is_trial":false,"path_per_floor":["M","M","M","?","M","R","T","R","T","E","M","R","E","M","R","B",null,"M","$","M","?","T","R","$","E","T","R","M","R","E","T","R","B",null,"M","T","$","M","M","E","$","?","T","R","M","E","R","M","R","B",null],"character_chosen":"IRONCLAD","items_purchased":["Brimstone","Cleave","Membership Card","Oddly Smooth Stone","Feel No Pain"],"campfire_rested":5,"item_purchase_floors":[19,37,41,41,41],"current_hp_per_floor":[73,67,73,50,56,56,63,63,63,55,61,61,57,67,67,60,86,75,75,75,75,75,75,75,57,57,57,50,78,64,64,92,69,88,92,92,92,84,44,19,19,19,19,48,42,33,64,58,89,35],"gold":101,"neow_bonus":"ONE_RANDOM_RARE_CARD","is_prod":false,"is_daily":false,"chose_seed":false,"campfire_upgraded":6,"win_rate":0,"timestamp":1562998899,"path_taken":["M","M","?","?","M","R","?","R","T","E","M","R","E","M","R","BOSS","M","$","M","?","?","R","$","E","T","R","M","R","E","?","R","BOSS","M","?","?","?","?","E","$","?","T","R","?","E","R","M","R","BOSS"],"build_version":"2019-07-01","purchased_purges":2,"victory":true,"max_hp_per_floor":[75,75,75,75,75,75,82,82,82,82,82,82,86,90,90,94,94,94,94,94,94,94,94,94,94,94,94,94,94,94,94,94,94,94,98,98,98,98,98,98,98,98,98,98,106,106,106,106,106,106],"card_choices":[{"not_picked":["Feel No Pain","Wild Strike"],"picked":"Flame Barrier","floor":1},{"not_picked":["Cleave","Shrug It Off"],"picked":"Battle Trance","floor":2},{"not_picked":["Flex","Wild Strike"],"picked":"Cleave","floor":3},{"not_picked":["Seeing Red","Whirlwind"],"picked":"Shrug It Off","floor":5},{"not_picked":["Clash","Carnage"],"picked":"Disarm","floor":10},{"not_picked":["Blood for Blood","Burning Pact"],"picked":"Feed","floor":11},{"not_picked":["Rupture","Heavy Blade","Infernal Blade"],"picked":"SKIP","floor":13},{"not_picked":["Anger","Sword Boomerang","Twin Strike"],"picked":"SKIP","floor":14},{"not_picked":["Anger","Sword Boomerang","Twin Strike"],"picked":"SKIP","floor":14},{"not_picked":["Anger","Sword Boomerang","Twin Strike"],"picked":"SKIP","floor":14},{"not_picked":["Juggernaut","Dark Embrace"],"picked":"Offering","floor":16},{"not_picked":["Flex","Sentinel","Armaments"],"picked":"SKIP","floor":18},{"not_picked":["Reckless Charge","Perfected Strike"],"picked":"Intimidate+1","floor":20},{"not_picked":["Intimidate","Twin Strike+1"],"picked":"Exhume","floor":25},{"not_picked":["Evolve","Body Slam","Twin Strike"],"picked":"SKIP","floor":28},{"not_picked":["Warcry","Clothesline","Iron Wave"],"picked":"SKIP","floor":30},{"not_picked":["Brutality","Fiend Fire"],"picked":"Offering","floor":33},{"not_picked":["Feel No Pain+1","Anger+1"],"picked":"Disarm+1","floor":35},{"not_picked":["True Grit+1","Sever Soul"],"picked":"Warcry+1","floor":38},{"not_picked":["Fire Breathing+1","Shrug It Off","Entrench"],"picked":"SKIP","floor":39},{"not_picked":["Fire Breathing+1","Entrench"],"picked":"Shrug It Off","floor":39},{"not_picked":["Exhume","True Grit","Rupture"],"picked":"SKIP","floor":40},{"not_picked":["Cleave","Burning Pact+1","Rage"],"picked":"SKIP","floor":45},{"not_picked":["Pommel Strike","Burning Pact","Flame Barrier"],"picked":"SKIP","floor":46},{"not_picked":["Seeing Red","Thunderclap","Body Slam"],"picked":"SKIP","floor":48}],"player_experience":1112086,"relics_obtained":[{"floor":7,"key":"Strawberry"},{"floor":9,"key":"Tiny Chest"},{"floor":10,"key":"Bottled Lightning"},{"floor":13,"key":"War Paint"},{"floor":22,"key":"Du-Vu Doll"},{"floor":25,"key":"Smiling Mask"},{"floor":26,"key":"Kunai"},{"floor":30,"key":"The Courier"},{"floor":31,"key":"Mummified Hand"},{"floor":36,"key":"Blue Candle"},{"floor":40,"key":"Sundial"},{"floor":43,"key":"Bronze Scales"},{"floor":46,"key":"Art of War"}],"event_choices":[{"damage_healed":0,"gold_gain":0,"player_choice":"Entered Light","damage_taken":23,"max_hp_gain":0,"max_hp_loss":0,"event_name":"Shining Light","floor":4,"gold_loss":0,"cards_upgraded":["Defend_R","Flame Barrier"]},{"damage_healed":0,"gold_gain":0,"player_choice":"Read","damage_taken":0,"max_hp_gain":0,"max_hp_loss":0,"event_name":"The Library","floor":21,"gold_loss":0,"cards_obtained":["Shockwave"]},{"cards_removed":["Strike_R"],"damage_healed":0,"gold_gain":0,"player_choice":"Card Removal","damage_taken":0,"max_hp_gain":0,"max_hp_loss":0,"event_name":"Wheel of Change","floor":42,"gold_loss":0}],"is_beta":false,"boss_relics":[{"not_picked":["Pandora\u0027s Box","Eternal Feather"],"picked":"Sozu"},{"not_picked":["Philosopher\u0027s Stone","Coffee Dripper"],"picked":"Lizard Tail"}],"items_purged_floors":[19,37],"is_endless":false,"potions_floor_spawned":[1,3,10,14,20,25,30,33,38,45],"ascension_level":15}