{"gold_per_floor":[117,117,117,117,133,163,53,53,53,70,103,103,137,154,154,227,227,238,238,257,86,106,136,136,168,168,168,168,218,251,103,103,182,182,193,193,293,305,305,338,363,394,443,443,468,480,480,500,500,500,500,500,500,19,50,50],"floor_reached":57,"playtime":3860,"items_purged":["Defend_G","Quick Slash"],"score":2934,"play_id":"021968f5-36c8-4194-9c59-6f3267a46ee9","local_time":"20190406115150","is_ascension_mode":true,"campfire_choices":[{"floor":8,"key":"REST"},{"floor":12,"key":"REST"},{"data":"Cloak And Dagger","floor":15,"key":"SMITH"},{"floor":24,"key":"REST"},{"floor":28,"key":"REST"},{"floor":32,"key":"REST"},{"data":"Wraith Form v2","floor":44,"key":"SMITH"},{"floor":47,"key":"RECALL"},{"data":"Well Laid Plans","floor":49,"key":"SMITH"},{"data":"After Image","floor":53,"key":"SMITH"}],"neow_cost":"NONE","seed_source_timestamp":0,"circlet_count":0,"master_deck":["AscendersBane","Defend_G+1","Defend_G","Defend_G","Defend_G","Survivor+1","Neutralize+1","Dagger Spray+1","Backflip","Sucker Punch","Terror","Finisher","Cloak And Dagger+1","Glass Knife","Wraith Form v2+1","Cloak And Dagger+1","Cloak And Dagger","Blur","Well Laid Plans+1","Dash","Backstab","Backflip","Heel Hook+1","Bite","Bite","Bite","Bite","Bite","Flash of Steel","Night Terror","Dodge and Roll+1","Infinite Blades","Acrobatics","After Image+1","Dash+1","Backflip","Noxious Fumes","Footwork"],"relics":["Black Star","Dodecahedron","Omamori","Sundial","Matryoshka","Art of War","Shuriken","Mango","Sozu","Mercury Hourglass","Bottled Lightning","Juzu Bracelet","Vajra","Centennial Puzzle","Pantograph","Smiling Mask","Strawberry","Coffee Dripper","WingedGreaves","War Paint","The Courier","Bag of Preparation","Ninja Scroll","Pear","Regal Pillow","Blood Vial","Oddly Smooth Stone","Letter Opener","Bag of Marbles","Du-Vu Doll","Ornamental Fan","Lantern"],"potions_floor_usage":[6,10,16,55],"damage_taken":[{"damage":7,"enemies":"Cultist","floor":1,"turns":6},{"damage":5,"enemies":"Small Slimes","floor":5,"turns":5},{"damage":21,"enemies":"3 Sentries","floor":6,"turns":8},{"damage":1,"enemies":"2 Louse","floor":10,"turns":6},{"damage":37,"enemies":"Lagavulin","floor":11,"turns":8},{"damage":17,"enemies":"3 Sentries","floor":13,"turns":8},{"damage":0,"enemies":"Large Slime","floor":14,"turns":5},{"damage":31,"enemies":"Slime Boss","floor":16,"turns":7},{"damage":2,"enemies":"Spheric Guardian","floor":18,"turns":4},{"damage":0,"enemies":"Chosen","floor":20,"turns":3},{"damage":27,"enemies":"Snake Plant","floor":22,"turns":6},{"damage":17,"enemies":"Gremlin Leader","floor":23,"turns":7},{"damage":23,"enemies":"Slavers","floor":25,"turns":5},{"damage":35,"enemies":"Book of Stabbing","floor":30,"turns":3},{"damage":25,"enemies":"Champ","floor":33,"turns":8},{"damage":18,"enemies":"3 Darklings","floor":35,"turns":8},{"damage":11,"enemies":"Mind Bloom Boss Battle","floor":37,"turns":7},{"damage":3,"enemies":"3 Shapes","floor":38,"turns":4},{"damage":40,"enemies":"Reptomancer","floor":40,"turns":8},{"damage":11,"enemies":"Nemesis","floor":41,"turns":5},{"damage":0,"enemies":"Reptomancer","floor":42,"turns":7},{"damage":5,"enemies":"Giant Head","floor":45,"turns":8},{"damage":0,"enemies":"Sphere and 2 Shapes","floor":46,"turns":5},{"damage":0,"enemies":"3 Darklings","floor":48,"turns":2},{"damage":33,"enemies":"Time Eater","floor":50,"turns":14},{"damage":65,"enemies":"Awakened One","floor":51,"turns":14},{"damage":30,"enemies":"Shield and Spear","floor":55,"turns":11},{"damage":76,"enemies":"The Heart","floor":56,"turns":11}],"seed_played":"25958770634827","potions_obtained":[{"floor":1,"key":"Dexterity Potion"},{"floor":6,"key":"GamblersBrew"},{"floor":11,"key":"PowerPotion"},{"floor":13,"key":"GhostInAJar"}],"is_trial":false,"path_per_floor":["M","?","?","?","M","E","$","R","T","M","E","R","E","M","R","B",null,"M","?","M","$","M","E","R","E","T","?","R","?","E","$","R","B",null,"M","?","?","M","?","E","E","E","T","R","E","M","R","M","R","B","B",null,"R","$","E","B",null],"character_chosen":"THE_SILENT","items_purchased":["Regen Potion","Sucker Punch","Well Laid Plans","Dash","Flash of Steel","Bag of Marbles","Footwork","Du-Vu Doll"],"campfire_rested":5,"item_purchase_floors":[7,7,21,21,31,54,54,54],"current_hp_per_floor":[52,32,54,54,49,28,28,47,47,61,24,43,40,40,40,9,62,60,60,60,60,33,16,40,17,17,17,33,33,13,13,31,45,59,63,60,59,60,60,38,37,57,57,57,68,70,70,70,70,55,20,58,58,58,48,5],"gold":50,"neow_bonus":"BOSS_RELIC","is_prod":false,"is_daily":false,"chose_seed":true,"campfire_upgraded":4,"win_rate":0,"timestamp":1554565910,"path_taken":["M","?","?","?","M","E","$","R","T","M","E","R","E","M","R","BOSS","M","?","M","$","M","E","R","E","T","?","R","?","E","$","R","BOSS","M","?","?","M","?","E","E","E","T","R","E","M","R","M","R","BOSS","BOSS","R","$","E","BOSS"],"build_version":"2019-04-04","purchased_purges":2,"victory":true,"max_hp_per_floor":[66,66,66,66,66,66,66,66,66,66,66,66,80,80,80,80,80,80,80,80,80,80,80,80,80,80,56,56,56,63,63,63,63,63,63,60,60,60,60,60,60,70,70,70,70,70,70,70,70,70,70,70,70,70,70,70],"card_choices":[{"not_picked":["Heel Hook","Accuracy"],"picked":"Dagger Spray","floor":1},{"not_picked":["Acrobatics","Crippling Poison"],"picked":"Backflip","floor":5},{"not_picked":["Setup","Accuracy"],"picked":"Quick Slash","floor":6},{"not_picked":["Masterful Stab","Eviscerate"],"picked":"Terror","floor":10},{"not_picked":["Slice","Tactician"],"picked":"Finisher","floor":11},{"not_picked":["Riddle With Holes","Acrobatics"],"picked":"Cloak And Dagger","floor":13},{"not_picked":["Flying Knee","Endless Agony"],"picked":"Glass Knife","floor":14},{"not_picked":["Glass Knife","Bullet Time"],"picked":"Wraith Form v2","floor":16},{"not_picked":["Sucker Punch","Blur"],"picked":"Cloak And Dagger+1","floor":18},{"not_picked":["Flying Knee","Acrobatics"],"picked":"Blur","floor":20},{"not_picked":["Deflect","Calculated Gamble"],"picked":"Backstab","floor":22},{"not_picked":["Dagger Throw","Flechettes"],"picked":"Backflip","floor":23},{"not_picked":["Caltrops","Prepared"],"picked":"Heel Hook+1","floor":25},{"not_picked":["All Out Attack","Endless Agony","Underhanded Strike"],"picked":"SKIP","floor":30},{"not_picked":["Storm of Steel","Die Die Die"],"picked":"Night Terror","floor":33},{"not_picked":["Flechettes","Flying Knee"],"picked":"Dodge and Roll+1","floor":35},{"not_picked":["Bane","Skewer"],"picked":"Infinite Blades","floor":37},{"not_picked":["Dagger Throw","Dagger Spray","Sucker Punch+1"],"picked":"SKIP","floor":38},{"not_picked":["Distraction+1","Heel Hook+1"],"picked":"Acrobatics","floor":40},{"not_picked":["Concentrate","Night Terror"],"picked":"After Image","floor":41},{"not_picked":["Terror","Deflect","Endless Agony+1"],"picked":"SKIP","floor":42},{"not_picked":["Heel Hook","Slice+1"],"picked":"Dash+1","floor":45},{"not_picked":["Setup+1","Slice"],"picked":"Backflip","floor":46},{"not_picked":["Masterful Stab","Dagger Throw"],"picked":"Noxious Fumes","floor":48},{"not_picked":["Predator","Deflect","Catalyst+1"],"picked":"SKIP","floor":55}],"player_experience":2743989,"relics_obtained":[{"floor":6,"key":"Dodecahedron"},{"floor":6,"key":"Omamori"},{"floor":9,"key":"Sundial"},{"floor":11,"key":"Matryoshka"},{"floor":11,"key":"Art of War"},{"floor":13,"key":"Shuriken"},{"floor":13,"key":"Mango"},{"floor":23,"key":"Mercury Hourglass"},{"floor":23,"key":"Bottled Lightning"},{"floor":25,"key":"Juzu Bracelet"},{"floor":25,"key":"Vajra"},{"floor":26,"key":"Centennial Puzzle"},{"floor":26,"key":"Pantograph"},{"floor":30,"key":"Smiling Mask"},{"floor":30,"key":"Strawberry"},{"floor":37,"key":"WingedGreaves"},{"floor":40,"key":"War Paint"},{"floor":40,"key":"The Courier"},{"floor":41,"key":"Bag of Preparation"},{"floor":41,"key":"Ninja Scroll"},{"floor":42,"key":"Pear"},{"floor":42,"key":"Regal Pillow"},{"floor":43,"key":"Blood Vial"},{"floor":45,"key":"Oddly Smooth Stone"},{"floor":45,"key":"Letter Opener"},{"floor":55,"key":"Ornamental Fan"},{"floor":55,"key":"Lantern"}],"event_choices":[{"damage_healed":0,"gold_gain":0,"player_choice":"Entered Light","damage_taken":20,"max_hp_gain":0,"max_hp_loss":0,"event_name":"Shining Light","floor":2,"gold_loss":0,"cards_upgraded":["Neutralize","Strike_G"]},{"damage_healed":22,"gold_gain":0,"player_choice":"Banana","damage_taken":0,"max_hp_gain":0,"max_hp_loss":0,"event_name":"Big Fish","floor":3,"gold_loss":0},{"damage_healed":0,"gold_gain":0,"player_choice":"Grow","damage_taken":0,"max_hp_gain":0,"max_hp_loss":0,"event_name":"Living Wall","floor":4,"gold_loss":0,"cards_upgraded":["Dagger Spray"]},{"damage_healed":0,"gold_gain":0,"player_choice":"Read","damage_taken":0,"max_hp_gain":0,"max_hp_loss":0,"event_name":"The Library","floor":19,"gold_loss":0,"cards_obtained":["Cloak And Dagger"]},{"damage_healed":0,"gold_gain":0,"player_choice":"Became a vampire","damage_taken":0,"max_hp_gain":0,"max_hp_loss":24,"event_name":"Vampires","floor":27,"gold_loss":0,"cards_obtained":["Bite","Bite","Bite","Bite","Bite"]},{"damage_healed":0,"gold_gain":50,"player_choice":"Stole From Cult","damage_taken":0,"max_hp_gain":0,"max_hp_loss":0,"event_name":"Nest","floor":29,"gold_loss":0},{"damage_healed":0,"gold_gain":0,"player_choice":"Max HP","damage_taken":0,"max_hp_gain":0,"max_hp_loss":3,"event_name":"Winding Halls","floor":36,"gold_loss":0},{"damage_healed":0,"gold_gain":0,"player_choice":"Fight","damage_taken":0,"max_hp_gain":0,"max_hp_loss":0,"event_name":"MindBloom","floor":37,"gold_loss":0},{"damage_healed":0,"gold_gain":0,"player_choice":"Ignored","damage_taken":0,"max_hp_gain":0,"max_hp_loss":0,"event_name":"Tomb of Lord Red Mask","floor":39,"gold_loss":0}],"is_beta":true,"boss_relics":[{"not_picked":["Astrolabe","Pandora\u0027s Box"],"picked":"Sozu"},{"not_picked":["WristBlade","Tiny House"],"picked":"Coffee Dripper"}],"items_purged_floors":[31,54],"is_endless":false,"potions_floor_spawned":[1,6,11,13,20,25,30,37,38,45,46,55],"ascension_level":20}