{"gold_per_floor":[119,119,194,194,204,229,246,246,246,21,53,69,82,98,98,196,196,185,196,206,206,221,248,114,140,222,232,232,242,242,253,253,348,348,363,463,463,473,528,528,562,578,578,501,501,517,517,0,0,0],"floor_reached":51,"playtime":3611,"items_purged":["Strike_G","Defend_G"],"score":704,"play_id":"d88d1650-2803-4194-9a7b-6f0eb766c950","local_time":"20190108030626","is_ascension_mode":false,"campfire_choices":[{"data":"Infinite Blades","floor":8,"key":"SMITH"},{"data":"After Image","floor":15,"key":"SMITH"},{"data":"Finisher","floor":28,"key":"SMITH"},{"data":"Blade Dance","floor":30,"key":"SMITH"},{"data":"Blade Dance","floor":32,"key":"SMITH"},{"floor":40,"key":"REST"},{"data":"Infinite Blades","floor":45,"key":"SMITH"},{"data":"Leg Sweep","floor":47,"key":"SMITH"},{"floor":49,"key":"REST"}],"neow_cost":"NONE","seed_source_timestamp":1086428807749612,"circlet_count":0,"master_deck":["Defend_G","Defend_G","Defend_G","Strike_G","Strike_G","Strike_G","Strike_G","Survivor","Neutralize","Escape Plan","Calculated Gamble","Infinite Blades+1","Blade Dance+1","Dagger Spray","Finisher+1","After Image+1","Leg Sweep+1","Dagger Throw","Acrobatics","Envenom","Flechettes","RitualDagger","Flying Knee","Underhanded Strike","Well Laid Plans","Backflip","Choke","Blade Dance+1","Backstab","Burst","Dagger Spray+1","PiercingWail","Master of Strategy","Dash","Footwork","Caltrops+1","Distraction+1","Infinite Blades+1","Well Laid Plans+1","Backflip+1"],"relics":["Ring of the Snake","Meat on the Bone","Vajra","Sundial","Mummified Hand","Lizard Tail","Dream Catcher","Shuriken","Question Card","Busted Crown","Ice Cream","Calipers","Ancient Tea Set","Bottled Lightning","Red Mask"],"potions_floor_usage":[16,18,20,23,33,46],"damage_taken":[{"damage":0,"enemies":"Small Slimes","floor":1,"turns":5},{"damage":0,"enemies":"Jaw Worm","floor":5,"turns":3},{"damage":57,"enemies":"Gremlin Nob","floor":6,"turns":6},{"damage":0,"enemies":"Cultist","floor":7,"turns":3},{"damage":2,"enemies":"Lagavulin","floor":11,"turns":6},{"damage":0,"enemies":"Large Slime","floor":12,"turns":3},{"damage":14,"enemies":"Exordium Wildlife","floor":13,"turns":4},{"damage":1,"enemies":"Blue Slaver","floor":14,"turns":3},{"damage":5,"enemies":"Hexaghost","floor":16,"turns":12},{"damage":9,"enemies":"2 Thieves","floor":18,"turns":4},{"damage":7,"enemies":"Spheric Guardian","floor":19,"turns":4},{"damage":6,"enemies":"Centurion and Healer","floor":20,"turns":6},{"damage":24,"enemies":"Sentry and Sphere","floor":22,"turns":7},{"damage":39,"enemies":"Book of Stabbing","floor":23,"turns":6},{"damage":34,"enemies":"Gremlin Leader","floor":25,"turns":7},{"damage":10,"enemies":"Snake Plant","floor":27,"turns":4},{"damage":1,"enemies":"Cultist and Chosen","floor":29,"turns":5},{"damage":8,"enemies":"Chosen and Byrds","floor":31,"turns":5},{"damage":37,"enemies":"Collector","floor":33,"turns":7},{"damage":17,"enemies":"3 Shapes","floor":35,"turns":2},{"damage":7,"enemies":"Mind Bloom Boss Battle","floor":36,"turns":5},{"damage":14,"enemies":"3 Darklings","floor":38,"turns":3},{"damage":16,"enemies":"2 Orb Walkers","floor":39,"turns":4},{"damage":7,"enemies":"Giant Head","floor":41,"turns":6},{"damage":15,"enemies":"4 Shapes","floor":42,"turns":5},{"damage":0,"enemies":"Writhing Mass","floor":46,"turns":3},{"damage":45,"enemies":"Time Eater","floor":50,"turns":8}],"seed_played":"-2326655491563813028","potions_obtained":[{"floor":1,"key":"GamblersBrew"},{"floor":7,"key":"Dexterity Potion"},{"floor":11,"key":"Regen Potion"},{"floor":16,"key":"SkillPotion"},{"floor":19,"key":"SteroidPotion"},{"floor":25,"key":"Weak Potion"},{"floor":29,"key":"SpeedPotion"},{"floor":31,"key":"EssenceOfSteel"},{"floor":33,"key":"Swift Potion"},{"floor":46,"key":"Energy Potion"}],"is_trial":false,"path_per_floor":["M","?","?","?","M","E","M","R","T","$","E","M","M","M","R","B",null,"M","M","M","?","M","E","$","E","T","M","R","M","R","M","R","B",null,"M","?","?","M","?","R","E","M","T","$","R","M","R","?","R","B",null],"character_chosen":"THE_SILENT","items_purchased":["Finisher","After Image","Well Laid Plans","Infinite Blades"],"campfire_rested":2,"item_purchase_floors":[10,10,24,44],"current_hp_per_floor":[77,77,66,66,66,21,33,33,33,33,43,43,41,40,40,50,77,68,61,55,49,37,50,50,28,28,30,30,41,41,45,45,20,77,60,53,53,39,35,58,51,48,48,48,48,48,48,48,71,38],"gold":0,"neow_bonus":"TEN_PERCENT_HP_BONUS","is_prod":false,"is_daily":false,"chose_seed":false,"campfire_upgraded":7,"win_rate":0.0,"timestamp":1546934786,"path_taken":["M","?","?","?","M","E","?","R","T","$","E","M","M","M","R","BOSS","M","M","M","?","M","E","$","E","T","M","R","M","R","M","R","BOSS","M","?","?","M","?","R","E","M","T","?","R","?","R","?","R","BOSS"],"build_version":"2019-01-03v4","purchased_purges":2,"victory":true,"max_hp_per_floor":[77,77,77,77,77,77,77,77,77,77,77,77,77,77,77,77,77,77,77,77,77,77,77,77,77,77,77,77,77,77,77,77,77,77,77,77,77,77,77,77,77,77,77,77,77,77,77,77,77,77],"card_choices":[{"not_picked":["Masterful Stab","Deflect"],"picked":"Escape Plan","floor":1},{"not_picked":["Blade Dance","Well Laid Plans"],"picked":"Infinite Blades","floor":5},{"not_picked":["Escape Plan","All Out Attack"],"picked":"Blade Dance","floor":6},{"not_picked":["Deadly Poison","All Out Attack"],"picked":"Dagger Spray","floor":7},{"not_picked":["Poisoned Stab","Slice"],"picked":"Leg Sweep","floor":11},{"not_picked":["Deflect","Deadly Poison","Skewer"],"picked":"SKIP","floor":12},{"not_picked":["Dodge and Roll","Sucker Punch"],"picked":"Dagger Throw","floor":13},{"not_picked":["Deflect","Underhanded Strike"],"picked":"Acrobatics","floor":14},{"not_picked":["Wraith Form v2","Bullet Time"],"picked":"Envenom","floor":16},{"not_picked":["Deflect","Deadly Poison","Dodge and Roll"],"picked":"SKIP","floor":18},{"not_picked":["Bouncing Flask","Predator"],"picked":"Flechettes","floor":19},{"not_picked":["Riddle With Holes","Deflect","Crippling Poison"],"picked":"SKIP","floor":20},{"not_picked":["Wraith Form v2","Acrobatics"],"picked":"Flying Knee","floor":22},{"not_picked":["Bouncing Flask+1","Dagger Throw"],"picked":"Underhanded Strike","floor":23},{"not_picked":["Poisoned Stab","Dash"],"picked":"Backflip","floor":25},{"not_picked":["Dagger Spray","PiercingWail","Outmaneuver"],"picked":"Choke","floor":27},{"not_picked":["Sucker Punch","Die Die Die","Distraction"],"picked":"Blade Dance","floor":29},{"not_picked":["Flying Knee","Tactician","Poisoned Stab"],"picked":"Backstab","floor":31},{"not_picked":["Venomology","Envenom","Die Die Die"],"picked":"Burst","floor":33},{"not_picked":["Prepared"],"picked":"Dagger Spray+1","floor":35},{"not_picked":["Crippling Poison"],"picked":"PiercingWail","floor":36},{"not_picked":["Madness"],"picked":"Master of Strategy","floor":37},{"not_picked":["Dagger Throw+1"],"picked":"Dash","floor":38},{"not_picked":["Heel Hook"],"picked":"Footwork","floor":39},{"not_picked":["Acrobatics+1"],"picked":"Caltrops+1","floor":40},{"not_picked":["Prepared+1"],"picked":"Distraction+1","floor":41},{"not_picked":["Slice","Sucker Punch"],"picked":"SKIP","floor":42},{"not_picked":["Riddle With Holes"],"picked":"Well Laid Plans+1","floor":46},{"not_picked":["Masterful Stab+1"],"picked":"Backflip+1","floor":49}],"player_experience":10807,"relics_obtained":[{"floor":6,"key":"Vajra"},{"floor":9,"key":"Sundial"},{"floor":11,"key":"Mummified Hand"},{"floor":23,"key":"Dream Catcher"},{"floor":25,"key":"Shuriken"},{"floor":26,"key":"Question Card"},{"floor":36,"key":"Ice Cream"},{"floor":39,"key":"Calipers"},{"floor":41,"key":"Ancient Tea Set"},{"floor":43,"key":"Bottled Lightning"}],"event_choices":[{"damage_healed":0,"gold_gain":0,"cards_transformed":["Defend_G"],"player_choice":"Change","damage_taken":0,"max_hp_gain":0,"max_hp_loss":0,"event_name":"Living Wall","floor":2,"gold_loss":0,"cards_obtained":["Calculated Gamble"]},{"damage_healed":0,"gold_gain":75,"player_choice":"Gather Gold","damage_taken":11,"max_hp_gain":0,"max_hp_loss":0,"event_name":"World of Goop","floor":3,"gold_loss":0},{"damage_healed":0,"gold_gain":0,"player_choice":"Gave Potion","damage_taken":0,"relics_obtained":["Meat on the Bone"],"max_hp_gain":0,"max_hp_loss":0,"event_name":"WeMeetAgain","floor":4,"gold_loss":0},{"damage_healed":0,"gold_gain":0,"player_choice":"Joined the Cult","damage_taken":6,"max_hp_gain":0,"max_hp_loss":0,"event_name":"Nest","floor":21,"gold_loss":0,"cards_obtained":["RitualDagger"]},{"damage_healed":0,"gold_gain":0,"player_choice":"Fight","damage_taken":0,"max_hp_gain":0,"max_hp_loss":0,"event_name":"MindBloom","floor":36,"gold_loss":0},{"damage_healed":0,"gold_gain":0,"player_choice":"Memory 1","damage_taken":0,"max_hp_gain":0,"max_hp_loss":0,"event_name":"SensoryStone","floor":37,"gold_loss":0},{"damage_healed":0,"gold_gain":0,"player_choice":"Fight","damage_taken":0,"max_hp_gain":0,"max_hp_loss":0,"event_name":"Mysterious Sphere","floor":39,"gold_loss":0},{"damage_healed":0,"gold_gain":0,"player_choice":"Paid","damage_taken":0,"relics_obtained":["Red Mask"],"max_hp_gain":0,"max_hp_loss":0,"event_name":"Tomb of Lord Red Mask","floor":48,"gold_loss":517}],"is_beta":false,"boss_relics":[{"not_picked":["White Beast Statue","Velvet Choker"],"picked":"Lizard Tail"},{"not_picked":["Orrery","Runic Pyramid"],"picked":"Busted Crown"}],"items_purged_floors":[10,24],"is_endless":false,"potions_floor_spawned":[1,7,11,16,19,25,29,31,33,38,41,46],"ascension_level":0}