{"gold_per_floor":[119,119,119,132,146,164,164,205,231,231,245,258,301,301],"floor_reached":14,"playtime":715,"items_purged":[],"score":122,"play_id":"2f216a43-7826-4389-b82c-0cbfc026cd4d","local_time":"20190429091721","is_ascension_mode":true,"campfire_choices":[{"data":"Uppercut","floor":7,"key":"SMITH"},{"floor":10,"key":"REST"}],"neow_cost":"CURSE","seed_source_timestamp":18225764478090,"circlet_count":0,"master_deck":["Strike_R","Strike_R","Strike_R+1","Defend_R","Defend_R","Defend_R","Defend_R","Bash","Decay","Wild Strike+1","Dual Wield","Uppercut+1","Injury","Anger","Warcry","Battle Trance","Double Tap","Shrug It Off","Impervious","Infernal Blade","Wild Strike"],"relics":["Burning Blood","Pen Nib","Golden Idol","Whetstone","Dream Catcher","Lantern"],"potions_floor_usage":[8,13],"damage_taken":[{"damage":9,"enemies":"Jaw Worm","floor":1,"turns":3},{"damage":7,"enemies":"Small Slimes","floor":4,"turns":4},{"damage":9,"enemies":"2 Louse","floor":5,"turns":2},{"damage":14,"enemies":"Blue Slaver","floor":6,"turns":4},{"damage":47,"enemies":"3 Sentries","floor":8,"turns":8},{"damage":13,"enemies":"Large Slime","floor":11,"turns":5},{"damage":9,"enemies":"Exordium Thugs","floor":12,"turns":4},{"damage":32,"enemies":"Gremlin Nob","floor":13,"turns":4},{"damage":13,"enemies":"2 Fungi Beasts","floor":14,"turns":2}],"seed_played":"-6625692664390608512","potions_obtained":[{"floor":4,"key":"FearPotion"},{"floor":5,"key":"Poison Potion"},{"floor":12,"key":"Block Potion"}],"is_trial":false,"path_per_floor":["M","?","?","M","M","M","R","E","T","R","M","M","E","M"],"character_chosen":"IRONCLAD","items_purchased":[],"campfire_rested":1,"item_purchase_floors":[],"current_hp_per_floor":[77,74,74,73,70,62,62,21,21,45,38,35,9,0],"gold":301,"neow_bonus":"TRANSFORM_TWO_CARDS","is_prod":false,"is_daily":false,"chose_seed":false,"campfire_upgraded":1,"win_rate":0,"timestamp":1556493441,"path_taken":["M","?","?","M","M","M","R","E","T","R","M","M","E","M"],"build_version":"2019-01-23","purchased_purges":0,"victory":false,"max_hp_per_floor":[80,80,80,80,80,80,80,80,80,80,80,80,80,80],"card_choices":[{"not_picked":["Headbutt","Whirlwind"],"picked":"Uppercut","floor":1},{"not_picked":["Second Wind","Flex"],"picked":"Anger","floor":4},{"not_picked":["Anger","Heavy Blade"],"picked":"Warcry","floor":5},{"not_picked":["Flame Barrier","Clothesline"],"picked":"Battle Trance","floor":6},{"not_picked":["Flex","Headbutt"],"picked":"Double Tap","floor":8},{"not_picked":["Twin Strike","Cleave"],"picked":"Shrug It Off","floor":10},{"not_picked":["Armaments","Clash"],"picked":"Impervious","floor":11},{"not_picked":["Pommel Strike","Corruption"],"picked":"Infernal Blade","floor":12},{"not_picked":["Sword Boomerang","Flex"],"picked":"Wild Strike","floor":13}],"player_experience":503829,"relics_obtained":[{"floor":8,"key":"Whetstone"},{"floor":9,"key":"Dream Catcher"},{"floor":13,"key":"Lantern"}],"event_choices":[{"damage_healed":0,"gold_gain":0,"player_choice":"Success","damage_taken":3,"relics_obtained":["Pen Nib"],"max_hp_gain":0,"max_hp_loss":0,"event_name":"Scrap Ooze","floor":2,"gold_loss":0},{"damage_healed":0,"gold_gain":0,"player_choice":"Take Wound","damage_taken":0,"relics_obtained":["Golden Idol"],"max_hp_gain":0,"max_hp_loss":0,"event_name":"Golden Idol","floor":3,"gold_loss":0,"cards_obtained":["Injury"]}],"is_beta":false,"boss_relics":[],"items_purged_floors":[],"is_endless":false,"potions_floor_spawned":[4,5,12],"killed_by":"2 Fungi Beasts","ascension_level":4}