{"gold_per_floor":[119,119,138,34,34,34,49,49,49,62,79,29,64,84,84,84],"floor_reached":16,"playtime":529,"items_purged":[],"score":102,"play_id":"920fb7b8-13b8-463b-a2a0-cd30b3d74867","local_time":"20190326152507","is_ascension_mode":false,"campfire_choices":[{"data":"Infernal Blade","floor":6,"key":"SMITH"},{"data":"Infernal Blade","floor":8,"key":"SMITH"},{"data":"Pommel Strike","floor":15,"key":"SMITH"}],"neow_cost":"NONE","seed_source_timestamp":72131780279236,"circlet_count":0,"master_deck":["Strike_R","Strike_R","Strike_R","Strike_R","Strike_R","Defend_R","Defend_R","Defend_R","Defend_R","Bash","Dropkick","Infernal Blade+1","Infernal Blade+1","Pommel Strike+1","Shrug It Off","Regret","Flex","Dropkick","Inflame","Flex","Inflame","Anger"],"relics":["Burning Blood","Mercury Hourglass","Nunchaku","Blue Candle"],"potions_floor_usage":[13,16,16],"damage_taken":[{"damage":1,"enemies":"2 Louse","floor":1,"turns":3},{"damage":0,"enemies":"Small Slimes","floor":3,"turns":4},{"damage":3,"enemies":"Jaw Worm","floor":7,"turns":2},{"damage":17,"enemies":"Large Slime","floor":10,"turns":3},{"damage":0,"enemies":"Exordium Thugs","floor":11,"turns":3},{"damage":28,"enemies":"Lagavulin","floor":13,"turns":4},{"damage":0,"enemies":"Blue Slaver","floor":14,"turns":1},{"damage":67,"enemies":"The Guardian","floor":16,"turns":8}],"seed_played":"-7027861685793769636","potions_obtained":[{"floor":7,"key":"GamblersBrew"},{"floor":10,"key":"EssenceOfSteel"},{"floor":14,"key":"BloodPotion"}],"is_trial":false,"path_per_floor":["M","?","M","$","?","R","M","R","T","M","M","$","E","M","R","B"],"character_chosen":"IRONCLAD","items_purchased":["Pommel Strike","Shrug It Off","Flex"],"campfire_rested":0,"item_purchase_floors":[4,4,12],"current_hp_per_floor":[80,80,80,80,80,80,80,80,80,69,75,75,53,59,59,0],"gold":84,"neow_bonus":"THREE_CARDS","is_prod":false,"is_daily":false,"chose_seed":false,"campfire_upgraded":3,"win_rate":0,"timestamp":1553577907,"path_taken":["M","?","M","$","?","R","M","R","T","M","M","?","E","M","R","BOSS"],"build_version":"2019-01-23","purchased_purges":0,"victory":false,"max_hp_per_floor":[80,80,80,80,80,80,80,80,80,80,80,80,80,80,80,80],"card_choices":[{"not_picked":["Twin Strike","True Grit"],"picked":"Dropkick","floor":0},{"not_picked":["Perfected Strike","Armaments"],"picked":"Infernal Blade","floor":1},{"not_picked":["Twin Strike","Havoc"],"picked":"Infernal Blade","floor":3},{"not_picked":["Twin Strike","Clothesline"],"picked":"Flex","floor":7},{"not_picked":["Body Slam","Clothesline"],"picked":"Dropkick","floor":10},{"not_picked":["Armaments","Burning Pact"],"picked":"Inflame","floor":11},{"not_picked":["Immolate","Searing Blow"],"picked":"Inflame","floor":13},{"not_picked":["Wild Strike","Rampage"],"picked":"Anger","floor":14}],"player_experience":178580,"relics_obtained":[{"floor":9,"key":"Nunchaku"},{"floor":13,"key":"Blue Candle"}],"event_choices":[{"damage_healed":0,"gold_gain":0,"player_choice":"Leave","damage_taken":0,"max_hp_gain":0,"max_hp_loss":0,"event_name":"The Cleric","floor":2,"gold_loss":0},{"damage_healed":0,"gold_gain":0,"player_choice":"Box","damage_taken":0,"relics_obtained":["Mercury Hourglass"],"max_hp_gain":0,"max_hp_loss":0,"event_name":"Big Fish","floor":5,"gold_loss":0,"cards_obtained":["Regret"]}],"is_beta":false,"boss_relics":[],"items_purged_floors":[],"is_endless":false,"potions_floor_spawned":[7,10,14],"killed_by":"The Guardian","ascension_level":0}