{"gold_per_floor":[109,120,31,31,31,66,66,85,137,162,178,194,221,234,234,312,312,232,232,232,195,195,195],"floor_reached":23,"playtime":1043,"items_purged":[],"score":493,"play_id":"25006e09-e7ec-4561-94ec-ae1a802499a8","local_time":"20190528183550","is_ascension_mode":true,"campfire_choices":[{"floor":7.0,"key":"REST"},{"data":"Defragment","floor":15.0,"key":"SMITH"}],"neow_cost":"PERCENT_DAMAGE","seed_source_timestamp":0,"circlet_count":0,"master_deck":["AscendersBane","Defend_B","Defend_B","Defend_B","Defend_B","Zap","Dualcast","Beam Cell","Rip and Tear","Defragment+1","Compile Driver","Biased Cognition","Steam","Loop","Conserve Battery","Ball Lightning","Biased Cognition","Hologram","Bite","Bite","Bite","Bite","Bite","Loop","Glacier","Ball Lightning"],"special_seed":0,"relics":["Cracked Core","Orichalcum","DataDisk","Sundial","Ancient Tea Set","Ectoplasm"],"potions_floor_usage":[16,23],"damage_taken":[{"damage":1.0,"enemies":"Cultist","floor":1.0,"turns":3.0},{"damage":2.0,"enemies":"2 Louse","floor":2.0,"turns":3.0},{"damage":25.0,"enemies":"Lagavulin","floor":6.0,"turns":7.0},{"damage":2.0,"enemies":"Jaw Worm","floor":8.0,"turns":2.0},{"damage":27.0,"enemies":"Gremlin Nob","floor":10.0,"turns":4.0},{"damage":4.0,"enemies":"Exordium Wildlife","floor":11.0,"turns":3.0},{"damage":3.0,"enemies":"2 Fungi Beasts","floor":12.0,"turns":3.0},{"damage":0.0,"enemies":"3 Sentries","floor":13.0,"turns":7.0},{"damage":7.0,"enemies":"Large Slime","floor":14.0,"turns":4.0},{"damage":10,"enemies":"The Guardian","floor":16,"turns":8},{"damage":26,"enemies":"2 Thieves","floor":18,"turns":3},{"damage":63,"enemies":"Slavers","floor":23,"turns":6}],"seed_played":"908556972218915","potions_obtained":[{"floor":6.0,"key":"EssenceOfSteel"},{"floor":8.0,"key":"SkillPotion"},{"floor":10.0,"key":"Block Potion"},{"floor":12.0,"key":"SpeedPotion"},{"floor":16,"key":"Swift Potion"}],"is_trial":false,"path_per_floor":["M","M","$","?","$","E","R","M","T","E","M","M","E","M","R","B",null,"M","?","?","$","?","E"],"character_chosen":"DEFECT","items_purchased":["Defragment","Loop"],"campfire_rested":1,"item_purchase_floors":[3,21],"current_hp_per_floor":[59,57,57,57,57,32,57,55,55,28,24,21,21,14,14,4,65,39,39,39,39,39,0],"gold":195,"neow_bonus":"TWENTY_PERCENT_HP_BONUS","is_prod":false,"is_daily":false,"chose_seed":false,"campfire_upgraded":1,"win_rate":0,"timestamp":1559082950,"path_taken":["M","?","$","?","?","E","R","?","T","E","M","M","E","M","R","BOSS","M","?","?","$","?","E"],"build_version":"2019-05-26","purchased_purges":0,"victory":false,"max_hp_per_floor":[85,85,85,85,85,85,85,85,85,85,85,85,85,85,85,85,85,85,85,59,59,59,59],"card_choices":[{"not_picked":["Streamline","Gash"],"picked":"Beam Cell","floor":1.0},{"not_picked":["Leap","Conserve Battery"],"picked":"Rip and Tear","floor":2.0},{"not_picked":["Lockon","Redo"],"picked":"Compile Driver","floor":6.0},{"not_picked":["Stack","Go for the Eyes"],"picked":"Biased Cognition","floor":8.0},{"not_picked":["Turbo","Double Energy"],"picked":"Steam","floor":10.0},{"not_picked":["Leap","Thunder Strike"],"picked":"Loop","floor":11.0},{"not_picked":["Steam","Gash"],"picked":"Conserve Battery","floor":12.0},{"not_picked":["Fusion","Compile Driver"],"picked":"Ball Lightning","floor":13.0},{"not_picked":["Rebound","Hello World","Compile Driver"],"picked":"SKIP","floor":14.0},{"not_picked":["Seek","Electrodynamics"],"picked":"Biased Cognition","floor":16},{"not_picked":["Turbo","Go for the Eyes"],"picked":"Hologram","floor":18}],"player_experience":2976373,"relics_obtained":[{"floor":6.0,"key":"Orichalcum"},{"floor":9.0,"key":"DataDisk"},{"floor":10.0,"key":"Sundial"},{"floor":13.0,"key":"Ancient Tea Set"}],"event_choices":[{"damage_healed":0.0,"max_hp_gain":0.0,"max_hp_loss":0.0,"gold_gain":0.0,"event_name":"Liars Game","player_choice":"Ignored","floor":4.0,"gold_loss":0.0,"damage_taken":0.0},{"damage_healed":0,"gold_gain":0,"player_choice":"Ignored","damage_taken":0,"max_hp_gain":0,"max_hp_loss":0,"event_name":"Beggar","floor":19,"gold_loss":0},{"damage_healed":0,"gold_gain":0,"player_choice":"Became a vampire","damage_taken":0,"max_hp_gain":0,"max_hp_loss":26,"event_name":"Vampires","floor":20,"gold_loss":0,"cards_obtained":["Bite","Bite","Bite","Bite","Bite"]},{"damage_healed":0,"gold_gain":0,"player_choice":"2 cards matched","damage_taken":0,"max_hp_gain":0,"max_hp_loss":0,"event_name":"Match and Keep!","floor":22,"gold_loss":0,"cards_obtained":["Glacier","Ball Lightning"]}],"is_beta":true,"boss_relics":[{"not_picked":["Pandora\u0027s Box","Busted Crown"],"picked":"Ectoplasm"}],"items_purged_floors":[],"is_endless":false,"potions_floor_spawned":[6,8,10,12,16],"killed_by":"Slavers","ascension_level":20}