{"gold_per_floor":[117,67,67,67,81,116,116,130,130,130,156,176,204,218,218,319,319,339,352,366,383,54,54,69,96,121,121,121,121,138,155,155,155],"floor_reached":33,"playtime":2691,"items_purged":[],"score":314,"play_id":"7febd4a3-0720-40f8-bdf8-375b09d93d7a","local_time":"20190708232719","is_ascension_mode":false,"campfire_choices":[{"data":"Defend_R","floor":10,"key":"PURGE"},{"data":"Defend_R","floor":15,"key":"PURGE"},{"data":"Whirlwind","floor":23,"key":"SMITH"},{"data":"Dark Embrace","floor":27,"key":"SMITH"},{"data":"Double Tap","floor":32,"key":"SMITH"}],"neow_cost":"NONE","seed_source_timestamp":44379233989336,"circlet_count":0,"master_deck":["Strike_R+1","Strike_R","Strike_R","Strike_R","Strike_R","Bash","Rampage","Inflame+1","Shrug It Off","Double Tap+1","Feed","Twin Strike","Feed","True Grit+1","Immolate","Corruption","Burning Pact+1","Spot Weakness+1","Flex+1","Whirlwind+1","Warcry+1","Dark Embrace+1","RitualDagger","Warcry+1","Pummel+1"],"relics":["Burning Blood","Peace Pipe","Toxic Egg 2","Oddly Smooth Stone","Charon\u0027s Ashes","Velvet Choker","Ice Cream","Omamori","Ancient Tea Set"],"potions_floor_usage":[16,16,31],"damage_taken":[{"damage":7,"enemies":"2 Louse","floor":1,"turns":2},{"damage":0,"enemies":"Small Slimes","floor":5,"turns":2},{"damage":36,"enemies":"Lagavulin","floor":6,"turns":5},{"damage":0,"enemies":"Cultist","floor":8,"turns":3},{"damage":14,"enemies":"Gremlin Nob","floor":11,"turns":3},{"damage":5,"enemies":"Looter","floor":12,"turns":3},{"damage":27,"enemies":"Lagavulin","floor":13,"turns":5},{"damage":11,"enemies":"Lots of Slimes","floor":14,"turns":3},{"damage":13,"enemies":"Hexaghost","floor":16,"turns":7},{"damage":10,"enemies":"Shell Parasite","floor":18,"turns":3},{"damage":11,"enemies":"2 Thieves","floor":19,"turns":3},{"damage":5,"enemies":"Snecko","floor":20,"turns":3},{"damage":37,"enemies":"Centurion and Healer","floor":21,"turns":4},{"damage":1,"enemies":"Cultist and Chosen","floor":24,"turns":3},{"damage":32,"enemies":"Book of Stabbing","floor":25,"turns":4},{"damage":21,"enemies":"Snake Plant","floor":30,"turns":2},{"damage":23,"enemies":"Snecko","floor":31,"turns":4},{"damage":37,"enemies":"Collector","floor":33,"turns":5}],"seed_played":"8493998909053140618","potions_obtained":[{"floor":6,"key":"Regen Potion"},{"floor":8,"key":"FearPotion"},{"floor":14,"key":"Swift Potion"},{"floor":24,"key":"EssenceOfSteel"},{"floor":25,"key":"Poison Potion"},{"floor":30,"key":"BloodPotion"},{"floor":31,"key":"LiquidBronze"}],"is_trial":false,"path_per_floor":["M","?","?","$","M","E","?","M","T","R","E","M","E","M","R","B",null,"M","M","M","M","$","R","M","E","T","R","?","?","M","M","R","B"],"character_chosen":"IRONCLAD","items_purchased":["Ice Cream","Whirlwind"],"campfire_rested":0,"item_purchase_floors":[22,22],"current_hp_per_floor":[87,87,80,80,86,56,38,44,44,44,36,37,16,17,17,25,94,90,88,92,64,64,64,72,46,46,46,46,40,25,37,37,0],"gold":155,"neow_bonus":"TEN_PERCENT_HP_BONUS","is_prod":false,"is_daily":false,"chose_seed":false,"campfire_upgraded":3,"win_rate":0.0,"timestamp":1562621239,"path_taken":["M","?","?","$","M","E","?","M","T","R","E","M","E","M","R","BOSS","M","M","M","M","$","R","M","E","T","R","?","?","M","M","R","BOSS"],"build_version":"2019-07-05","purchased_purges":0,"victory":false,"max_hp_per_floor":[88,88,88,88,88,88,88,88,88,88,88,88,88,94,94,94,94,94,97,100,103,103,103,106,106,106,106,106,106,106,109,109,109],"card_choices":[{"not_picked":["Wild Strike","Headbutt"],"picked":"Rampage","floor":1},{"not_picked":["Perfected Strike","Shrug It Off"],"picked":"Inflame","floor":5},{"not_picked":["Warcry","Headbutt"],"picked":"Shrug It Off","floor":6},{"not_picked":["Thunderclap","Cleave"],"picked":"Double Tap","floor":8},{"not_picked":["Blood for Blood","Headbutt"],"picked":"Feed","floor":11},{"not_picked":["Rampage","Clash"],"picked":"Twin Strike","floor":12},{"not_picked":["Shockwave+1","Thunderclap"],"picked":"Feed","floor":13},{"not_picked":["Rupture","Cleave"],"picked":"True Grit+1","floor":14},{"not_picked":["Impervious+1","Limit Break+1"],"picked":"Immolate","floor":16},{"not_picked":["Iron Wave","Wild Strike"],"picked":"Corruption","floor":18},{"not_picked":["Sword Boomerang","True Grit+1"],"picked":"Burning Pact+1","floor":19},{"not_picked":["Headbutt+1","Carnage+1"],"picked":"Spot Weakness+1","floor":20},{"not_picked":["Body Slam","Anger"],"picked":"Flex+1","floor":21},{"not_picked":["Perfected Strike","Iron Wave"],"picked":"Warcry+1","floor":24},{"not_picked":["Body Slam+1","Combust"],"picked":"Dark Embrace","floor":25},{"not_picked":["Burning Pact+1","Shrug It Off+1"],"picked":"Warcry+1","floor":30},{"not_picked":["Uppercut","Shrug It Off+1"],"picked":"Pummel+1","floor":31}],"player_experience":32044,"relics_obtained":[{"floor":6,"key":"Peace Pipe"},{"floor":9,"key":"Toxic Egg 2"},{"floor":11,"key":"Oddly Smooth Stone"},{"floor":13,"key":"Charon\u0027s Ashes"},{"floor":25,"key":"Omamori"},{"floor":26,"key":"Ancient Tea Set"}],"event_choices":[{"cards_removed":["Defend_R"],"damage_healed":0,"gold_gain":0,"player_choice":"Card Removal","damage_taken":0,"max_hp_gain":0,"max_hp_loss":0,"event_name":"The Cleric","floor":2,"gold_loss":50},{"cards_removed":["Defend_R"],"damage_healed":0,"gold_gain":0,"player_choice":"Card Removal","damage_taken":7,"max_hp_gain":0,"max_hp_loss":0,"event_name":"Golden Wing","floor":3,"gold_loss":0},{"damage_healed":0,"gold_gain":0,"player_choice":"Entered Light","damage_taken":18,"max_hp_gain":0,"max_hp_loss":0,"event_name":"Shining Light","floor":7,"gold_loss":0,"cards_upgraded":["Inflame","Strike_R"]},{"damage_healed":0,"gold_gain":0,"player_choice":"Ignored","damage_taken":0,"max_hp_gain":0,"max_hp_loss":0,"event_name":"Beggar","floor":28,"gold_loss":0},{"damage_healed":0,"gold_gain":0,"player_choice":"Joined the Cult","damage_taken":6,"max_hp_gain":0,"max_hp_loss":0,"event_name":"Nest","floor":29,"gold_loss":0,"cards_obtained":["RitualDagger"]}],"is_beta":false,"boss_relics":[{"not_picked":["Cursed Key","Calling Bell"],"picked":"Velvet Choker"}],"items_purged_floors":[],"is_endless":false,"potions_floor_spawned":[6,8,14,24,25,30,31],"killed_by":"Collector","ascension_level":0}