{"gold_per_floor":[112,125,125,125,138,138,151,183,261,274,274,285,50,67,67,169,169,189,369,279,1,18,18],"floor_reached":23,"playtime":1000,"items_purged":["Doubt"],"score":193,"play_id":"34d1e578-b23b-41fe-bd39-90b889fc4ddb","local_time":"20190328003416","is_ascension_mode":false,"campfire_choices":[{"data":"Neutralize","floor":6,"key":"SMITH"},{"floor":11,"key":"REST"},{"floor":15,"key":"REST"}],"neow_cost":"NONE","seed_source_timestamp":50035825197623,"circlet_count":0,"master_deck":["Defend_G","Defend_G","Defend_G","Defend_G","Defend_G","Strike_G+1","Strike_G","Strike_G+1","Strike_G","Strike_G","Survivor","Neutralize+1","Finisher","Noxious Fumes","Finisher","Blur","Storm of Steel","Cloak And Dagger","Backflip","Accuracy","Outmaneuver","Distraction","Adrenaline","Dagger Spray","Flechettes","Glacier+1"],"relics":["Ring of the Snake","NeowsBlessing","Mango","Whetstone","PreservedInsect","Cursed Key","PrismaticShard"],"potions_floor_usage":[8,10,16,16,18],"damage_taken":[{"damage":0,"enemies":"Jaw Worm","floor":1,"turns":1},{"damage":0,"enemies":"Small Slimes","floor":2,"turns":1},{"damage":0,"enemies":"Cultist","floor":5,"turns":1},{"damage":3,"enemies":"3 Louse","floor":7,"turns":5},{"damage":45,"enemies":"Gremlin Nob","floor":8,"turns":6},{"damage":9,"enemies":"Red Slaver","floor":10,"turns":6},{"damage":19,"enemies":"Large Slime","floor":12,"turns":7},{"damage":2,"enemies":"2 Fungi Beasts","floor":14,"turns":3},{"damage":34,"enemies":"The Guardian","floor":16,"turns":17},{"damage":0,"enemies":"3 Byrds","floor":18,"turns":5},{"damage":40,"enemies":"2 Thieves","floor":20,"turns":5},{"damage":17,"enemies":"Snake Plant","floor":22,"turns":5},{"damage":9,"enemies":"Slavers","floor":23,"turns":2}],"seed_played":"-3840928115715117345","potions_obtained":[{"floor":2,"key":"Poison Potion"},{"floor":8,"key":"Ancient Potion"},{"floor":10,"key":"Dexterity Potion"},{"floor":12,"key":"Regen Potion"},{"floor":16,"key":"Strength Potion"},{"floor":18,"key":"Poison Potion"}],"is_trial":false,"path_per_floor":["M","M","?","?","M","R","M","E","T","M","R","M","$","M","R","B",null,"M","?","M","$","M","E"],"character_chosen":"THE_SILENT","items_purchased":["Accuracy","PreservedInsect","Outmaneuver","PrismaticShard"],"campfire_rested":2,"item_purchase_floors":[13,13,13,21],"current_hp_per_floor":[70,70,84,84,84,84,81,36,36,27,52,33,33,31,56,37,84,84,60,20,20,3,0],"gold":18,"neow_bonus":"THREE_ENEMY_KILL","is_prod":false,"is_daily":false,"chose_seed":false,"campfire_upgraded":1,"win_rate":0,"timestamp":1553697256,"path_taken":["M","M","?","?","?","R","M","E","T","M","R","M","$","M","R","BOSS","M","?","M","$","?","E"],"build_version":"2019-01-23","purchased_purges":1,"victory":false,"max_hp_per_floor":[70,70,84,84,84,84,84,84,84,84,84,84,84,84,84,84,84,84,84,84,84,84,84],"card_choices":[{"not_picked":["Dagger Spray","Backflip"],"picked":"Finisher","floor":1},{"not_picked":["Footwork","Bane"],"picked":"Noxious Fumes","floor":2},{"not_picked":["Underhanded Strike","Bouncing Flask"],"picked":"Finisher","floor":5},{"not_picked":["Acrobatics","Outmaneuver"],"picked":"Blur","floor":7},{"not_picked":["Calculated Gamble","Setup"],"picked":"Storm of Steel","floor":8},{"not_picked":["Blade Dance","Underhanded Strike"],"picked":"Cloak And Dagger","floor":10},{"not_picked":["Dagger Spray","Flying Knee"],"picked":"Backflip","floor":12},{"not_picked":["Poisoned Stab","A Thousand Cuts"],"picked":"Distraction","floor":14},{"not_picked":["After Image","Doppelganger"],"picked":"Adrenaline","floor":16},{"not_picked":["PiercingWail","Bane"],"picked":"Dagger Spray","floor":18},{"not_picked":["Outmaneuver","Slice"],"picked":"Flechettes","floor":20},{"not_picked":["Tactician","Combust"],"picked":"Glacier+1","floor":22}],"player_experience":216568,"relics_obtained":[{"floor":8,"key":"Whetstone"}],"event_choices":[{"damage_healed":0,"gold_gain":0,"player_choice":"Box","damage_taken":0,"relics_obtained":["Mango"],"max_hp_gain":0,"max_hp_loss":0,"event_name":"Big Fish","floor":3,"gold_loss":0,"cards_obtained":["Regret"]},{"damage_healed":0,"gold_gain":0,"cards_transformed":["Regret"],"player_choice":"Transformed","damage_taken":0,"max_hp_gain":0,"max_hp_loss":0,"event_name":"Transmorgrifier","floor":4,"gold_loss":0,"cards_obtained":["Doubt"]},{"damage_healed":0,"gold_gain":180,"player_choice":"GOLD GOLD ","damage_taken":24,"max_hp_gain":0,"max_hp_loss":0,"event_name":"Knowing Skull","floor":19,"potions_obtained":[],"gold_loss":0,"cards_obtained":[]}],"is_beta":false,"boss_relics":[{"not_picked":["Empty Cage","White Beast Statue"],"picked":"Cursed Key"}],"items_purged_floors":[21],"is_endless":false,"potions_floor_spawned":[2,8,10,12,16,18],"killed_by":"Slavers","ascension_level":0}