{"gold_per_floor":[15,30,30,50,26,53,53,28,54,72,133,98,112,143,143,217,217,230,230,59,75,95,128,128,144,144,144,144,170,95,109,109,183,183,197,197,197,216,177,503,503,531,583,618,618,637,672,688,688,688,688,688,688,81,106,106],"floor_reached":57,"playtime":3924,"items_purged":["Strike_R"],"score":2856,"play_id":"94662b4a-a7c0-4080-97b1-1b81ac92e1d5","local_time":"20190717145716","is_ascension_mode":true,"campfire_choices":[{"data":"Berserk","floor":7.0,"key":"SMITH"},{"data":"Disarm","floor":15.0,"key":"SMITH"},{"data":"Dual Wield","floor":24.0,"key":"SMITH"},{"floor":28.0,"key":"REST"},{"data":"Bash","floor":32.0,"key":"SMITH"},{"floor":49.0,"key":"RECALL"},{"data":"Feel No Pain","floor":53.0,"key":"SMITH"}],"neow_cost":"NO_GOLD","seed_source_timestamp":0,"circlet_count":0,"master_deck":["AscendersBane","Strike_R+1","Defend_R","Defend_R","Defend_R","Defend_R","Bash+1","Headbutt","Berserk+1","Battle Trance","Seeing Red","Shrug It Off","Spot Weakness","Disarm+1","Pummel","Pommel Strike+1","Demon Form+1","Corruption","Dual Wield+1","Metallicize+1","Sword Boomerang","Fiend Fire","Corruption","Feel No Pain+1","Dark Embrace","True Grit+1","Pummel","Feel No Pain+1","Battle Trance","Dropkick","Feel No Pain+1","Pommel Strike+1","Flame Barrier+1","Shrug It Off","Chrysalis","Seeing Red+1"],"special_seed":0,"relics":["Burning Blood","StoneCalendar","Lantern","PreservedInsect","Tiny Chest","Blood Vial","Snecko Eye","Oddly Smooth Stone","Whetstone","Paper Frog","Nilry\u0027s Codex","Meat on the Bone","Empty Cage","Old Coin","Happy Flower","Regal Pillow","Thread and Needle","Smiling Mask","Incense Burner","Shuriken"],"potions_floor_usage":[55,56,56],"damage_taken":[{"damage":8.0,"enemies":"Cultist","floor":1.0,"turns":5.0},{"damage":2.0,"enemies":"2 Louse","floor":2.0,"turns":3.0},{"damage":4.0,"enemies":"Small Slimes","floor":4.0,"turns":4.0},{"damage":30.0,"enemies":"3 Sentries","floor":6.0,"turns":7.0},{"damage":12.0,"enemies":"3 Louse","floor":10.0,"turns":4.0},{"damage":8.0,"enemies":"Gremlin Nob","floor":11.0,"turns":3.0},{"damage":3.0,"enemies":"Exordium Thugs","floor":13.0,"turns":4.0},{"damage":8.0,"enemies":"Lagavulin","floor":14.0,"turns":5.0},{"damage":26.0,"enemies":"The Guardian","floor":16.0,"turns":12.0},{"damage":14.0,"enemies":"2 Thieves","floor":18.0,"turns":4.0},{"damage":15.0,"enemies":"Spheric Guardian","floor":21.0,"turns":4.0},{"damage":12.0,"enemies":"Cultist and Chosen","floor":22.0,"turns":5.0},{"damage":6.0,"enemies":"Book of Stabbing","floor":23.0,"turns":3.0},{"damage":34.0,"enemies":"Snake Plant","floor":25.0,"turns":5.0},{"damage":29.0,"enemies":"Gremlin Leader","floor":29.0,"turns":6.0},{"damage":0.0,"enemies":"Centurion and Healer","floor":31.0,"turns":5.0},{"damage":18.0,"enemies":"Automaton","floor":33.0,"turns":7.0},{"damage":0.0,"enemies":"3 Shapes","floor":35.0,"turns":5.0},{"damage":0.0,"enemies":"3 Darklings","floor":38.0,"turns":4.0},{"damage":66.0,"enemies":"Reptomancer","floor":40.0,"turns":5.0},{"damage":17.0,"enemies":"Nemesis","floor":42.0,"turns":3.0},{"damage":0.0,"enemies":"Giant Head","floor":44.0,"turns":5.0},{"damage":0.0,"enemies":"Jaw Worm Horde","floor":46.0,"turns":4.0},{"damage":1.0,"enemies":"Nemesis","floor":47.0,"turns":5.0},{"damage":0.0,"enemies":"4 Shapes","floor":48.0,"turns":4.0},{"damage":6.0,"enemies":"Donu and Deca","floor":50.0,"turns":8.0},{"damage":4.0,"enemies":"Time Eater","floor":51.0,"turns":7.0},{"damage":49,"enemies":"Shield and Spear","floor":55,"turns":7},{"damage":20,"enemies":"The Heart","floor":56,"turns":7}],"seed_played":"908556972219089","potions_obtained":[{"floor":6.0,"key":"Energy Potion"},{"floor":10.0,"key":"Weak Potion"},{"floor":13.0,"key":"SteroidPotion"},{"floor":23.0,"key":"GamblersBrew"},{"floor":25.0,"key":"Regen Potion"},{"floor":33.0,"key":"Dexterity Potion"},{"floor":42.0,"key":"Block Potion"},{"floor":44.0,"key":"FearPotion"},{"floor":46.0,"key":"EssenceOfSteel"},{"floor":55,"key":"Fire Potion"}],"is_trial":false,"path_per_floor":["M","M","?","M","$","E","R","$","T","M","E","?","M","E","R","B",null,"M","?","$","M","M","E","R","M","T","?","R","E","$","M","R","B",null,"M","$","?","M","$","E","?","E","T","E","T","M","E","M","R","B","B",null,"R","$","E","B",null],"character_chosen":"IRONCLAD","items_purchased":["Anger","Shrug It Off","Oddly Smooth Stone","Corruption","Feel No Pain","Incense Burner","Shrug It Off","Chrysalis"],"campfire_rested":1,"item_purchase_floors":[5,8,20,30,39,54,54,54],"current_hp_per_floor":[66,70,70,72,72,48,48,48,48,42,40,58,61,59,59,41,67,61,61,61,54,50,52,52,26,26,5,27,21,21,41,41,43,67,75,75,75,75,75,27,27,30,30,50,50,58,65,73,73,75,75,75,75,75,44,44],"gold":106,"neow_bonus":"ONE_RARE_RELIC","is_prod":false,"is_daily":false,"chose_seed":false,"campfire_upgraded":5,"win_rate":0,"timestamp":1563389836,"path_taken":["M","?","?","M","$","E","R","?","T","M","E","?","M","E","R","BOSS","M","?","?","M","M","E","R","M","T","?","R","E","$","M","R","BOSS","M","$","?","M","$","E","?","E","T","E","?","M","E","M","R","BOSS","BOSS","R","$","E","BOSS"],"build_version":"2019-07-10","purchased_purges":1,"victory":true,"max_hp_per_floor":[75,75,75,75,75,75,75,75,75,75,75,75,75,75,75,75,75,75,75,75,75,75,75,75,75,75,75,75,75,75,75,75,75,75,75,75,75,75,75,75,75,75,75,75,75,75,75,75,75,75,75,75,75,75,75,75],"card_choices":[{"not_picked":["Shrug It Off","Body Slam"],"picked":"Headbutt","floor":1.0},{"not_picked":["Clothesline","Dropkick"],"picked":"Berserk","floor":2.0},{"not_picked":["Thunderclap","Body Slam"],"picked":"Seeing Red","floor":4.0},{"not_picked":["Sword Boomerang","Evolve","Dropkick"],"picked":"SKIP","floor":6.0},{"not_picked":["Clothesline","Warcry"],"picked":"Spot Weakness","floor":10.0},{"not_picked":["Infernal Blade","Flex"],"picked":"Disarm","floor":11.0},{"not_picked":["Iron Wave","Warcry"],"picked":"Pummel","floor":13.0},{"not_picked":["Iron Wave","Hemokinesis"],"picked":"Pommel Strike","floor":14.0},{"not_picked":["Exhume","Impervious"],"picked":"Demon Form","floor":16.0},{"not_picked":["Hemokinesis","Seeing Red"],"picked":"Corruption","floor":18.0},{"not_picked":["Body Slam","Perfected Strike"],"picked":"Dual Wield","floor":21.0},{"not_picked":["Armaments","Inflame"],"picked":"Metallicize+1","floor":22.0},{"not_picked":["Cleave","Second Wind"],"picked":"Sword Boomerang","floor":23.0},{"not_picked":["Thunderclap","Headbutt","Searing Blow"],"picked":"SKIP","floor":25.0},{"not_picked":["Spot Weakness","Havoc+1"],"picked":"Fiend Fire","floor":29.0},{"not_picked":["Warcry","Corruption"],"picked":"Feel No Pain+1","floor":31.0},{"not_picked":["Exhume","Berserk"],"picked":"Dark Embrace","floor":33.0},{"not_picked":["Reckless Charge","Clothesline+1"],"picked":"True Grit+1","floor":35.0},{"not_picked":["Combust","Infernal Blade"],"picked":"Pummel","floor":38.0},{"not_picked":["Iron Wave","True Grit"],"picked":"Battle Trance","floor":40.0},{"not_picked":["Iron Wave","Rupture"],"picked":"Dropkick","floor":42.0},{"not_picked":["Iron Wave","Reaper"],"picked":"Feel No Pain+1","floor":44.0},{"not_picked":["Cleave+1","Thunderclap+1"],"picked":"Pommel Strike+1","floor":46.0},{"not_picked":["Twin Strike","Pommel Strike","Thunderclap"],"picked":"SKIP","floor":47.0},{"not_picked":["Searing Blow","Headbutt"],"picked":"Flame Barrier+1","floor":48.0},{"not_picked":["Shrug It Off","Pommel Strike+1"],"picked":"Seeing Red+1","floor":55}],"player_experience":3247662,"relics_obtained":[{"floor":6.0,"key":"Lantern"},{"floor":9.0,"key":"PreservedInsect"},{"floor":11.0,"key":"Tiny Chest"},{"floor":14.0,"key":"Blood Vial"},{"floor":23.0,"key":"Whetstone"},{"floor":26.0,"key":"Paper Frog"},{"floor":27.0,"key":"Nilry\u0027s Codex"},{"floor":29.0,"key":"Meat on the Bone"},{"floor":40.0,"key":"Old Coin"},{"floor":42.0,"key":"Happy Flower"},{"floor":44.0,"key":"Regal Pillow"},{"floor":45.0,"key":"Thread and Needle"},{"floor":47.0,"key":"Smiling Mask"},{"floor":55,"key":"Shuriken"}],"event_choices":[{"damage_healed":0.0,"max_hp_gain":0.0,"max_hp_loss":0.0,"gold_gain":0.0,"cards_transformed":["Strike_R"],"event_name":"Transmorgrifier","player_choice":"Transformed","floor":3.0,"gold_loss":0.0,"damage_taken":0.0,"cards_obtained":["Battle Trance"]},{"damage_healed":18.0,"max_hp_gain":0.0,"max_hp_loss":0.0,"gold_gain":0.0,"event_name":"The Cleric","player_choice":"Healed","floor":12.0,"gold_loss":35.0,"damage_taken":0.0},{"damage_healed":0.0,"max_hp_gain":0.0,"max_hp_loss":0.0,"gold_gain":0.0,"event_name":"Upgrade Shrine","player_choice":"Upgraded","floor":19.0,"gold_loss":0.0,"damage_taken":0.0,"cards_upgraded":["Demon Form"]},{"damage_healed":0.0,"max_hp_gain":0.0,"max_hp_loss":0.0,"gold_gain":0.0,"event_name":"Cursed Tome","player_choice":"Obtained Book","floor":27.0,"gold_loss":0.0,"damage_taken":21.0},{"damage_healed":0.0,"max_hp_gain":0.0,"max_hp_loss":0.0,"gold_gain":0.0,"event_name":"Tomb of Lord Red Mask","player_choice":"Ignored","floor":37.0,"gold_loss":0.0,"damage_taken":0.0},{"cards_removed":["Anger"],"damage_healed":0.0,"max_hp_gain":0.0,"max_hp_loss":0.0,"gold_gain":0.0,"event_name":"Falling","player_choice":"Removed Attack","floor":41.0,"gold_loss":0.0,"damage_taken":0.0}],"is_beta":true,"boss_relics":[{"not_picked":["Black Blood","Fusion Hammer"],"picked":"Snecko Eye"},{"not_picked":["Runic Pyramid","Lizard Tail"],"picked":"Empty Cage"}],"items_purged_floors":[54],"is_endless":false,"potions_floor_spawned":[6,10,13,22,23,25,33,42,44,46,47,55],"ascension_level":20}