{"gold_per_floor":[219,219,15,15,67,67,67,67,67,106,131,131,406,419,419,539,539,553,553],"floor_reached":19,"playtime":593,"items_purged":[],"score":204,"play_id":"3c7c206c-78c9-4466-ad9f-6073452cf1f7","local_time":"20190503225105","is_ascension_mode":true,"campfire_choices":[{"data":"Body Slam","floor":6,"key":"SMITH"},{"data":"Pommel Strike","floor":8,"key":"SMITH"},{"data":"Armaments","floor":12,"key":"SMITH"},{"data":"Spot Weakness","floor":15,"key":"SMITH"}],"neow_cost":"NONE","seed_source_timestamp":39901218297286,"circlet_count":0,"master_deck":["Strike_R","Strike_R","Strike_R","Strike_R","Defend_R","Defend_R","Defend_R","Defend_R","Bash","Pommel Strike+1","Sever Soul","Body Slam+1","Injury","Regret","Armaments+1","Spot Weakness+1","Regret","Cleave","Fiend Fire","Cleave"],"relics":["Burning Blood","Juzu Bracelet","Golden Idol","Art of War","PreservedInsect","Calipers","Mark of Pain"],"potions_floor_usage":[16],"damage_taken":[{"damage":1,"enemies":"Cultist","floor":1,"turns":3},{"damage":18,"enemies":"Gremlin Nob","floor":10,"turns":3},{"damage":4,"enemies":"Jaw Worm","floor":11,"turns":3},{"damage":2,"enemies":"2 Louse","floor":14,"turns":2},{"damage":54,"enemies":"The Guardian","floor":16,"turns":12},{"damage":58,"enemies":"3 Byrds","floor":18,"turns":6},{"damage":22,"enemies":"Spheric Guardian","floor":19,"turns":3}],"seed_played":"6227682894011525439","potions_obtained":[{"floor":14,"key":"PowerPotion"}],"is_trial":false,"path_per_floor":["M","?","$","?","?","R","?","R","T","E","M","R","?","M","R","B",null,"M","M"],"character_chosen":"IRONCLAD","items_purchased":["Body Slam","Juzu Bracelet"],"campfire_rested":0,"item_purchase_floors":[3,3],"current_hp_per_floor":[80,80,80,80,80,80,80,80,80,68,70,70,70,74,74,26,67,15,0],"gold":553,"neow_bonus":"HUNDRED_GOLD","is_prod":false,"is_daily":false,"chose_seed":false,"campfire_upgraded":4,"win_rate":0,"timestamp":1556887865,"path_taken":["M","?","$","?","?","R","?","R","T","E","M","R","?","M","R","BOSS","M","M"],"build_version":"2019-01-23","purchased_purges":0,"victory":false,"max_hp_per_floor":[80,80,80,80,80,80,80,80,80,80,80,80,80,80,80,80,80,80,80],"card_choices":[{"not_picked":["Sword Boomerang","Blood for Blood"],"picked":"Pommel Strike","floor":1},{"not_picked":["Warcry","Searing Blow"],"picked":"Armaments","floor":10},{"not_picked":["Havoc","Flex"],"picked":"Spot Weakness","floor":11},{"not_picked":["Warcry","True Grit"],"picked":"Cleave","floor":14},{"not_picked":["Berserk","Offering"],"picked":"Fiend Fire","floor":16},{"not_picked":["Clash","Sword Boomerang"],"picked":"Cleave","floor":18}],"player_experience":601714,"relics_obtained":[{"floor":9,"key":"PreservedInsect"},{"floor":10,"key":"Calipers"}],"event_choices":[{"damage_healed":0,"gold_gain":0,"cards_transformed":["Strike_R"],"player_choice":"Change","damage_taken":0,"max_hp_gain":0,"max_hp_loss":0,"event_name":"Living Wall","floor":2,"gold_loss":0,"cards_obtained":["Sever Soul"]},{"damage_healed":0,"gold_gain":0,"player_choice":"Take Wound","damage_taken":0,"relics_obtained":["Golden Idol"],"max_hp_gain":0,"max_hp_loss":0,"event_name":"Golden Idol","floor":4,"gold_loss":0,"cards_obtained":["Injury"]},{"damage_healed":0,"gold_gain":52,"player_choice":"Gained Gold","damage_taken":0,"max_hp_gain":0,"max_hp_loss":0,"event_name":"Golden Wing","floor":5,"gold_loss":0},{"damage_healed":0,"gold_gain":0,"player_choice":"Box","damage_taken":0,"relics_obtained":["Art of War"],"max_hp_gain":0,"max_hp_loss":0,"event_name":"Big Fish","floor":7,"gold_loss":0,"cards_obtained":["Regret"]},{"damage_healed":0,"gold_gain":275,"player_choice":"Desecrate","damage_taken":0,"max_hp_gain":0,"max_hp_loss":0,"event_name":"Golden Shrine","floor":13,"gold_loss":0,"cards_obtained":["Regret"]}],"is_beta":false,"boss_relics":[{"not_picked":["Fusion Hammer","Philosopher\u0027s Stone"],"picked":"Mark of Pain"}],"items_purged_floors":[],"is_endless":false,"potions_floor_spawned":[14],"killed_by":"Spheric Guardian","ascension_level":5}