{"gold_per_floor":[12,31,31,51,51,51,21,46,46,46,56,83,97,122,122,196,196,212,212,224,139,139,139,174,174,174,184,184,216,233,246,246,322,322,333,7,27,81,81,106,106,131,143,155,167,179,221,247,259,271,283],"floor_reached":52,"playtime":5071,"items_purged":[],"score":2196,"play_id":"b4e6a369-4d3e-4f71-8076-78d4d547c10f","local_time":"20190701130158","is_ascension_mode":true,"campfire_choices":[{"floor":6.0,"key":"REST"},{"floor":10.0,"key":"REST"},{"floor":15.0,"key":"DIG"},{"floor":23.0,"key":"DIG"},{"floor":25.0,"key":"REST"},{"floor":28.0,"key":"REST"},{"floor":32.0,"key":"REST"},{"floor":41.0,"key":"DIG"},{"floor":49.0,"key":"DIG"}],"neow_cost":"NO_GOLD","seed_source_timestamp":0,"circlet_count":0,"master_deck":["AscendersBane","Strike_B","Strike_B+1","Defend_B","Defend_B","Defend_B","Defend_B","Zap+1","Dualcast","Machine Learning","Scrape","Gash","Stack","Genetic Algorithm","Sweeping Beam","Ball Lightning+1","Gash","Gash","Barrage","Leap","Fission","Scrape","Conserve Battery","Compile Driver","Skim","Compile Driver","Reinforced Body","Gash","Steam","Go for the Eyes+1","Cold Snap","Hologram","All For One","Loop+1","Turbo","Apotheosis+1","Hologram","Cold Snap","Beam Cell","Glacier","White Noise+1","Reboot","Biased Cognition","Glacier+1","Stack","Chill"],"special_seed":0,"relics":["Cracked Core","Du-Vu Doll","Shuriken","Shovel","Gremlin Horn","Prayer Wheel","Centennial Puzzle","Nuclear Battery","Juzu Bracelet","Whetstone","Bronze Scales","Bag of Marbles","Dead Branch","Fusion Hammer","Ginger","Dream Catcher","Kunai","MawBank","Bottled Flame","Vajra"],"potions_floor_usage":[50],"damage_taken":[{"damage":8.0,"enemies":"2 Louse","floor":1.0,"turns":2.0},{"damage":0.0,"enemies":"Small Slimes","floor":2.0,"turns":3.0},{"damage":7.0,"enemies":"Jaw Worm","floor":4.0,"turns":3.0},{"damage":20.0,"enemies":"Lagavulin","floor":8.0,"turns":5.0},{"damage":10.0,"enemies":"Exordium Thugs","floor":11.0,"turns":3.0},{"damage":6.0,"enemies":"Gremlin Nob","floor":12.0,"turns":3.0},{"damage":0.0,"enemies":"Exordium Wildlife","floor":13.0,"turns":3.0},{"damage":11.0,"enemies":"Lagavulin","floor":14.0,"turns":6.0},{"damage":6.0,"enemies":"The Guardian","floor":16.0,"turns":8.0},{"damage":5.0,"enemies":"3 Byrds","floor":18.0,"turns":3.0},{"damage":1.0,"enemies":"Spheric Guardian","floor":20.0,"turns":3.0},{"damage":0.0,"enemies":"Snecko","floor":22.0,"turns":1.0},{"damage":33.0,"enemies":"Slavers","floor":24.0,"turns":4.0},{"damage":26.0,"enemies":"Cultist and Chosen","floor":27.0,"turns":5.0},{"damage":8.0,"enemies":"Gremlin Leader","floor":29.0,"turns":4.0},{"damage":15.0,"enemies":"Snake Plant","floor":30.0,"turns":3.0},{"damage":0.0,"enemies":"Sentry and Sphere","floor":31.0,"turns":4.0},{"damage":5.0,"enemies":"Automaton","floor":33.0,"turns":7.0},{"damage":0.0,"enemies":"3 Shapes","floor":35.0,"turns":8.0},{"damage":0.0,"enemies":"Orb Walker","floor":37.0,"turns":2.0},{"damage":6.0,"enemies":"2 Orb Walkers","floor":38.0,"turns":5.0},{"damage":0.0,"enemies":"Giant Head","floor":40.0,"turns":4.0},{"damage":0.0,"enemies":"Nemesis","floor":42.0,"turns":5.0},{"damage":0.0,"enemies":"Giant Head","floor":47.0,"turns":6.0},{"damage":8.0,"enemies":"Jaw Worm Horde","floor":48.0,"turns":4.0},{"damage":2,"enemies":"Awakened One","floor":50,"turns":11},{"damage":4,"enemies":"Donu and Deca","floor":51,"turns":9}],"seed_played":"908556972218986","potions_obtained":[{"floor":1.0,"key":"FearPotion"},{"floor":8.0,"key":"FocusPotion"},{"floor":11.0,"key":"EssenceOfSteel"},{"floor":12.0,"key":"AttackPotion"},{"floor":18.0,"key":"SmokeBomb"},{"floor":30.0,"key":"PowerPotion"},{"floor":31.0,"key":"SteroidPotion"},{"floor":33.0,"key":"Dexterity Potion"},{"floor":38.0,"key":"SpeedPotion"}],"is_trial":false,"path_per_floor":["M","M","?","M","?","R","$","E","T","R","M","E","M","E","R","B",null,"M","?","M","?","M","R","E","R","T","M","R","E","M","M","R","B",null,"M","$","M","?","$","E","R","E","T","?","$","?","E","M","R","B","B",null],"character_chosen":"DEFECT","items_purchased":["Sweeping Beam","Apotheosis","Hologram","Cold Snap"],"campfire_rested":5,"item_purchase_floors":[7,36,36,36],"current_hp_per_floor":[56,56,56,49,14,35,35,15,15,36,26,20,20,9,9,3,54,49,49,48,48,48,48,15,36,36,10,31,23,8,8,29,24,59,59,59,59,53,53,53,53,53,53,53,53,53,53,45,45,43,39],"gold":295,"neow_bonus":"TRANSFORM_TWO_CARDS","is_prod":false,"is_daily":false,"chose_seed":false,"campfire_upgraded":0,"win_rate":0,"timestamp":1562000518,"path_taken":["M","M","?","M","?","R","?","E","T","R","M","E","M","E","R","BOSS","M","?","?","?","M","R","E","R","T","M","R","E","M","M","R","BOSS","M","$","M","?","$","E","R","E","T","?","$","?","E","M","R","BOSS","BOSS"],"build_version":"2019-06-30","purchased_purges":0,"victory":true,"max_hp_per_floor":[71,71,71,71,71,71,71,71,71,71,71,71,71,71,71,71,71,71,71,71,71,71,71,71,71,71,71,71,71,71,71,71,71,71,71,71,71,71,71,71,71,71,71,71,71,71,71,71,71,71,71],"card_choices":[{"not_picked":["Doom and Gloom","Turbo"],"picked":"Gash","floor":1.0},{"not_picked":["Heatsinks","Sweeping Beam"],"picked":"Stack","floor":2.0},{"not_picked":["Hologram","Cold Snap"],"picked":"Genetic Algorithm","floor":4.0},{"not_picked":["Reprogram","Thunder Strike"],"picked":"Ball Lightning","floor":8.0},{"not_picked":["Streamline","Defragment"],"picked":"Gash","floor":11.0},{"not_picked":["Barrage","Fission"],"picked":"Gash","floor":12.0},{"not_picked":["Redo","Ball Lightning"],"picked":"Barrage","floor":13.0},{"not_picked":["Redo","Sweeping Beam"],"picked":"Leap","floor":14.0},{"not_picked":["Reboot","Multi-Cast"],"picked":"Fission","floor":16.0},{"not_picked":["Conserve Battery","Ball Lightning"],"picked":"Scrape","floor":18.0},{"not_picked":["Melter","Barrage"],"picked":"Conserve Battery","floor":18.0},{"not_picked":["Static Discharge","Leap"],"picked":"Compile Driver","floor":20.0},{"not_picked":["Barrage+1","Fusion","Redo"],"picked":"SKIP","floor":20.0},{"not_picked":["Cold Snap","Rip and Tear"],"picked":"Reinforced Body","floor":24.0},{"not_picked":["Leap","Darkness"],"picked":"Gash","floor":27.0},{"not_picked":["Compile Driver","Electrodynamics","Sweeping Beam"],"picked":"SKIP","floor":27.0},{"not_picked":["Lockon","Sweeping Beam"],"picked":"Steam","floor":29.0},{"not_picked":["Rebound","Cold Snap"],"picked":"Go for the Eyes+1","floor":30.0},{"not_picked":["Doom and Gloom","Ball Lightning+1","Sweeping Beam"],"picked":"SKIP","floor":30.0},{"not_picked":["Beam Cell","Redo"],"picked":"Cold Snap","floor":31.0},{"not_picked":["Go for the Eyes","Turbo"],"picked":"Hologram","floor":31.0},{"not_picked":["Fission","Echo Form"],"picked":"All For One","floor":33.0},{"not_picked":["Skim","Recycle"],"picked":"Loop+1","floor":35.0},{"not_picked":["Double Energy","Barrage"],"picked":"Turbo","floor":35.0},{"not_picked":["Redo+1","Go for the Eyes"],"picked":"Beam Cell","floor":37.0},{"not_picked":["Coolheaded","Doom and Gloom+1"],"picked":"Glacier","floor":37.0},{"not_picked":["Leap","Turbo"],"picked":"White Noise+1","floor":38.0},{"not_picked":["Compile Driver","Redo"],"picked":"Reboot","floor":40.0},{"not_picked":["Hello World","Coolheaded"],"picked":"Biased Cognition","floor":42.0},{"not_picked":["Hologram","Reboot"],"picked":"Glacier+1","floor":47.0},{"not_picked":["Beam Cell","Compile Driver"],"picked":"Stack","floor":48.0},{"not_picked":["Beam Cell","Darkness"],"picked":"Chill","floor":48.0}],"player_experience":3123767,"relics_obtained":[{"floor":8.0,"key":"Shuriken"},{"floor":9.0,"key":"Shovel"},{"floor":12.0,"key":"Gremlin Horn"},{"floor":14.0,"key":"Prayer Wheel"},{"floor":15.0,"key":"Centennial Puzzle"},{"floor":23.0,"key":"Whetstone"},{"floor":24.0,"key":"Bronze Scales"},{"floor":26.0,"key":"Bag of Marbles"},{"floor":29.0,"key":"Dead Branch"},{"floor":38.0,"key":"Ginger"},{"floor":40.0,"key":"Dream Catcher"},{"floor":41.0,"key":"Kunai"},{"floor":42.0,"key":"MawBank"},{"floor":47.0,"key":"Bottled Flame"},{"floor":49.0,"key":"Vajra"}],"event_choices":[{"damage_healed":0.0,"max_hp_gain":0.0,"max_hp_loss":0.0,"gold_gain":0.0,"event_name":"Living Wall","player_choice":"Grow","floor":3.0,"gold_loss":0.0,"damage_taken":0.0,"cards_upgraded":["Zap"]},{"damage_healed":0.0,"max_hp_gain":0.0,"max_hp_loss":0.0,"gold_gain":0.0,"event_name":"Scrap Ooze","player_choice":"Success","floor":5.0,"gold_loss":0.0,"damage_taken":35.0,"relics_obtained":["Du-Vu Doll"]},{"damage_healed":0.0,"max_hp_gain":0.0,"max_hp_loss":0.0,"gold_gain":0.0,"event_name":"Match and Keep!","player_choice":"2 cards matched","floor":19.0,"gold_loss":0.0,"damage_taken":0.0,"cards_obtained":["Compile Driver","Skim"]},{"damage_healed":0.0,"max_hp_gain":0.0,"max_hp_loss":0.0,"gold_gain":0.0,"event_name":"Addict","player_choice":"Obtained Relic","floor":21.0,"gold_loss":85.0,"damage_taken":0.0,"relics_obtained":["Juzu Bracelet"]},{"damage_healed":0.0,"max_hp_gain":0.0,"max_hp_loss":0.0,"gold_gain":0.0,"event_name":"Mysterious Sphere","player_choice":"Fight","floor":38.0,"gold_loss":0.0,"damage_taken":0.0},{"damage_healed":0.0,"max_hp_gain":0.0,"max_hp_loss":0.0,"gold_gain":0.0,"event_name":"Accursed Blacksmith","player_choice":"Forge","floor":44.0,"gold_loss":0.0,"damage_taken":0.0,"cards_upgraded":["Apotheosis"]},{"damage_healed":0.0,"max_hp_gain":0.0,"max_hp_loss":0.0,"gold_gain":0.0,"event_name":"Tomb of Lord Red Mask","player_choice":"Ignored","floor":46.0,"gold_loss":0.0,"damage_taken":0.0}],"is_beta":true,"boss_relics":[{"not_picked":["Velvet Choker","Orrery"],"picked":"Nuclear Battery"},{"not_picked":["Busted Crown","Tiny House"],"picked":"Fusion Hammer"}],"items_purged_floors":[],"is_endless":false,"potions_floor_spawned":[1,8,11,12,18,30,31,33,38,47,48],"ascension_level":20}