{"gold_per_floor":[118,118,138,155,11,37,37,49,127,127,127,179,206,225,225,326,326,341,73,101,47,47,72,72,72,95,128,128,128,142,152,152,249,249,262,262,278,8,27,56,56,68,68,86,102,53,81,95,95,95],"floor_reached":51,"playtime":16861,"items_purged":[],"score":830,"play_id":"a4a0df0c-5b53-4cea-b233-954b0f7f01e1","local_time":"20190716223247","is_ascension_mode":false,"campfire_choices":[{"data":"Hologram","floor":10,"key":"SMITH"},{"data":"Zap","floor":15,"key":"SMITH"},{"data":"Loop","floor":28,"key":"SMITH"},{"floor":32,"key":"REST"},{"data":"Buffer","floor":41,"key":"SMITH"},{"data":"Ball Lightning","floor":49,"key":"SMITH"}],"neow_cost":"NONE","seed_source_timestamp":337160988295100,"circlet_count":0,"master_deck":["Strike_B+1","Strike_B+1","Defend_B+1","Defend_B+1","Defend_B+1","Zap+1","Dualcast","Coolheaded+1","Ball Lightning+1","Reinforced Body+1","Hologram+1","Cold Snap+1","White Noise+1","Ball Lightning+1","Machine Learning","Coolheaded+1","Blizzard+1","Go for the Eyes+1","Sweeping Beam+1","Conserve Battery+1","Loop+1","Capacitor","RitualDagger+1","Cold Snap+1","Buffer+1","Genetic Algorithm+1","Chill+1","Go for the Eyes+1","Defragment+1"],"relics":["Cracked Core","Nunchaku","Bag of Preparation","Molten Egg 2","Regal Pillow","Toxic Egg 2","Oddly Smooth Stone","Bag of Marbles","Thread and Needle","Nuclear Battery","Happy Flower","Red Mask","War Paint","MutagenicStrength","Potion Belt","FossilizedHelix","Empty Cage","Shuriken","Anchor","Blood Vial","Bronze Scales","Frozen Egg 2"],"potions_floor_usage":[6,13,16,33,40,40,50,50],"damage_taken":[{"damage":6,"enemies":"Cultist","floor":1,"turns":3},{"damage":3,"enemies":"Small Slimes","floor":3,"turns":4},{"damage":0,"enemies":"Jaw Worm","floor":4,"turns":4},{"damage":7,"enemies":"3 Sentries","floor":6,"turns":9},{"damage":9,"enemies":"Exordium Wildlife","floor":8,"turns":4},{"damage":8,"enemies":"Gremlin Nob","floor":13,"turns":3},{"damage":0,"enemies":"2 Fungi Beasts","floor":14,"turns":3},{"damage":0,"enemies":"Slime Boss","floor":16,"turns":9},{"damage":0,"enemies":"Shell Parasite","floor":18,"turns":2},{"damage":4,"enemies":"Masked Bandits","floor":20,"turns":4},{"damage":0,"enemies":"Book of Stabbing","floor":23,"turns":4},{"damage":0,"enemies":"Slavers","floor":27,"turns":3},{"damage":0,"enemies":"3 Byrds","floor":30,"turns":4},{"damage":4,"enemies":"Snecko","floor":31,"turns":6},{"damage":45,"enemies":"Collector","floor":33,"turns":12},{"damage":7,"enemies":"3 Darklings","floor":35,"turns":5},{"damage":0,"enemies":"Orb Walker","floor":37,"turns":3},{"damage":0,"enemies":"Spire Growth","floor":39,"turns":6},{"damage":8,"enemies":"Giant Head","floor":40,"turns":10},{"damage":0,"enemies":"4 Shapes","floor":42,"turns":2},{"damage":0,"enemies":"Transient","floor":44,"turns":5},{"damage":0,"enemies":"Jaw Worm Horde","floor":45,"turns":4},{"damage":0,"enemies":"Nemesis","floor":47,"turns":5},{"damage":0,"enemies":"Spire Growth","floor":48,"turns":5},{"damage":12,"enemies":"Awakened One","floor":50,"turns":14}],"seed_played":"8423975249113602414","potions_obtained":[{"floor":1,"key":"Energy Potion"},{"floor":3,"key":"Poison Potion"},{"floor":8,"key":"FocusPotion"},{"floor":14,"key":"EssenceOfSteel"},{"floor":20,"key":"SpeedPotion"},{"floor":23,"key":"GamblersBrew"},{"floor":33,"key":"FairyPotion"},{"floor":37,"key":"Strength Potion"},{"floor":40,"key":"FairyPotion"},{"floor":47,"key":"Poison Potion"},{"floor":48,"key":"Explosive Potion"}],"is_trial":false,"path_per_floor":["M","T","M","M","$","E","?","M","T","R","T","T","E","M","R","B",null,"M","$","?","$","?","E","?","?","T","E","R","?","M","M","R","B",null,"M","T","M","$","M","E","R","M","T","M","M","$","E","M","R","B",null],"character_chosen":"DEFECT","items_purchased":["Bag of Preparation","Blizzard+1","Go for the Eyes+1","Happy Flower","Sweeping Beam+1","Anchor","FocusPotion","Swift Potion","Go for the Eyes+1"],"campfire_rested":1,"item_purchase_floors":[5,19,19,19,21,38,38,38,46],"current_hp_per_floor":[69,69,66,66,66,59,59,50,50,50,50,50,42,42,42,42,75,75,75,71,71,71,71,71,71,71,71,71,65,65,61,75,30,75,68,68,68,68,68,60,60,62,62,64,66,66,68,70,70,60],"gold":95,"neow_bonus":"REMOVE_CARD","is_prod":false,"is_daily":false,"chose_seed":false,"campfire_upgraded":5,"win_rate":0.0,"timestamp":1563330767,"path_taken":["M","?","M","M","$","E","?","?","T","R","?","?","E","M","R","BOSS","M","$","?","$","?","E","?","?","T","E","R","?","?","M","R","BOSS","M","?","M","$","?","E","R","M","T","M","M","$","E","M","R","BOSS"],"build_version":"2019-07-05","purchased_purges":0,"victory":true,"max_hp_per_floor":[75,75,75,75,75,75,75,75,75,75,75,75,75,75,75,75,75,75,75,75,75,75,75,75,75,75,75,75,75,75,75,75,75,75,75,75,75,75,75,75,75,75,75,75,75,75,75,75,75,75],"card_choices":[{"not_picked":["Static Discharge","Beam Cell"],"picked":"Coolheaded","floor":1},{"not_picked":["Go for the Eyes","Loop"],"picked":"Ball Lightning","floor":3},{"not_picked":["Chaos","Melter"],"picked":"Reinforced Body","floor":4},{"not_picked":["Gash","Streamline"],"picked":"Hologram","floor":6},{"not_picked":["Gash+1","Fusion"],"picked":"Cold Snap+1","floor":8},{"not_picked":["Redo+1","Creative AI"],"picked":"White Noise+1","floor":13},{"not_picked":["Force Field+1","Steam Power+1"],"picked":"Ball Lightning+1","floor":14},{"not_picked":["Thunder Strike+1","Creative AI"],"picked":"Machine Learning","floor":16},{"not_picked":["Static Discharge","Stack+1"],"picked":"Coolheaded+1","floor":18},{"not_picked":["Stack+1","Coolheaded+1"],"picked":"Conserve Battery+1","floor":23},{"not_picked":["Sweeping Beam+1","Fusion+1"],"picked":"Capacitor","floor":27},{"not_picked":["Barrage+1","Coolheaded+1"],"picked":"Cold Snap+1","floor":30},{"not_picked":["Rebound+1","Conserve Battery+1","Leap+1"],"picked":"SKIP","floor":31},{"not_picked":["Creative AI","All For One+1"],"picked":"Buffer","floor":33},{"not_picked":["Skim+1","Hello World"],"picked":"Genetic Algorithm+1","floor":35},{"not_picked":["BootSequence+1","Leap+1","Coolheaded+1"],"picked":"SKIP","floor":37},{"not_picked":["Streamline+1","Rebound+1","Reboot+1"],"picked":"SKIP","floor":39},{"not_picked":["Reprogram+1","Ball Lightning+1","Hologram+1"],"picked":"SKIP","floor":40},{"not_picked":["Cold Snap+1","Leap+1"],"picked":"Chill+1","floor":42},{"not_picked":["Coolheaded+1","Chill+1","BootSequence+1"],"picked":"SKIP","floor":44},{"not_picked":["Scrape+1","Steam+1","Sweeping Beam+1"],"picked":"SKIP","floor":45},{"not_picked":["Melter+1","Static Discharge"],"picked":"Defragment","floor":47},{"not_picked":["Fission+1","Sweeping Beam+1","Tempest+1"],"picked":"SKIP","floor":48}],"player_experience":157656,"relics_obtained":[{"floor":2,"key":"Nunchaku"},{"floor":6,"key":"Molten Egg 2"},{"floor":9,"key":"Toxic Egg 2"},{"floor":11,"key":"Oddly Smooth Stone"},{"floor":12,"key":"Bag of Marbles"},{"floor":13,"key":"Thread and Needle"},{"floor":20,"key":"Red Mask"},{"floor":23,"key":"War Paint"},{"floor":26,"key":"Potion Belt"},{"floor":27,"key":"FossilizedHelix"},{"floor":36,"key":"Shuriken"},{"floor":40,"key":"Blood Vial"},{"floor":43,"key":"Bronze Scales"},{"floor":47,"key":"Frozen Egg 2"}],"event_choices":[{"damage_healed":0,"gold_gain":0,"player_choice":"Gave Potion","damage_taken":0,"relics_obtained":["Regal Pillow"],"max_hp_gain":0,"max_hp_loss":0,"event_name":"WeMeetAgain","floor":7,"gold_loss":0},{"damage_healed":0,"gold_gain":0,"player_choice":"Fought Bandits","damage_taken":0,"max_hp_gain":0,"max_hp_loss":0,"event_name":"Masked Bandits","floor":20,"gold_loss":0},{"damage_healed":0,"gold_gain":0,"player_choice":"Simplicity","damage_taken":0,"max_hp_gain":0,"max_hp_loss":0,"event_name":"Back to Basics","floor":22,"gold_loss":0,"cards_upgraded":["Strike_B","Strike_B","Strike_B","Defend_B","Defend_B","Defend_B","Defend_B"]},{"damage_healed":0,"gold_gain":0,"player_choice":"Read","damage_taken":0,"max_hp_gain":0,"max_hp_loss":0,"event_name":"The Library","floor":24,"gold_loss":0,"cards_obtained":["Loop"]},{"damage_healed":0,"gold_gain":0,"player_choice":"Inject Mutagens","damage_taken":0,"relics_obtained":["MutagenicStrength"],"max_hp_gain":0,"max_hp_loss":0,"event_name":"Drug Dealer","floor":25,"gold_loss":0},{"damage_healed":0,"gold_gain":0,"player_choice":"Joined the Cult","damage_taken":6,"max_hp_gain":0,"max_hp_loss":0,"event_name":"Nest","floor":29,"gold_loss":0,"cards_obtained":["RitualDagger"]}],"is_beta":false,"boss_relics":[{"not_picked":["Eternal Feather","White Beast Statue"],"picked":"Nuclear Battery"},{"not_picked":["Calling Bell","Lizard Tail"],"picked":"Empty Cage"}],"items_purged_floors":[],"is_endless":false,"potions_floor_spawned":[1,3,8,14,20,23,33,37,40,47,48],"ascension_level":0}