{"gold_per_floor":[111,128,139,19,33,66,66,66,93,112,132,142,156,156,156,251,251,271,285,60,60,60,60,90,105,105,115,132,332,348,348],"floor_reached":31,"playtime":3318,"items_purged":[],"score":288,"play_id":"b47d6e5c-fc4c-4a2b-a4bc-2af74ba15654","local_time":"20190326031358","is_ascension_mode":false,"campfire_choices":[{"floor":8,"key":"REST"},{"floor":15,"key":"REST"},{"data":"Infinite Blades","floor":23,"key":"SMITH"}],"neow_cost":"NONE","seed_source_timestamp":0,"circlet_count":0,"master_deck":["Defend_G","Defend_G","Defend_G","Defend_G","Defend_G","Strike_G","Strike_G","Strike_G","Strike_G","Strike_G","Survivor","Neutralize","Flechettes","PiercingWail","Dagger Spray","Infinite Blades+1","Setup","Cloak And Dagger","Dodge and Roll","Dagger Throw","Cloak And Dagger","Quick Slash","Footwork","Tools of the Trade","Cloak And Dagger","Cloak And Dagger","Reflex","J.A.X.","Dodge and Roll+1","Adrenaline","Deflect","Dodge and Roll+1","Choke"],"special_seed":0,"relics":["Ring of the Snake","NeowsBlessing","Bag of Preparation","WarpedTongs","WristBlade","Oddly Smooth Stone","Bronze Scales","Matryoshka"],"potions_floor_usage":[5,6,16,16,19,19,24,27,27,27,28,28,31],"damage_taken":[{"damage":0,"enemies":"2 Louse","floor":1,"turns":1},{"damage":0,"enemies":"Cultist","floor":2,"turns":1},{"damage":0,"enemies":"Small Slimes","floor":3,"turns":1},{"damage":0,"enemies":"Gremlin Gang","floor":5,"turns":4},{"damage":54,"enemies":"Lagavulin","floor":6,"turns":10},{"damage":0,"enemies":"Large Slime","floor":10,"turns":7},{"damage":0,"enemies":"3 Louse","floor":11,"turns":4},{"damage":0,"enemies":"Red Slaver","floor":12,"turns":2},{"damage":1,"enemies":"2 Fungi Beasts","floor":13,"turns":3},{"damage":27,"enemies":"Slime Boss","floor":16,"turns":15},{"damage":1,"enemies":"Shell Parasite","floor":18,"turns":8},{"damage":7,"enemies":"Chosen","floor":19,"turns":6},{"damage":35,"enemies":"Slavers","floor":24,"turns":6},{"damage":9,"enemies":"Snecko","floor":25,"turns":5},{"damage":6,"enemies":"Chosen and Byrds","floor":27,"turns":8},{"damage":0,"enemies":"3 Cultists","floor":28,"turns":6},{"damage":0,"enemies":"Cultist and Chosen","floor":30,"turns":8},{"damage":20,"enemies":"Chosen and Byrds","floor":31,"turns":6}],"seed_played":"-3622087676707166548","potions_obtained":[{"floor":1,"key":"Energy Potion"},{"floor":5,"key":"LiquidBronze"},{"floor":6,"key":"AttackPotion"},{"floor":12,"key":"SpeedPotion"},{"floor":13,"key":"AttackPotion"},{"floor":16,"key":"SpeedPotion"},{"floor":19,"key":"AttackPotion"},{"floor":24,"key":"EntropicBrew"},{"floor":27,"key":"Weak Potion"},{"floor":28,"key":"Poison Potion"}],"is_trial":false,"path_per_floor":["M","M","M","$","M","E","?","R","T","M","M","M","M","?","R","B",null,"M","M","$","?","?","R","E","M","T","M","M","?","M","M"],"character_chosen":"THE_SILENT","items_purchased":["Infinite Blades","Setup","Reflex","Oddly Smooth Stone"],"campfire_rested":2,"item_purchase_floors":[4,4,20,20],"current_hp_per_floor":[70,70,70,70,70,16,16,37,37,37,37,37,36,36,57,30,70,69,62,62,62,62,62,27,18,18,12,12,12,12,0],"gold":348,"neow_bonus":"THREE_ENEMY_KILL","is_prod":false,"is_daily":false,"chose_seed":false,"campfire_upgraded":1,"win_rate":0,"timestamp":1553534038,"path_taken":["M","M","M","$","M","E","?","R","T","M","M","M","?","?","R","BOSS","M","?","$","?","?","R","E","?","T","M","M","?","?","M"],"build_version":"2019-01-23","purchased_purges":0,"victory":false,"max_hp_per_floor":[70,70,70,70,70,70,70,70,70,70,70,70,70,70,70,70,70,70,70,70,70,70,70,70,70,70,70,70,70,70,70],"card_choices":[{"not_picked":["Blur","Deadly Poison"],"picked":"Flechettes","floor":1},{"not_picked":["Acrobatics","Outmaneuver"],"picked":"PiercingWail","floor":2},{"not_picked":["Underhanded Strike","Unload"],"picked":"Dagger Spray","floor":3},{"not_picked":["Catalyst","Underhanded Strike"],"picked":"Cloak And Dagger","floor":5},{"not_picked":["Crippling Poison","Expertise"],"picked":"Dodge and Roll","floor":6},{"not_picked":["Distraction","Outmaneuver"],"picked":"Dagger Throw","floor":10},{"not_picked":["Blade Dance","PiercingWail"],"picked":"Cloak And Dagger","floor":11},{"not_picked":["Eviscerate","Underhanded Strike"],"picked":"Quick Slash","floor":12},{"not_picked":["Heel Hook","Calculated Gamble"],"picked":"Footwork","floor":13},{"not_picked":["Malaise","Die Die Die"],"picked":"Tools of the Trade","floor":16},{"not_picked":["Caltrops+1","Dagger Throw"],"picked":"Cloak And Dagger","floor":18},{"not_picked":["Acrobatics","Bouncing Flask"],"picked":"Cloak And Dagger","floor":19},{"not_picked":["Leg Sweep","Endless Agony"],"picked":"Dodge and Roll+1","floor":24},{"not_picked":["Dagger Spray","Setup"],"picked":"Adrenaline","floor":25},{"not_picked":["Dagger Spray+1","Finisher"],"picked":"Deflect","floor":27},{"not_picked":["Dagger Throw","Leg Sweep"],"picked":"Dodge and Roll+1","floor":28},{"not_picked":["PiercingWail","Dodge and Roll"],"picked":"Choke","floor":30}],"player_experience":132275,"relics_obtained":[{"floor":6,"key":"Bag of Preparation"},{"floor":24,"key":"Bronze Scales"},{"floor":26,"key":"Matryoshka"}],"event_choices":[{"damage_healed":0,"gold_gain":0,"player_choice":"Ignored","damage_taken":0,"max_hp_gain":0,"max_hp_loss":0,"event_name":"Purifier","floor":7,"gold_loss":0},{"damage_healed":0,"gold_gain":0,"player_choice":"Rummage","damage_taken":0,"relics_obtained":["WarpedTongs"],"max_hp_gain":0,"max_hp_loss":0,"event_name":"Accursed Blacksmith","floor":14,"gold_loss":0,"cards_obtained":["Pain"]},{"damage_healed":0,"gold_gain":0,"player_choice":"Obtain J.A.X.","damage_taken":0,"max_hp_gain":0,"max_hp_loss":0,"event_name":"Drug Dealer","floor":21,"gold_loss":0,"cards_obtained":["J.A.X."]},{"cards_removed":["Pain"],"damage_healed":0,"gold_gain":0,"player_choice":"Purged","damage_taken":0,"max_hp_gain":0,"max_hp_loss":0,"event_name":"Purifier","floor":22,"gold_loss":0},{"damage_healed":0,"gold_gain":200,"player_choice":"Gold","damage_taken":0,"max_hp_gain":0,"max_hp_loss":0,"event_name":"Wheel of Change","floor":29,"gold_loss":0}],"is_beta":false,"boss_relics":[{"not_picked":["Astrolabe","Busted Crown"],"picked":"WristBlade"}],"items_purged_floors":[],"is_endless":false,"potions_floor_spawned":[1,5,6,12,13,16,19,24,27,28],"killed_by":"Chosen and Byrds","ascension_level":0}