{"gold_per_floor":[117,130,130,130,144,180,180,193,220,245,245,50,156,174,174,302,302,321,321,321,339,46,77,102,102,156,156,172,190,190,264,264,388,388,403,403,47,172,192,192,3,3,3,23,92,92,92,108,108,108,108,108,1,35,35],"floor_reached":55,"playtime":5910,"items_purged":["Parasite","Writhe"],"score":710,"play_id":"3709e3dc-6771-4fce-b5b1-fd7b8bcdc05b","local_time":"20190328211148","is_ascension_mode":false,"campfire_choices":[{"floor":7,"key":"RECALL"},{"floor":15,"key":"REST"},{"data":"Berserk","floor":25,"key":"SMITH"},{"data":"Infernal Blade","floor":27,"key":"SMITH"},{"floor":32,"key":"REST"},{"data":"Berserk","floor":40,"key":"SMITH"},{"data":"Barricade","floor":42,"key":"SMITH"},{"floor":46,"key":"REST"},{"floor":49,"key":"REST"},{"data":"Metallicize","floor":52,"key":"SMITH"}],"neow_cost":"NONE","seed_source_timestamp":20657920028671,"circlet_count":0,"master_deck":["Strike_R","Strike_R","Strike_R","Strike_R","Strike_R","Defend_R+1","Defend_R","Defend_R","Bash","Perfected Strike+1","Infernal Blade+1","Rampage","Thunderclap","Rage","Perfected Strike","Intimidate","Spot Weakness","Berserk+1","Warcry","Power Through","Cleave+1","Cleave+1","Metallicize+1","Injury","Power Through+1","Barricade+1","Berserk+1","Body Slam+1","Blood for Blood","Dramatic Entrance","Shrug It Off+1","Anger+1","Dual Wield","Wild Strike","Writhe","Parasite","Dual Wield+1","Armaments+1","True Grit+1","Wild Strike","Enlightenment","Feel No Pain+1"],"relics":["Burning Blood","Blood Vial","Golden Idol","Strawberry","Juzu Bracelet","OrangePellets","Tiny Chest","Cursed Key","Question Card","Incense Burner","Mummified Hand","Bag of Marbles","Nilry\u0027s Codex","Letter Opener","Runic Pyramid","Pen Nib","FossilizedHelix","Girya","Bronze Scales"],"potions_floor_usage":[6,8,10,16,24,24,24,33,35,44,44,55],"damage_taken":[{"damage":2,"enemies":"Small Slimes","floor":1,"turns":5},{"damage":8,"enemies":"Jaw Worm","floor":2,"turns":4},{"damage":0,"enemies":"Cultist","floor":5,"turns":2},{"damage":32,"enemies":"Gremlin Nob","floor":6,"turns":5},{"damage":11,"enemies":"Exordium Thugs","floor":8,"turns":4},{"damage":3,"enemies":"2 Fungi Beasts","floor":10,"turns":3},{"damage":30,"enemies":"Gremlin Nob","floor":13,"turns":4},{"damage":0,"enemies":"Large Slime","floor":14,"turns":4},{"damage":5,"enemies":"Slime Boss","floor":16,"turns":10},{"damage":34,"enemies":"2 Thieves","floor":18,"turns":4},{"damage":2,"enemies":"Chosen","floor":21,"turns":3},{"damage":2,"enemies":"Gremlin Leader","floor":23,"turns":6},{"damage":16,"enemies":"Snecko","floor":24,"turns":4},{"damage":20,"enemies":"Centurion and Healer","floor":28,"turns":7},{"damage":1,"enemies":"Snake Plant","floor":29,"turns":4},{"damage":64,"enemies":"Automaton","floor":33,"turns":15},{"damage":32,"enemies":"3 Shapes","floor":35,"turns":4},{"damage":0,"enemies":"Mind Bloom Boss Battle","floor":38,"turns":8},{"damage":8,"enemies":"3 Darklings","floor":39,"turns":6},{"damage":0,"enemies":"Writhing Mass","floor":44,"turns":5},{"damage":50,"enemies":"2 Orb Walkers","floor":45,"turns":4},{"damage":9,"enemies":"4 Shapes","floor":48,"turns":3},{"damage":88,"enemies":"Time Eater","floor":50,"turns":14},{"damage":87,"enemies":"Shield and Spear","floor":54,"turns":8},{"damage":24,"enemies":"The Heart","floor":55,"turns":3}],"seed_played":"3129120953303799054","potions_obtained":[{"floor":5,"key":"EntropicBrew"},{"floor":8,"key":"BloodPotion"},{"floor":10,"key":"AttackPotion"},{"floor":18,"key":"Regen Potion"},{"floor":28,"key":"EssenceOfSteel"},{"floor":33,"key":"Swift Potion"},{"floor":35,"key":"FearPotion"},{"floor":44,"key":"Fruit Juice"},{"floor":54,"key":"Strength Potion"}],"is_trial":false,"path_per_floor":["M","M","?","?","M","E","R","M","T","M","?","$","?","M","R","B",null,"M","?","?","M","$","E","M","R","T","R","M","M","?","T","R","B",null,"M","?","$","?","M","R","$","R","T","M","?","R","?","M","R","B",null,"R","$","E","B"],"character_chosen":"IRONCLAD","items_purchased":["OrangePellets","Incense Burner","Pen Nib","Blood for Blood","Dramatic Entrance","Dual Wield","Wild Strike","Wild Strike","Enlightenment"],"campfire_rested":4,"item_purchase_floors":[12,22,37,37,37,41,41,53,53],"current_hp_per_floor":[80,78,62,62,70,53,53,50,50,63,63,63,41,49,75,78,87,59,59,59,65,65,71,75,75,75,75,63,70,54,54,80,24,87,61,61,61,69,69,69,69,69,69,82,40,66,66,65,89,7,89,89,89,8,0],"gold":35,"neow_bonus":"RANDOM_COMMON_RELIC","is_prod":false,"is_daily":false,"chose_seed":false,"campfire_upgraded":5,"win_rate":0,"timestamp":1553771508,"path_taken":["M","M","?","?","?","E","R","M","T","M","?","$","?","M","R","BOSS","M","?","?","M","$","E","M","R","T","R","M","M","?","?","R","BOSS","M","?","$","?","M","R","?","R","T","M","?","R","?","M","R","BOSS","R","$","E","BOSS"],"build_version":"2019-01-23","purchased_purges":2,"victory":false,"max_hp_per_floor":[80,80,80,80,80,87,87,87,87,87,87,87,87,87,87,87,87,87,87,87,87,87,87,87,87,87,87,87,87,87,87,87,87,87,87,87,84,84,84,84,84,84,84,89,89,89,89,89,89,89,89,89,89,89,89],"card_choices":[{"not_picked":["Wild Strike","Twin Strike"],"picked":"Perfected Strike","floor":1},{"not_picked":["Clash","Twin Strike"],"picked":"Infernal Blade","floor":2},{"not_picked":["True Grit","Seeing Red"],"picked":"Rampage","floor":5},{"not_picked":["Armaments","Sentinel"],"picked":"Thunderclap","floor":6},{"not_picked":["Sentinel","Flex"],"picked":"Rage","floor":8},{"not_picked":["Headbutt","Havoc"],"picked":"Perfected Strike","floor":10},{"not_picked":["Anger","Iron Wave"],"picked":"Intimidate","floor":13},{"not_picked":["Twin Strike","Hemokinesis"],"picked":"Spot Weakness","floor":14},{"not_picked":["Juggernaut","Dark Embrace"],"picked":"Berserk","floor":16},{"not_picked":["Whirlwind","Corruption"],"picked":"Warcry","floor":18},{"not_picked":["Shockwave+1","Rampage","Reckless Charge"],"picked":"Cleave+1","floor":21},{"not_picked":["Armaments","Shockwave","Clothesline"],"picked":"Cleave+1","floor":23},{"not_picked":["Havoc+1","Warcry","Pummel"],"picked":"Metallicize","floor":24},{"not_picked":["Clothesline","Iron Wave+1","Headbutt"],"picked":"Power Through+1","floor":28},{"not_picked":["Pommel Strike","Seeing Red+1","Dual Wield+1"],"picked":"Barricade","floor":29},{"not_picked":["Dark Embrace","Immolate","Brutality"],"picked":"Berserk","floor":33},{"not_picked":["Rage","Clothesline","Havoc+1"],"picked":"Body Slam+1","floor":35},{"not_picked":["Carnage+1","Flex","Rage+1"],"picked":"Shrug It Off+1","floor":38},{"not_picked":["True Grit+1","Rupture+1","Shrug It Off+1"],"picked":"Anger+1","floor":39},{"not_picked":["Armaments","Warcry","Clothesline"],"picked":"Dual Wield+1","floor":44},{"not_picked":["Anger+1","True Grit+1","Reckless Charge"],"picked":"Armaments+1","floor":45},{"not_picked":["Clash+1","Fire Breathing","Dropkick+1"],"picked":"True Grit+1","floor":48},{"not_picked":["Hemokinesis+1","Sword Boomerang+1","Havoc+1"],"picked":"Feel No Pain+1","floor":54}],"player_experience":245148,"relics_obtained":[{"floor":6,"key":"Strawberry"},{"floor":9,"key":"Juzu Bracelet"},{"floor":23,"key":"Mummified Hand"},{"floor":26,"key":"Bag of Marbles"},{"floor":30,"key":"Nilry\u0027s Codex"},{"floor":31,"key":"Letter Opener"},{"floor":38,"key":"FossilizedHelix"},{"floor":45,"key":"Girya"},{"floor":54,"key":"Bronze Scales"}],"event_choices":[{"damage_healed":0,"gold_gain":0,"player_choice":"Entered Light","damage_taken":16,"max_hp_gain":0,"max_hp_loss":0,"event_name":"Shining Light","floor":3,"gold_loss":0,"cards_upgraded":["Perfected Strike","Defend_R"]},{"damage_healed":0,"gold_gain":0,"player_choice":"Take Wound","damage_taken":0,"relics_obtained":["Golden Idol"],"max_hp_gain":0,"max_hp_loss":0,"event_name":"Golden Idol","floor":4,"gold_loss":0,"cards_obtained":["Injury"]},{"cards_removed":["Injury"],"damage_healed":0,"gold_gain":0,"player_choice":"Purged","damage_taken":0,"max_hp_gain":0,"max_hp_loss":0,"event_name":"Purifier","floor":11,"gold_loss":0},{"damage_healed":0,"gold_gain":0,"player_choice":"Searched \u00273\u0027 times","damage_taken":0,"relics_obtained":["Tiny Chest"],"max_hp_gain":0,"max_hp_loss":0,"event_name":"Dead Adventurer","floor":13,"gold_loss":0},{"damage_healed":0,"gold_gain":0,"player_choice":"Opened","damage_taken":0,"relics_obtained":["Question Card"],"max_hp_gain":0,"max_hp_loss":0,"event_name":"The Mausoleum","floor":19,"gold_loss":0,"cards_obtained":["Writhe"]},{"damage_healed":0,"gold_gain":0,"player_choice":"Read","damage_taken":0,"max_hp_gain":0,"max_hp_loss":0,"event_name":"The Library","floor":20,"gold_loss":0,"cards_obtained":["Power Through"]},{"damage_healed":0,"gold_gain":0,"player_choice":"Obtained Book","damage_taken":16,"max_hp_gain":0,"max_hp_loss":0,"event_name":"Cursed Tome","floor":30,"gold_loss":0},{"cards_removed":["Defend_R"],"damage_healed":0,"gold_gain":0,"player_choice":"Removed Skill","damage_taken":0,"max_hp_gain":0,"max_hp_loss":0,"event_name":"Falling","floor":36,"gold_loss":0},{"damage_healed":0,"gold_gain":0,"player_choice":"Fight","damage_taken":0,"max_hp_gain":0,"max_hp_loss":0,"event_name":"MindBloom","floor":38,"gold_loss":0},{"damage_healed":0,"gold_gain":0,"player_choice":"Fight","damage_taken":0,"max_hp_gain":0,"max_hp_loss":0,"event_name":"Mysterious Sphere","floor":45,"gold_loss":0},{"damage_healed":0,"gold_gain":0,"player_choice":"Ignored","damage_taken":0,"max_hp_gain":0,"max_hp_loss":0,"event_name":"SecretPortal","floor":47,"gold_loss":0}],"is_beta":false,"boss_relics":[{"not_picked":["Lizard Tail","Busted Crown"],"picked":"Cursed Key"},{"not_picked":["Fusion Hammer","Pandora\u0027s Box"],"picked":"Runic Pyramid"}],"items_purged_floors":[37,41],"is_endless":false,"potions_floor_spawned":[5,8,10,18,23,28,33,35,44,54],"killed_by":"The Heart","ascension_level":0}