{"gold_per_floor":[119,41,59,134,134,134,151,171,196,228,238,257,288,288,288,393,393,362,462,0,19,31,31,49,67,135,148,173,208,208,241,241,241],"floor_reached":33,"playtime":9394,"items_purged":[],"score":299,"play_id":"d444afa5-5cd2-4d84-aa06-e598ae338667","local_time":"20190712113907","is_ascension_mode":false,"campfire_choices":[{"data":"Strike_R","floor":6.0,"key":"SMITH"},{"floor":15.0,"key":"REST"},{"floor":23,"key":"REST"},{"floor":30,"key":"REST"},{"floor":32,"key":"REST"}],"neow_cost":"","seed_source_timestamp":0,"circlet_count":0,"master_deck":["Strike_R+1","Strike_R","Strike_R","Strike_R","Strike_R","Defend_R","Defend_R","Defend_R","Defend_R","Bash","Uppercut","Uppercut","Shrug It Off","Body Slam","Reaper+1","Clothesline","Iron Wave","Metallicize","Pummel","Juggernaut","Rage","Good Instincts","Clothesline","Entrench+1","True Grit+1","Shrug It Off","Rage","Battle Trance"],"special_seed":0,"relics":["Black Blood","Oddly Smooth Stone","Bag of Marbles","Strawberry","Anchor","Incense Burner","Mummified Hand","Red Mask","Kunai","Bottled Tornado"],"potions_floor_usage":[28,29,33,33],"damage_taken":[{"damage":15.0,"enemies":"Small Slimes","floor":1.0,"turns":4.0},{"damage":1.0,"enemies":"Cultist","floor":3.0,"turns":3.0},{"damage":2.0,"enemies":"Jaw Worm","floor":7.0,"turns":3.0},{"damage":6.0,"enemies":"Exordium Wildlife","floor":8.0,"turns":5.0},{"damage":28.0,"enemies":"Gremlin Nob","floor":10.0,"turns":5.0},{"damage":1.0,"enemies":"Red Slaver","floor":11.0,"turns":3.0},{"damage":1.0,"enemies":"Looter","floor":12.0,"turns":3.0},{"damage":21.0,"enemies":"3 Sentries","floor":13.0,"turns":8.0},{"damage":52.0,"enemies":"The Guardian","floor":16.0,"turns":17.0},{"damage":20.0,"enemies":"2 Thieves","floor":18.0,"turns":5.0},{"damage":27,"enemies":"Spheric Guardian","floor":21,"turns":6},{"damage":27,"enemies":"Shelled Parasite and Fungi","floor":22,"turns":9},{"damage":47,"enemies":"3 Cultists","floor":24,"turns":8},{"damage":23,"enemies":"Centurion and Healer","floor":25,"turns":12},{"damage":11,"enemies":"Sentry and Sphere","floor":27,"turns":5},{"damage":33,"enemies":"Masked Bandits","floor":28,"turns":6},{"damage":12,"enemies":"Book of Stabbing","floor":29,"turns":8},{"damage":35,"enemies":"Slavers","floor":31,"turns":9},{"damage":92,"enemies":"Champ","floor":33,"turns":16}],"seed_played":"-2865371493708125877","potions_obtained":[{"floor":1.0,"key":"Explosive Potion"},{"floor":10.0,"key":"LiquidBronze"},{"floor":13.0,"key":"Energy Potion"},{"floor":16.0,"key":"LiquidBronze"},{"floor":18.0,"key":"Dexterity Potion"},{"floor":27,"key":"EssenceOfSteel"},{"floor":29,"key":"FairyPotion"},{"floor":31,"key":"LiquidBronze"}],"is_trial":false,"path_per_floor":["M","$","M","?","?","R","M","M","T","E","M","M","E","?","R","B",null,"M","?","$","M","M","R","M","M","T","M","?","E","R","E","R","B"],"character_chosen":"IRONCLAD","items_purchased":["Uppercut","Incense Burner","Rage","Good Instincts","Clothesline"],"campfire_rested":4,"item_purchase_floors":[2,20,20,20,20],"current_hp_per_floor":[71,71,76,65,65,65,69,69,69,56,61,70,67,67,87,46,87,77,77,77,60,47,73,50,42,42,46,23,21,47,31,57,0],"gold":241,"neow_bonus":"","is_prod":false,"is_daily":false,"chose_seed":false,"campfire_upgraded":1,"win_rate":0.0,"timestamp":1562945947,"path_taken":["M","$","M","?","?","R","M","M","T","E","?","M","E","?","R","BOSS","M","?","$","M","M","R","M","?","T","M","?","E","R","E","R","BOSS"],"build_version":"2019-07-05","purchased_purges":0,"victory":false,"max_hp_per_floor":[80,80,80,80,80,80,80,80,80,87,87,87,87,87,87,87,87,87,87,87,87,87,87,87,87,87,87,87,87,87,87,87,87],"card_choices":[{"not_picked":["Fire Breathing","Anger"],"picked":"Uppercut","floor":1.0},{"not_picked":["Clothesline","Fire Breathing"],"picked":"Shrug It Off","floor":3.0},{"not_picked":["Pommel Strike","Second Wind"],"picked":"Body Slam","floor":7.0},{"not_picked":["Reckless Charge","Searing Blow"],"picked":"Reaper","floor":8.0},{"not_picked":["Anger","Sword Boomerang"],"picked":"Clothesline","floor":10.0},{"not_picked":["Armaments","Shrug It Off"],"picked":"Iron Wave","floor":11.0},{"not_picked":["Armaments","Iron Wave"],"picked":"Metallicize","floor":12.0},{"not_picked":["Bloodletting","Inflame"],"picked":"Pummel","floor":13.0},{"not_picked":["Reaper","Double Tap"],"picked":"Juggernaut","floor":16.0},{"not_picked":["Reckless Charge","Pommel Strike+1","Anger"],"picked":"SKIP","floor":18.0},{"not_picked":["Shrug It Off+1","Iron Wave"],"picked":"Entrench+1","floor":21},{"not_picked":["Thunderclap","Perfected Strike+1","Feed"],"picked":"SKIP","floor":22},{"not_picked":["Searing Blow","Reckless Charge"],"picked":"True Grit+1","floor":24},{"not_picked":["Clothesline","Anger+1","Pommel Strike"],"picked":"SKIP","floor":25},{"not_picked":["Thunderclap","Uppercut"],"picked":"Shrug It Off","floor":27},{"not_picked":["Clash","Second Wind"],"picked":"Rage","floor":28},{"not_picked":["Clothesline","Perfected Strike"],"picked":"Battle Trance","floor":29},{"not_picked":["Demon Form","Flex","Warcry"],"picked":"SKIP","floor":31}],"player_experience":0,"relics_obtained":[{"floor":9.0,"key":"Bag of Marbles"},{"floor":10.0,"key":"Strawberry"},{"floor":13.0,"key":"Anchor"},{"floor":26,"key":"Mummified Hand"},{"floor":28,"key":"Red Mask"},{"floor":29,"key":"Kunai"},{"floor":31,"key":"Bottled Tornado"}],"event_choices":[{"damage_healed":0.0,"max_hp_gain":0.0,"max_hp_loss":0.0,"gold_gain":75.0,"event_name":"World of Goop","player_choice":"Gather Gold","floor":4.0,"gold_loss":0.0,"damage_taken":11.0},{"damage_healed":0.0,"max_hp_gain":0.0,"max_hp_loss":0.0,"gold_gain":0.0,"event_name":"WeMeetAgain","player_choice":"Gave Potion","floor":5.0,"gold_loss":0.0,"damage_taken":0.0,"relics_obtained":["Oddly Smooth Stone"]},{"damage_healed":0.0,"max_hp_gain":0.0,"max_hp_loss":0.0,"gold_gain":0.0,"event_name":"Living Wall","player_choice":"Grow","floor":14.0,"gold_loss":0.0,"damage_taken":0.0,"cards_upgraded":["Reaper"]},{"damage_healed":0.0,"max_hp_gain":0.0,"max_hp_loss":0.0,"gold_gain":100.0,"event_name":"Golden Shrine","player_choice":"Pray","floor":19.0,"gold_loss":0.0,"damage_taken":0.0},{"damage_healed":0,"gold_gain":0,"player_choice":"Fought Bandits","damage_taken":0,"max_hp_gain":0,"max_hp_loss":0,"event_name":"Masked Bandits","floor":28,"gold_loss":0}],"is_beta":false,"boss_relics":[{"not_picked":["Runic Dome","Lizard Tail"],"picked":"Black Blood"}],"items_purged_floors":[],"is_endless":false,"potions_floor_spawned":[1,10,13,16,18,24,27,29,31],"killed_by":"Champ","ascension_level":0}