{"gold_per_floor":[12,31,31,46,61,94,94,104,104,104,130,130,55,73,73,147,147,162,179,197,210,222,251,251,251,251,251,266,299,299,299,299,374,374,385,405,415,432,447,476,476,504,504,22,22,22,39,54,54,54,54,54,54,27,59,59],"floor_reached":57,"playtime":4232,"items_purged":["Regret","Decay"],"score":2716,"play_id":"2b2b9358-9544-4617-815d-11aa069de23d","local_time":"20190512155218","is_ascension_mode":true,"campfire_choices":[{"data":"Bash","floor":7.0,"key":"SMITH"},{"data":"Inflame","floor":15.0,"key":"SMITH"},{"data":"Iron Wave","floor":24.0,"key":"SMITH"},{"data":"Headbutt","floor":27.0,"key":"SMITH"},{"floor":30.0,"key":"RECALL"},{"data":"Twin Strike","floor":32.0,"key":"SMITH"},{"data":"Pommel Strike","floor":41.0,"key":"SMITH"},{"data":"Limit Break","floor":46.0,"key":"SMITH"},{"data":"Disarm","floor":49.0,"key":"SMITH"},{"floor":53.0,"key":"REST"}],"neow_cost":"NO_GOLD","seed_source_timestamp":0,"circlet_count":0,"master_deck":["AscendersBane","Strike_R","Strike_R","Defend_R+1","Defend_R","Defend_R","Defend_R","Bash+1","Twin Strike+1","Headbutt+1","Impervious+1","Inflame+1","Battle Trance","Reaper","Clash+1","Warcry+1","Inflame+1","Corruption+1","Burning Pact","Iron Wave+1","Shrug It Off+1","Ghostly Armor","Iron Wave+1","Burning Pact","Armaments+1","Limit Break+1","Headbutt","Pommel Strike+1","Sentinel","Pummel","Disarm+1","Reaper","Shrug It Off","Madness","Madness","Reaper","Shrug It Off"],"special_seed":0,"relics":["Burning Blood","Ancient Tea Set","Paper Frog","Mango","Pocketwatch","Potion Belt","Pen Nib","Astrolabe","Nloth\u0027s Gift","Smiling Mask","Cursed Key","Orichalcum","Question Card","Bottled Tornado","Membership Card","Red Skull","Magic Flower"],"potions_floor_usage":[56,56,56,56,56,56],"damage_taken":[{"damage":1.0,"enemies":"Cultist","floor":1.0,"turns":3.0},{"damage":4.0,"enemies":"Small Slimes","floor":2.0,"turns":3.0},{"damage":9.0,"enemies":"Jaw Worm","floor":4.0,"turns":3.0},{"damage":11.0,"enemies":"2 Fungi Beasts","floor":5.0,"turns":4.0},{"damage":32.0,"enemies":"Gremlin Nob","floor":6.0,"turns":4.0},{"damage":4.0,"enemies":"Red Slaver","floor":8.0,"turns":4.0},{"damage":11.0,"enemies":"Exordium Thugs","floor":14.0,"turns":5.0},{"damage":40.0,"enemies":"Slime Boss","floor":16.0,"turns":8.0},{"damage":31.0,"enemies":"3 Byrds","floor":18.0,"turns":6.0},{"damage":28.0,"enemies":"Chosen","floor":19.0,"turns":5.0},{"damage":14.0,"enemies":"Shelled Parasite and Fungi","floor":20.0,"turns":4.0},{"damage":15.0,"enemies":"Centurion and Healer","floor":21.0,"turns":6.0},{"damage":21.0,"enemies":"Snake Plant","floor":22.0,"turns":5.0},{"damage":18.0,"enemies":"Gremlin Leader","floor":23.0,"turns":6.0},{"damage":17.0,"enemies":"Shelled Parasite and Fungi","floor":28.0,"turns":5.0},{"damage":45.0,"enemies":"Slavers","floor":29.0,"turns":6.0},{"damage":24.0,"enemies":"Champ","floor":33.0,"turns":6.0},{"damage":28.0,"enemies":"3 Darklings","floor":35.0,"turns":6.0},{"damage":6.0,"enemies":"3 Shapes","floor":36.0,"turns":5.0},{"damage":43.0,"enemies":"Sphere and 2 Shapes","floor":37.0,"turns":8.0},{"damage":28.0,"enemies":"Transient","floor":38.0,"turns":6.0},{"damage":35.0,"enemies":"4 Shapes","floor":39.0,"turns":4.0},{"damage":31.0,"enemies":"Reptomancer","floor":40.0,"turns":7.0},{"damage":63.0,"enemies":"Giant Head","floor":42.0,"turns":6.0},{"damage":46.0,"enemies":"Writhing Mass","floor":47.0,"turns":8.0},{"damage":40.0,"enemies":"3 Darklings","floor":48.0,"turns":10.0},{"damage":116.0,"enemies":"Time Eater","floor":50.0,"turns":13.0},{"damage":262.0,"enemies":"Donu and Deca","floor":51.0,"turns":14.0},{"damage":102.0,"enemies":"Shield and Spear","floor":55.0,"turns":8.0},{"damage":274,"enemies":"The Heart","floor":56,"turns":10}],"seed_played":"-7551506377785180407","potions_obtained":[{"floor":4.0,"key":"Regen Potion"},{"floor":5.0,"key":"SteroidPotion"},{"floor":6.0,"key":"SkillPotion"},{"floor":14.0,"key":"Block Potion"},{"floor":19.0,"key":"EntropicBrew"},{"floor":20.0,"key":"Strength Potion"},{"floor":36.0,"key":"Ancient Potion"},{"floor":38.0,"key":"Swift Potion"},{"floor":42.0,"key":"Swift Potion"},{"floor":55.0,"key":"Energy Potion"}],"is_trial":false,"path_per_floor":["M","M","?","M","M","E","R","M","T","?","T","?","$","M","R","B",null,"M","M","M","M","M","E","R","?","T","R","M","E","R","?","R","B",null,"M","M","M","M","M","E","R","E","T","$","?","R","M","M","R","B","B",null,"R","$","E","B",null],"character_chosen":"IRONCLAD","items_purchased":["Membership Card","Reaper","Shrug It Off","Fruit Juice","Red Skull","Strength Potion"],"campfire_rested":1,"item_purchase_floors":[44,44,44,44,44,54],"current_hp_per_floor":[87,89,89,86,81,55,55,69,83,83,83,65,65,60,60,26,84,74,52,86,97,83,103,103,103,103,103,103,88,88,93,93,75,96,102,103,91,103,103,103,103,74,74,74,55,55,61,108,108,108,17,85,108,108,102,29],"gold":59,"neow_bonus":"TWENTY_PERCENT_HP_BONUS","is_prod":false,"is_daily":false,"chose_seed":false,"campfire_upgraded":8,"win_rate":0,"timestamp":1557690738,"path_taken":["M","?","?","M","?","E","R","M","T","?","?","?","$","M","R","BOSS","M","M","M","M","M","E","R","?","T","R","?","E","R","?","R","BOSS","M","M","M","M","?","E","R","E","T","$","?","R","M","M","R","BOSS","BOSS","R","$","E","BOSS"],"build_version":"2019-05-07","purchased_purges":2,"victory":true,"max_hp_per_floor":[89,89,89,89,89,89,89,89,103,103,103,103,103,103,103,103,103,103,103,103,103,103,103,103,103,103,103,103,103,103,103,103,103,103,103,103,103,103,103,103,103,103,103,103,103,103,108,108,108,108,108,108,108,108,108,108],"card_choices":[{"not_picked":["Evolve","Blood for Blood"],"picked":"Twin Strike","floor":1.0},{"not_picked":["Evolve","Entrench","Heavy Blade"],"picked":"SKIP","floor":2.0},{"not_picked":["Pommel Strike","Iron Wave"],"picked":"Headbutt","floor":4.0},{"not_picked":["Havoc","True Grit"],"picked":"Wild Strike","floor":5.0},{"not_picked":["Clothesline","Pommel Strike"],"picked":"Impervious","floor":6.0},{"not_picked":["Sever Soul","Body Slam"],"picked":"Inflame","floor":8.0},{"not_picked":["Clothesline","Intimidate"],"picked":"Battle Trance","floor":14.0},{"not_picked":["Feed","Brutality"],"picked":"Reaper","floor":16.0},{"not_picked":["Infernal Blade","Wild Strike"],"picked":"Corruption+1","floor":18.0},{"not_picked":["Heavy Blade","Ghostly Armor"],"picked":"Burning Pact","floor":19.0},{"not_picked":["Sever Soul+1","Thunderclap"],"picked":"Iron Wave","floor":20.0},{"not_picked":["Iron Wave","Thunderclap"],"picked":"Shrug It Off+1","floor":21.0},{"not_picked":["Havoc+1","Clothesline"],"picked":"Ghostly Armor","floor":22.0},{"not_picked":["Second Wind+1","Cleave"],"picked":"Iron Wave+1","floor":23.0},{"not_picked":["Cleave","Body Slam"],"picked":"Burning Pact","floor":28.0},{"not_picked":["Berserk","Iron Wave"],"picked":"Armaments+1","floor":29.0},{"not_picked":["Double Tap","Offering"],"picked":"Limit Break","floor":33.0},{"not_picked":["Anger+1","Clash","Warcry+1"],"picked":"SKIP","floor":35.0},{"not_picked":["Corruption+1","Thunderclap"],"picked":"Headbutt","floor":36.0},{"not_picked":["Clothesline","Anger","Havoc"],"picked":"SKIP","floor":37.0},{"not_picked":["Flex","Clash"],"picked":"Pommel Strike","floor":38.0},{"not_picked":["Pommel Strike","Rupture"],"picked":"Sentinel","floor":39.0},{"not_picked":["Flex","Thunderclap+1"],"picked":"Pummel","floor":40.0},{"not_picked":["Power Through","Uppercut"],"picked":"Disarm","floor":42.0},{"not_picked":["Iron Wave+1","Havoc+1","Wild Strike"],"picked":"Reaper","floor":47.0},{"not_picked":["Twin Strike","Wild Strike","Heavy Blade","Rampage+1"],"picked":"SKIP","floor":48.0},{"not_picked":["Infernal Blade+1","Iron Wave+1","Anger"],"picked":"Shrug It Off","floor":55.0}],"player_experience":2932424,"relics_obtained":[{"floor":3.0,"key":"Ancient Tea Set"},{"floor":6.0,"key":"Paper Frog"},{"floor":9.0,"key":"Mango"},{"floor":11.0,"key":"Potion Belt"},{"floor":23.0,"key":"War Paint"},{"floor":29.0,"key":"Smiling Mask"},{"floor":40.0,"key":"Orichalcum"},{"floor":42.0,"key":"Question Card"},{"floor":43.0,"key":"Bottled Tornado"},{"floor":55.0,"key":"Magic Flower"}],"event_choices":[{"damage_healed":0.0,"max_hp_gain":0.0,"max_hp_loss":0.0,"gold_gain":0.0,"event_name":"Wheel of Change","player_choice":"Relic","floor":3.0,"gold_loss":0.0,"damage_taken":0.0},{"damage_healed":0.0,"max_hp_gain":0.0,"max_hp_loss":0.0,"gold_gain":0.0,"event_name":"Big Fish","player_choice":"Box","floor":10.0,"gold_loss":0.0,"damage_taken":0.0,"relics_obtained":["Pocketwatch"],"cards_obtained":["Regret"]},{"damage_healed":0.0,"max_hp_gain":0.0,"max_hp_loss":0.0,"gold_gain":0.0,"event_name":"Scrap Ooze","player_choice":"Success","floor":12.0,"gold_loss":0.0,"damage_taken":18.0,"relics_obtained":["Pen Nib"]},{"damage_healed":0.0,"max_hp_gain":0.0,"max_hp_loss":0.0,"gold_gain":0.0,"event_name":"N\u0027loth","player_choice":"Traded Relic","floor":25.0,"relics_lost":["War Paint"],"gold_loss":0.0,"damage_taken":0.0,"relics_obtained":["Nloth\u0027s Gift"]},{"cards_removed":["Wild Strike"],"damage_healed":5.0,"max_hp_gain":0.0,"max_hp_loss":0.0,"gold_gain":0.0,"event_name":"Bonfire Elementals","player_choice":"Offered Common","floor":31.0,"gold_loss":0.0,"damage_taken":0.0},{"cards_removed":["Wild Strike"],"damage_healed":5.0,"max_hp_gain":0.0,"max_hp_loss":0.0,"gold_gain":0.0,"event_name":"Bonfire Elementals","player_choice":"Offered Special","floor":31.0,"gold_loss":0.0,"damage_taken":0.0},{"damage_healed":0.0,"max_hp_gain":0.0,"max_hp_loss":0.0,"gold_gain":0.0,"event_name":"Winding Halls","player_choice":"Embrace Madness","floor":45.0,"gold_loss":0.0,"damage_taken":19.0,"cards_obtained":["Madness","Madness"]}],"is_beta":true,"boss_relics":[{"not_picked":["Pandora\u0027s Box","Empty Cage"],"picked":"Astrolabe"},{"not_picked":["Busted Crown","Black Blood"],"picked":"Cursed Key"}],"items_purged_floors":[13,44],"is_endless":false,"potions_floor_spawned":[4,5,6,14,19,20,21,23,36,38,42,55],"ascension_level":20}