{"gold_per_floor":[119,194,204,81,91,122,148,180,192,204,230,256,288,2,2,106,106,117,17,17,32,32,49,49,49,74,85,101,101,101,16,16,16],"floor_reached":33,"playtime":3649,"items_purged":["Strike_B","Strike_B"],"score":276,"play_id":"9a76cc22-cb8a-450f-99fc-28cda37e86f7","local_time":"20190707232553","is_ascension_mode":false,"campfire_choices":[{"floor":10,"key":"REST"},{"floor":15,"key":"REST"},{"floor":24,"key":"REST"},{"floor":30,"key":"REST"},{"data":"Skim","floor":32,"key":"SMITH"}],"neow_cost":"NONE","seed_source_timestamp":45224177749900,"circlet_count":0,"master_deck":["Strike_B","Strike_B","Defend_B","Defend_B","Defend_B","Defend_B","Zap","Dualcast","Rebound","Hologram","Gash","Leap","Go for the Eyes","Gash","Rebound","Streamline","Streamline","Rebound+1","Skim+1","Rebound","Scrape","Dramatic Entrance"],"relics":["FrozenCore","MawBank","Boot","Gambling Chip","Blood Vial","Pen Nib"],"potions_floor_usage":[16,18,21,27,33,33,33],"damage_taken":[{"damage":1,"enemies":"Jaw Worm","floor":1,"turns":3},{"damage":1,"enemies":"Cultist","floor":3,"turns":3},{"damage":3,"enemies":"Small Slimes","floor":5,"turns":3},{"damage":27,"enemies":"3 Sentries","floor":6,"turns":9},{"damage":0,"enemies":"3 Louse","floor":7,"turns":5},{"damage":2,"enemies":"Looter","floor":8,"turns":3},{"damage":9,"enemies":"Exordium Thugs","floor":11,"turns":4},{"damage":5,"enemies":"Exordium Wildlife","floor":12,"turns":3},{"damage":0,"enemies":"Red Slaver","floor":13,"turns":3},{"damage":49,"enemies":"The Guardian","floor":16,"turns":9},{"damage":6,"enemies":"Spheric Guardian","floor":18,"turns":4},{"damage":4,"enemies":"Chosen","floor":21,"turns":5},{"damage":11,"enemies":"Sentry and Sphere","floor":23,"turns":6},{"damage":31,"enemies":"Snake Plant","floor":27,"turns":5},{"damage":8,"enemies":"Chosen and Byrds","floor":28,"turns":5},{"damage":65,"enemies":"Collector","floor":33,"turns":9}],"seed_played":"-3647617666975997100","potions_obtained":[{"floor":6,"key":"PowerPotion"},{"floor":7,"key":"Ancient Potion"},{"floor":11,"key":"SneckoOil"},{"floor":13,"key":"Ancient Potion"},{"floor":16,"key":"Swift Potion"},{"floor":21,"key":"GamblersBrew"},{"floor":23,"key":"Fire Potion"},{"floor":28,"key":"Ancient Potion"}],"is_trial":false,"path_per_floor":["M","?","M","$","M","E","M","M","T","R","M","M","M","$","R","B",null,"M","$","?","M","?","M","R","?","T","M","M","?","R","$","R","B"],"character_chosen":"DEFECT","items_purchased":["Gash","Gambling Chip","Dramatic Entrance"],"campfire_rested":4,"item_purchase_floors":[4,14,31],"current_hp_per_floor":[81,70,69,69,66,39,39,37,37,61,52,47,47,47,71,22,82,76,76,60,56,56,45,71,71,71,42,36,36,62,62,62,0],"gold":16,"neow_bonus":"TEN_PERCENT_HP_BONUS","is_prod":false,"is_daily":false,"chose_seed":false,"campfire_upgraded":1,"win_rate":0.0,"timestamp":1562531153,"path_taken":["M","?","M","$","M","E","M","M","T","R","M","M","M","?","R","BOSS","M","$","?","M","?","M","R","?","T","M","M","?","R","?","R","BOSS"],"build_version":"2019-07-05","purchased_purges":2,"victory":false,"max_hp_per_floor":[82,82,82,82,82,82,82,82,82,82,82,82,82,82,82,82,82,82,82,87,87,87,87,87,87,87,87,87,87,87,87,87,87],"card_choices":[{"not_picked":["Melter","Stack"],"picked":"Rebound","floor":1},{"not_picked":["Rip and Tear","Stack"],"picked":"Hologram","floor":3},{"not_picked":["Rainbow","Rebound"],"picked":"Leap","floor":5},{"not_picked":["Barrage","Defragment"],"picked":"Go for the Eyes","floor":6},{"not_picked":["Steam","Redo"],"picked":"Gash","floor":7},{"not_picked":["Coolheaded","Steam"],"picked":"Rebound","floor":8},{"not_picked":["Cold Snap","Storm","Blizzard"],"picked":"SKIP","floor":11},{"not_picked":["Barrage","Ball Lightning"],"picked":"Streamline","floor":12},{"not_picked":["Stack","Hologram"],"picked":"Streamline","floor":13},{"not_picked":["Redo","Cold Snap"],"picked":"Rebound+1","floor":18},{"not_picked":["Conserve Battery+1","Compile Driver"],"picked":"Skim","floor":21},{"not_picked":["Sweeping Beam+1","Chaos"],"picked":"Rebound","floor":23},{"not_picked":["Darkness+1","Cold Snap","Conserve Battery"],"picked":"SKIP","floor":27},{"not_picked":["Redo","Sweeping Beam","Genetic Algorithm"],"picked":"SKIP","floor":28}],"player_experience":107047,"relics_obtained":[{"floor":6,"key":"MawBank"},{"floor":9,"key":"Boot"},{"floor":26,"key":"Blood Vial"}],"event_choices":[{"damage_healed":0,"gold_gain":75,"player_choice":"Gather Gold","damage_taken":11,"max_hp_gain":0,"max_hp_loss":0,"event_name":"World of Goop","floor":2,"gold_loss":0},{"damage_healed":0,"gold_gain":0,"player_choice":"Shed Blood","damage_taken":21,"max_hp_gain":5,"max_hp_loss":0,"event_name":"Forgotten Altar","floor":20,"gold_loss":0},{"damage_healed":0,"gold_gain":0,"player_choice":"Ignored","damage_taken":0,"max_hp_gain":0,"max_hp_loss":0,"event_name":"Ghosts","floor":22,"gold_loss":0},{"damage_healed":0,"gold_gain":0,"player_choice":"Read","damage_taken":0,"max_hp_gain":0,"max_hp_loss":0,"event_name":"The Library","floor":25,"gold_loss":0,"cards_obtained":["Scrape"]},{"damage_healed":0,"gold_gain":0,"player_choice":"Opened","damage_taken":0,"relics_obtained":["Pen Nib"],"max_hp_gain":0,"max_hp_loss":0,"event_name":"The Mausoleum","floor":29,"gold_loss":0}],"is_beta":false,"boss_relics":[{"not_picked":["Ectoplasm","Nuclear Battery"],"picked":"FrozenCore"}],"items_purged_floors":[4,19],"is_endless":false,"potions_floor_spawned":[6,7,11,13,16,21,23,28],"killed_by":"Collector","ascension_level":0}