{"gold_per_floor":[118,137,137,62,72,72,100,100,100,50,89,103,103,3,3,126,126,145,145,161,36,51,51,90,90,90,90,133,133,149,168,168,287,287,300,366,366,390,42,76,176,176,176,219,219,243,264,264,264,264],"floor_reached":51,"playtime":1915,"items_purged":["Defend_B","Strike_B","Defend_B"],"score":906,"play_id":"c2984017-8dbe-4ec1-881d-3b404c214075","local_time":"20190117041431","is_ascension_mode":true,"campfire_choices":[{"data":"Hologram","floor":6.0,"key":"SMITH"},{"floor":13.0,"key":"REST"},{"data":"Dualcast","floor":15.0,"key":"SMITH"},{"data":"Scrape","floor":23.0,"key":"SMITH"},{"floor":25.0,"key":"REST"},{"data":"Beam Cell","floor":29.0,"key":"SMITH"},{"floor":32.0,"key":"REST"},{"data":"Gash","floor":42.0,"key":"SMITH"},{"floor":45.0,"key":"REST"},{"floor":49.0,"key":"REST"}],"neow_cost":"NONE","seed_source_timestamp":654277513035500,"circlet_count":0,"master_deck":["Defend_B","Zap+1","Dualcast+1","Hologram+1","Scrape+1","Beam Cell+1","Gash+1","FTL+1","Gash+1"],"special_seed":0,"relics":["Cracked Core","Bottled Lightning","Golden Idol","Pear","Regal Pillow","Empty Cage","Emotion Chip","Boot","Gremlin Horn","Blood Vial","Eternal Feather","Incense Burner","Pen Nib","HandDrill","Darkstone Periapt","Bird Faced Urn","Prayer Wheel"],"potions_floor_usage":[50,50,50],"damage_taken":[{"damage":7.0,"enemies":"Jaw Worm","floor":1.0,"turns":2.0},{"damage":0.0,"enemies":"2 Louse","floor":2.0,"turns":2.0},{"damage":0.0,"enemies":"Small Slimes","floor":5.0,"turns":2.0},{"damage":20.0,"enemies":"Lagavulin","floor":7.0,"turns":5.0},{"damage":35.0,"enemies":"3 Sentries","floor":11.0,"turns":7.0},{"damage":15.0,"enemies":"2 Fungi Beasts","floor":12.0,"turns":3.0},{"damage":43.0,"enemies":"The Guardian","floor":16.0,"turns":9.0},{"damage":5.0,"enemies":"3 Byrds","floor":18.0,"turns":3.0},{"damage":2.0,"enemies":"Chosen","floor":20.0,"turns":3.0},{"damage":14.0,"enemies":"Shelled Parasite and Fungi","floor":22.0,"turns":3.0},{"damage":13.0,"enemies":"Gremlin Leader","floor":24.0,"turns":4.0},{"damage":11.0,"enemies":"Slavers","floor":28.0,"turns":3.0},{"damage":7.0,"enemies":"Chosen and Byrds","floor":30.0,"turns":2.0},{"damage":19.0,"enemies":"Snake Plant","floor":31.0,"turns":2.0},{"damage":19.0,"enemies":"Automaton","floor":33.0,"turns":5.0},{"damage":0.0,"enemies":"3 Shapes","floor":35.0,"turns":2.0},{"damage":78.0,"enemies":"2 Orb Walkers","floor":36.0,"turns":5.0},{"damage":0.0,"enemies":"3 Darklings","floor":38.0,"turns":2.0},{"damage":27.0,"enemies":"Nemesis","floor":40.0,"turns":3.0},{"damage":29.0,"enemies":"Reptomancer","floor":44.0,"turns":4.0},{"damage":17.0,"enemies":"Sphere and 2 Shapes","floor":46.0,"turns":3.0},{"damage":0.0,"enemies":"Spire Growth","floor":47.0,"turns":2.0},{"damage":53,"enemies":"Donu and Deca","floor":50,"turns":6}],"seed_played":"-5062401512045788500","potions_obtained":[{"floor":1.0,"key":"Energy Potion"},{"floor":5.0,"key":"PowerPotion"},{"floor":12.0,"key":"EssenceOfSteel"},{"floor":24.0,"key":"Dexterity Potion"},{"floor":28.0,"key":"FearPotion"},{"floor":36.0,"key":"Strength Potion"}],"is_trial":false,"path_per_floor":["M","M","?","$","M","R","E","?","T","?","E","M","R","$","R","B",null,"M","?","M","$","M","R","E","R","T","T","E","R","M","M","R","B",null,"M","?","?","M","$","E","?","R","T","E","R","M","M","?","R","B",null],"character_chosen":"DEFECT","items_purchased":["Pen Nib","HandDrill"],"campfire_rested":5,"item_purchase_floors":[39,39],"current_hp_per_floor":[68,68,68,68,68,68,48,48,58,58,23,8,46,46,46,3,79,74,74,72,72,58,58,45,79,79,79,68,68,63,46,79,60,79,79,1,69,69,69,42,42,45,45,18,56,41,43,43,66,13],"gold":264,"neow_bonus":"UPGRADE_CARD","is_prod":false,"is_daily":false,"chose_seed":false,"campfire_upgraded":5,"win_rate":0,"timestamp":1547716471,"path_taken":["M","M","?","$","M","R","E","?","T","?","E","M","R","?","R","BOSS","M","?","M","$","M","R","E","R","T","?","E","R","M","M","R","BOSS","M","?","?","M","$","E","?","R","T","E","R","?","M","?","R","BOSS"],"build_version":"2019-01-10","purchased_purges":3,"victory":true,"max_hp_per_floor":[75,75,75,75,75,75,75,69,79,79,79,79,79,79,79,79,79,79,79,79,79,79,79,79,79,79,79,79,79,79,79,79,79,79,79,79,69,69,69,69,69,69,69,69,69,69,69,66,66,66],"card_choices":[{"not_picked":["Sunder","Coolheaded"],"picked":"Hologram","floor":1.0},{"not_picked":["Sweeping Beam","Steam","Streamline"],"picked":"SKIP","floor":2.0},{"not_picked":["Ball Lightning","Conserve Battery","Leap"],"picked":"SKIP","floor":5.0},{"not_picked":["Rebound","Hello World","Fusion"],"picked":"SKIP","floor":7.0},{"not_picked":["Coolheaded","Streamline"],"picked":"Scrape","floor":11.0},{"not_picked":["Conserve Battery","Cold Snap"],"picked":"Beam Cell","floor":12.0},{"not_picked":["Rebound+1","Steam"],"picked":"Gash+1","floor":18.0},{"not_picked":["Auto Shields","White Noise+1"],"picked":"FTL+1","floor":20.0},{"not_picked":["Rebound+1","Hologram","Coolheaded"],"picked":"SKIP","floor":22.0},{"not_picked":["Rebound","Coolheaded+1","Turbo+1"],"picked":"SKIP","floor":24.0},{"not_picked":["Hologram+1","Streamline","Conserve Battery"],"picked":"SKIP","floor":28.0},{"not_picked":["Coolheaded","Steam","Self Repair"],"picked":"SKIP","floor":30.0},{"not_picked":["Heatsinks","Compile Driver","Double Energy+1"],"picked":"SKIP","floor":31.0},{"not_picked":["Turbo","Conserve Battery+1","Sweeping Beam+1"],"picked":"SKIP","floor":35.0},{"not_picked":["Go for the Eyes","Coolheaded+1"],"picked":"Gash","floor":36.0},{"not_picked":["Sunder","Chaos","Skim+1"],"picked":"SKIP","floor":38.0},{"not_picked":["Undo","Cold Snap","Ball Lightning+1"],"picked":"SKIP","floor":40.0},{"not_picked":["Coolheaded","Gash","Hologram"],"picked":"SKIP","floor":44.0},{"not_picked":["Compile Driver+1","Glacier","Seek"],"picked":"SKIP","floor":46.0},{"not_picked":["Conserve Battery","BootSequence+1","Leap"],"picked":"SKIP","floor":46.0},{"not_picked":["Doom and Gloom+1","Barrage","Auto Shields+1"],"picked":"SKIP","floor":47.0},{"not_picked":["Reprogram+1","Conserve Battery","Steam"],"picked":"SKIP","floor":47.0}],"player_experience":83255,"relics_obtained":[{"floor":7.0,"key":"Bottled Lightning"},{"floor":9.0,"key":"Pear"},{"floor":11.0,"key":"Regal Pillow"},{"floor":24.0,"key":"Emotion Chip"},{"floor":26.0,"key":"Boot"},{"floor":27.0,"key":"Gremlin Horn"},{"floor":28.0,"key":"Blood Vial"},{"floor":36.0,"key":"Incense Burner"},{"floor":40.0,"key":"Darkstone Periapt"},{"floor":43.0,"key":"Bird Faced Urn"},{"floor":44.0,"key":"Prayer Wheel"}],"event_choices":[{"cards_removed":["Strike_B"],"damage_healed":0.0,"max_hp_gain":0.0,"max_hp_loss":0.0,"gold_gain":0.0,"event_name":"Living Wall","player_choice":"Forget","floor":3.0,"gold_loss":0.0,"damage_taken":0.0},{"damage_healed":0.0,"max_hp_gain":0.0,"max_hp_loss":6.0,"gold_gain":0.0,"event_name":"Golden Idol","player_choice":"Lose Max HP","floor":8.0,"gold_loss":0.0,"damage_taken":0.0,"relics_obtained":["Golden Idol"]},{"cards_removed":["Strike_B"],"damage_healed":0.0,"max_hp_gain":0.0,"max_hp_loss":0.0,"gold_gain":0.0,"event_name":"The Cleric","player_choice":"Card Removal","floor":10.0,"gold_loss":50.0,"damage_taken":0.0},{"damage_healed":0.0,"max_hp_gain":0.0,"max_hp_loss":0.0,"gold_gain":0.0,"event_name":"Vampires","player_choice":"Ignored","floor":19.0,"gold_loss":0.0,"damage_taken":0.0},{"damage_healed":0.0,"max_hp_gain":0.0,"max_hp_loss":0.0,"gold_gain":0.0,"event_name":"Mysterious Sphere","player_choice":"Fight","floor":36.0,"gold_loss":0.0,"damage_taken":0.0},{"damage_healed":69.0,"max_hp_gain":0.0,"max_hp_loss":10.0,"gold_gain":0.0,"event_name":"The Moai Head","player_choice":"Heal","floor":37.0,"gold_loss":0.0,"damage_taken":0.0},{"damage_healed":0.0,"max_hp_gain":0.0,"max_hp_loss":0.0,"gold_gain":100.0,"event_name":"Golden Shrine","player_choice":"Pray","floor":41.0,"gold_loss":0.0,"damage_taken":0.0},{"damage_healed":0.0,"max_hp_gain":0.0,"max_hp_loss":3.0,"gold_gain":0.0,"event_name":"Winding Halls","player_choice":"Max HP","floor":48.0,"gold_loss":0.0,"damage_taken":0.0}],"is_beta":false,"boss_relics":[{"not_picked":["Coffee Dripper","Astrolabe"],"picked":"Empty Cage"},{"not_picked":["Philosopher\u0027s Stone","Fusion Hammer"],"picked":"Eternal Feather"}],"items_purged_floors":[4,14,21],"is_endless":false,"potions_floor_spawned":[1,5,12,24,28,30,33,36,38,40,44],"ascension_level":3}