{"gold_per_floor":[217,230,405,424,424,424,436,436,484,57,77,88,149,184,184,286,286,297,297,19,35,35,35],"floor_reached":23,"playtime":1483,"items_purged":[],"score":267,"play_id":"f92ba4f9-c1ee-4b9f-a4a6-64d4234769ac","local_time":"20190601061950","is_ascension_mode":true,"campfire_choices":[{"floor":6,"key":"REST"},{"floor":8,"key":"REST"},{"data":"Neutralize","floor":15,"key":"SMITH"}],"neow_cost":"NONE","seed_source_timestamp":35843496037539,"circlet_count":0,"master_deck":["Defend_G","Defend_G","Defend_G","Defend_G+1","Defend_G","Strike_G","Strike_G","Strike_G","Strike_G","Strike_G","Survivor","Neutralize+1","Dagger Throw+1","PiercingWail","Doubt","Acrobatics","Dodge and Roll","Leg Sweep","Cloak And Dagger","Dash","Predator","Heel Hook","Tactician","A Thousand Cuts","All Out Attack+1","Noxious Fumes","Deflect","Prepared","Poisoned Stab"],"relics":["Ring of the Snake","Potion Belt","Incense Burner","Art of War","Pear","Runic Dome"],"potions_floor_usage":[13,14,23,23,23,23],"damage_taken":[{"damage":0,"enemies":"Cultist","floor":1,"turns":5},{"damage":8,"enemies":"2 Louse","floor":2,"turns":3},{"damage":12,"enemies":"Jaw Worm","floor":4,"turns":7},{"damage":8,"enemies":"Exordium Wildlife","floor":7,"turns":5},{"damage":3,"enemies":"3 Louse","floor":11,"turns":5},{"damage":0,"enemies":"Blue Slaver","floor":12,"turns":6},{"damage":11,"enemies":"3 Sentries","floor":13,"turns":11},{"damage":7,"enemies":"Gremlin Nob","floor":14,"turns":6},{"damage":40,"enemies":"The Guardian","floor":16,"turns":22},{"damage":13,"enemies":"3 Byrds","floor":18,"turns":6},{"damage":45,"enemies":"Chosen","floor":21,"turns":9},{"damage":10,"enemies":"Slavers","floor":23,"turns":4}],"seed_played":"4909584366641770620","potions_obtained":[{"floor":11,"key":"AttackPotion"},{"floor":12,"key":"GhostInAJar"},{"floor":16,"key":"Dexterity Potion"},{"floor":21,"key":"EssenceOfSteel"}],"is_trial":false,"path_per_floor":["M","M","?","M","?","R","M","R","T","$","M","M","?","E","R","B",null,"M","?","$","M","?","E"],"character_chosen":"THE_SILENT","items_purchased":["Incense Burner","Leg Sweep","Cloak And Dagger","Noxious Fumes","Deflect","Prepared","GhostInAJar","Energy Potion"],"campfire_rested":2,"item_purchase_floors":[10,10,10,20,20,20,20,20],"current_hp_per_floor":[63,55,55,43,29,50,42,63,63,63,60,60,49,52,52,12,63,50,50,50,5,5,0],"gold":35,"neow_bonus":"HUNDRED_GOLD","is_prod":false,"is_daily":false,"chose_seed":false,"campfire_upgraded":1,"win_rate":0,"timestamp":1559333990,"path_taken":["M","M","?","M","?","R","M","R","T","$","?","M","?","E","R","BOSS","M","?","$","M","?","E"],"build_version":"2019-01-23","purchased_purges":0,"victory":false,"max_hp_per_floor":[70,70,70,70,70,70,70,70,70,70,70,70,70,80,80,80,80,80,80,80,80,80,80],"card_choices":[{"not_picked":["Poisoned Stab","Flying Knee"],"picked":"Dagger Throw","floor":1},{"not_picked":["Sucker Punch","Deadly Poison"],"picked":"PiercingWail","floor":2},{"not_picked":["Unload","PiercingWail"],"picked":"Acrobatics","floor":4},{"not_picked":["Outmaneuver","Calculated Gamble"],"picked":"Dodge and Roll","floor":7},{"not_picked":["Dagger Throw","Grand Finale"],"picked":"Dash","floor":11},{"not_picked":["Blade Dance","Sucker Punch"],"picked":"Predator","floor":12},{"not_picked":["Accuracy","Outmaneuver"],"picked":"Heel Hook","floor":13},{"not_picked":["Choke","Deflect"],"picked":"Tactician","floor":14},{"not_picked":["Night Terror","Phantasmal Killer"],"picked":"A Thousand Cuts","floor":16},{"not_picked":["Backflip","Dagger Throw"],"picked":"All Out Attack+1","floor":18},{"not_picked":["Dash","PiercingWail"],"picked":"Poisoned Stab","floor":21}],"player_experience":758980,"relics_obtained":[{"floor":9,"key":"Potion Belt"},{"floor":13,"key":"Art of War"},{"floor":14,"key":"Pear"}],"event_choices":[{"damage_healed":0,"gold_gain":175,"player_choice":"AGREE","damage_taken":0,"max_hp_gain":0,"max_hp_loss":0,"event_name":"Liars Game","floor":3,"gold_loss":0,"cards_obtained":["Doubt"]},{"damage_healed":0,"gold_gain":0,"player_choice":"Entered Light","damage_taken":14,"max_hp_gain":0,"max_hp_loss":0,"event_name":"Shining Light","floor":5,"gold_loss":0,"cards_upgraded":["Defend_G","Dagger Throw"]},{"damage_healed":0,"gold_gain":0,"player_choice":"Searched \u00271\u0027 times","damage_taken":0,"max_hp_gain":0,"max_hp_loss":0,"event_name":"Dead Adventurer","floor":13,"gold_loss":0},{"damage_healed":0,"gold_gain":0,"player_choice":"Ignored","damage_taken":0,"max_hp_gain":0,"max_hp_loss":0,"event_name":"Ghosts","floor":19,"gold_loss":0},{"damage_healed":0,"gold_gain":0,"player_choice":"Ignored","damage_taken":0,"max_hp_gain":0,"max_hp_loss":0,"event_name":"Cursed Tome","floor":22,"gold_loss":0}],"is_beta":false,"boss_relics":[{"not_picked":["WristBlade","Astrolabe"],"picked":"Runic Dome"}],"items_purged_floors":[],"is_endless":false,"potions_floor_spawned":[11,12,16,21],"killed_by":"Slavers","ascension_level":8}