{"gold_per_floor":[115,135,152,152,83,108,43,43,119,119,136,136,171,181,181,283,283,294,9,35,35,47,47,60,92,92,92,106,106,133,133],"floor_reached":31,"playtime":1665,"items_purged":[],"score":314,"play_id":"1d3d9c16-ab86-4be8-b464-074777975571","local_time":"20190421180935","is_ascension_mode":true,"campfire_choices":[{"floor":8,"key":"REST"},{"floor":10,"key":"REST"},{"floor":12,"key":"REST"},{"data":"Armaments","floor":15,"key":"SMITH"},{"data":"Bash","floor":23,"key":"SMITH"},{"floor":29,"key":"REST"}],"neow_cost":"PERCENT_DAMAGE","seed_source_timestamp":9169912539977,"circlet_count":0,"master_deck":["Strike_R","Defend_R","Defend_R","Defend_R","Defend_R","Bash+1","Twin Strike","Flex","Metallicize","Impervious","Pummel","Power Through","Wild Strike","Armaments+1","Juggernaut","Iron Wave+1","Second Wind","Flex","Clothesline","Inflame+1","Armaments","Armaments","Shrug It Off","Headbutt"],"relics":["Burning Blood","Omamori","MawBank","Darkstone Periapt","Red Skull","Mark of Pain","Medical Kit","Bag of Preparation","Pocketwatch","Matryoshka","Kunai"],"potions_floor_usage":[14,14,21,30,31],"damage_taken":[{"damage":16,"enemies":"Small Slimes","floor":1,"turns":5},{"damage":7,"enemies":"2 Louse","floor":2,"turns":3},{"damage":6,"enemies":"Cultist","floor":3,"turns":3},{"damage":29,"enemies":"3 Sentries","floor":6,"turns":15},{"damage":26,"enemies":"Exordium Thugs","floor":11,"turns":7},{"damage":29,"enemies":"Gremlin Nob","floor":13,"turns":7},{"damage":0,"enemies":"Gremlin Gang","floor":14,"turns":3},{"damage":30,"enemies":"The Guardian","floor":16,"turns":18},{"damage":21,"enemies":"Shell Parasite","floor":18,"turns":5},{"damage":5,"enemies":"2 Thieves","floor":21,"turns":4},{"damage":6,"enemies":"Snake Plant","floor":22,"turns":5},{"damage":10,"enemies":"Snecko","floor":24,"turns":4},{"damage":24,"enemies":"Gremlin Leader","floor":25,"turns":11},{"damage":13,"enemies":"Centurion and Healer","floor":28,"turns":6},{"damage":38,"enemies":"Slavers","floor":30,"turns":8},{"damage":38,"enemies":"Cultist and Chosen","floor":31,"turns":8}],"seed_played":"6420638762269958827","potions_obtained":[{"floor":6,"key":"Ancient Potion"},{"floor":11,"key":"SteroidPotion"},{"floor":13,"key":"LiquidBronze"},{"floor":16,"key":"Energy Potion"},{"floor":22,"key":"SmokeBomb"},{"floor":25,"key":"PowerPotion"},{"floor":28,"key":"PowerPotion"}],"is_trial":false,"path_per_floor":["M","M","M","?","?","E","$","R","T","R","M","R","E","M","R","B",null,"M","$","T","M","M","R","M","E","T","?","M","R","E","M"],"character_chosen":"IRONCLAD","items_purchased":["Pummel","Medical Kit","Second Wind","Flex"],"campfire_rested":4,"item_purchase_floors":[7,19,19,19],"current_hp_per_floor":[46,45,45,38,38,15,15,39,39,63,43,67,44,50,50,26,80,65,65,65,66,66,66,62,44,44,44,37,61,29,0],"gold":133,"neow_bonus":"REMOVE_TWO","is_prod":false,"is_daily":false,"chose_seed":false,"campfire_upgraded":2,"win_rate":0,"timestamp":1555834175,"path_taken":["M","M","M","?","?","E","$","R","T","R","M","R","E","M","R","BOSS","M","?","?","?","M","R","M","E","T","?","M","R","E","M"],"build_version":"2019-01-23","purchased_purges":0,"victory":false,"max_hp_per_floor":[80,80,80,80,80,80,80,80,80,80,80,80,80,80,80,80,80,80,80,80,80,80,80,80,80,80,80,80,80,80,80],"card_choices":[{"not_picked":["Warcry","True Grit"],"picked":"Twin Strike","floor":1},{"not_picked":["Blood for Blood","Bloodletting"],"picked":"Flex","floor":2},{"not_picked":["Pommel Strike","Cleave"],"picked":"Metallicize","floor":3},{"not_picked":["Reckless Charge","Perfected Strike"],"picked":"Impervious","floor":6},{"not_picked":["Shrug It Off","Fire Breathing"],"picked":"Power Through","floor":11},{"not_picked":["Shrug It Off","Anger"],"picked":"Wild Strike","floor":13},{"not_picked":["Headbutt","Wild Strike"],"picked":"Armaments","floor":14},{"not_picked":["Brutality","Bludgeon"],"picked":"Juggernaut","floor":16},{"not_picked":["Anger","Flex"],"picked":"Iron Wave+1","floor":18},{"not_picked":["Fire Breathing","Thunderclap"],"picked":"Clothesline","floor":21},{"not_picked":["Sword Boomerang","Corruption"],"picked":"Inflame+1","floor":22},{"not_picked":["Searing Blow+1","Iron Wave"],"picked":"Armaments","floor":24},{"not_picked":["Intimidate","Havoc"],"picked":"Armaments","floor":25},{"not_picked":["Perfected Strike","Fire Breathing"],"picked":"Shrug It Off","floor":28},{"not_picked":["Sword Boomerang","Clash"],"picked":"Headbutt","floor":30}],"player_experience":387896,"relics_obtained":[{"floor":6,"key":"MawBank"},{"floor":9,"key":"Darkstone Periapt"},{"floor":13,"key":"Red Skull"},{"floor":20,"key":"Bag of Preparation"},{"floor":25,"key":"Pocketwatch"},{"floor":26,"key":"Matryoshka"},{"floor":30,"key":"Kunai"}],"event_choices":[{"cards_removed":["Strike_R"],"damage_healed":0,"gold_gain":0,"player_choice":"Card Removal","damage_taken":7,"max_hp_gain":0,"max_hp_loss":0,"event_name":"Golden Wing","floor":4,"gold_loss":0},{"damage_healed":0,"gold_gain":0,"player_choice":"Paid Gold","damage_taken":0,"relics_obtained":["Omamori"],"max_hp_gain":0,"max_hp_loss":0,"event_name":"WeMeetAgain","floor":5,"gold_loss":69},{"cards_removed":["Strike_R"],"damage_healed":0,"gold_gain":0,"player_choice":"Elegance","damage_taken":0,"max_hp_gain":0,"max_hp_loss":0,"event_name":"Back to Basics","floor":27,"gold_loss":0}],"is_beta":false,"boss_relics":[{"not_picked":["Empty Cage","Snecko Eye"],"picked":"Mark of Pain"}],"items_purged_floors":[],"is_endless":false,"potions_floor_spawned":[6,11,13,16,22,25,28],"killed_by":"Cultist and Chosen","ascension_level":2}