{"gold_per_floor":[110,129,129,143,93,93,112,112,137,137,149,7,18,37,37,134,134,152,152,251,262,27,27,27,27,53,72,86,86,86,99,99,201,201,219,219,235,255,270,270,303,303,303,323,31,58,58,68,68,68,68,68,68,97,97],"floor_reached":55,"playtime":4577,"items_purged":["Strike_B","Strike_B","Defend_B"],"score":751,"play_id":"e7f26e8e-a355-4f64-8482-542b0b6f7693","local_time":"20181216124335","is_ascension_mode":false,"campfire_choices":[{"data":"Gash","floor":6.0,"key":"SMITH"},{"data":"Skim","floor":8.0,"key":"SMITH"},{"data":"Steam","floor":10.0,"key":"SMITH"},{"data":"FTL","floor":15.0,"key":"SMITH"},{"data":"Scrape","floor":23,"key":"SMITH"},{"data":"Defragment","floor":25,"key":"SMITH"},{"data":"Gash","floor":30,"key":"SMITH"},{"floor":32,"key":"REST"},{"data":"Capacitor","floor":40,"key":"SMITH"},{"floor":42,"key":"RECALL"},{"floor":47,"key":"REST"},{"floor":49,"key":"REST"},{"data":"Capacitor","floor":52,"key":"SMITH"}],"neow_cost":"NONE","seed_source_timestamp":0,"circlet_count":0,"master_deck":["Defend_B+1","Defend_B","Skim+1","Gash+1","Steam+1","Gash+1","FTL+1","Beam Cell","Coolheaded+1","Scrape+1","Defragment+1","Swift Strike","Beam Cell","Sweeping Beam+1","Seek+1","Hologram+1","Chill+1","Coolheaded+1","Capacitor+1","BootSequence","Steam+1","Capacitor+1","Flash of Steel","BootSequence"],"special_seed":0,"relics":["Cracked Core","NeowsBlessing","Art of War","Sozu","Centennial Puzzle","Astrolabe","War Paint","Pear","Mercury Hourglass","Oddly Smooth Stone"],"potions_floor_usage":[31,54,55],"damage_taken":[{"damage":0.0,"enemies":"Cultist","floor":1.0,"turns":1.0},{"damage":0.0,"enemies":"Jaw Worm","floor":2.0,"turns":1.0},{"damage":0.0,"enemies":"2 Louse","floor":4.0,"turns":1.0},{"damage":4.0,"enemies":"Looter","floor":7.0,"turns":3.0},{"damage":0.0,"enemies":"2 Fungi Beasts","floor":11.0,"turns":3.0},{"damage":0.0,"enemies":"Large Slime","floor":13.0,"turns":3.0},{"damage":5.0,"enemies":"Looter","floor":14.0,"turns":2.0},{"damage":41.0,"enemies":"Hexaghost","floor":16.0,"turns":7.0},{"damage":7.0,"enemies":"3 Byrds","floor":18.0,"turns":4.0},{"damage":3,"enemies":"Spheric Guardian","floor":21,"turns":3},{"damage":6,"enemies":"Snecko","floor":27,"turns":3},{"damage":7,"enemies":"Sentry and Sphere","floor":28,"turns":4},{"damage":9,"enemies":"Snake Plant","floor":31,"turns":3},{"damage":35,"enemies":"Champ","floor":33,"turns":8},{"damage":1,"enemies":"3 Darklings","floor":35,"turns":3},{"damage":0,"enemies":"Orb Walker","floor":37,"turns":3},{"damage":0,"enemies":"Maw","floor":38,"turns":6},{"damage":10,"enemies":"Transient","floor":39,"turns":5},{"damage":18,"enemies":"Nemesis","floor":41,"turns":5},{"damage":17,"enemies":"Spire Growth","floor":44,"turns":4},{"damage":1,"enemies":"Giant Head","floor":46,"turns":6},{"damage":11,"enemies":"4 Shapes","floor":48,"turns":4},{"damage":0,"enemies":"Donu and Deca","floor":50,"turns":10},{"damage":41,"enemies":"Shield and Spear","floor":54,"turns":9},{"damage":44,"enemies":"The Heart","floor":55,"turns":3}],"seed_played":"-4206110859744712315","potions_obtained":[{"floor":1.0,"key":"Weak Potion"},{"floor":2.0,"key":"PowerPotion"},{"floor":4.0,"key":"Swift Potion"}],"is_trial":false,"path_per_floor":["M","M","?","M","?","R","M","R","T","R","M","$","M","M","R","B",null,"M","?","?","M","$","R","?","R","T","M","M","T","R","M","R","B",null,"M","?","M","M","M","R","E","R","T","M","$","E","R","M","R","B",null,"R","$","E","B"],"character_chosen":"DEFECT","items_purchased":["FTL","Swift Strike","Beam Cell","Capacitor","Flash of Steel"],"campfire_rested":3,"item_purchase_floors":[12,22,22,45,45],"current_hp_per_floor":[75,75,75,75,75,75,71,71,71,71,71,71,71,66,66,25,75,68,68,68,65,65,65,65,65,65,59,52,52,52,43,65,30,75,74,74,74,74,64,64,46,46,56,39,39,38,63,52,77,77,85,85,85,44,0],"gold":97,"neow_bonus":"THREE_ENEMY_KILL","is_prod":false,"is_daily":false,"chose_seed":false,"campfire_upgraded":9,"win_rate":0,"timestamp":1544985815,"path_taken":["M","?","?","M","?","R","M","R","T","R","M","$","M","M","R","BOSS","M","?","?","M","$","R","?","R","T","M","M","?","R","?","R","BOSS","M","?","M","M","?","R","E","R","T","M","$","E","R","M","R","BOSS","R","$","E","BOSS"],"build_version":"2018-12-13","purchased_purges":3,"victory":false,"max_hp_per_floor":[75,75,75,75,75,75,75,75,75,75,75,75,75,75,75,75,75,75,75,75,75,75,75,75,75,75,75,75,75,75,75,75,75,75,75,75,75,75,75,75,75,75,85,85,85,85,85,85,85,85,85,85,85,85,85],"card_choices":[{"not_picked":["White Noise","Force Field"],"picked":"Skim","floor":1.0},{"not_picked":["Redo","Storm"],"picked":"Gash","floor":2.0},{"not_picked":["Hologram","Lockon"],"picked":"Steam","floor":4.0},{"not_picked":["Turbo","Blizzard","Undo"],"picked":"SKIP","floor":7.0},{"not_picked":["Chill","Skim"],"picked":"Gash","floor":11.0},{"not_picked":["Undo","Glacier"],"picked":"Beam Cell","floor":13.0},{"not_picked":["Stack","Consume","Compile Driver"],"picked":"SKIP","floor":14.0},{"not_picked":["Rebound","Blizzard"],"picked":"Coolheaded+1","floor":18.0},{"not_picked":["Turbo","Conserve Battery"],"picked":"Defragment","floor":21},{"not_picked":["Ball Lightning","Undo","Streamline"],"picked":"SKIP","floor":27},{"not_picked":["Compile Driver","Echo Form","Hologram"],"picked":"SKIP","floor":28},{"not_picked":["Ball Lightning","Fusion"],"picked":"Sweeping Beam+1","floor":31},{"not_picked":["All For One","Buffer"],"picked":"Seek","floor":33},{"not_picked":["Lockon","Streamline","Compile Driver"],"picked":"SKIP","floor":35},{"not_picked":["Stack+1","Chill+1"],"picked":"Capacitor","floor":37},{"not_picked":["Turbo+1","Barrage","Rebound"],"picked":"SKIP","floor":38},{"not_picked":["Coolheaded+1","Lockon+1","Rebound+1"],"picked":"SKIP","floor":39},{"not_picked":["Amplify","Double Energy"],"picked":"BootSequence","floor":41},{"not_picked":["Cold Snap+1","Scrape+1"],"picked":"Steam+1","floor":44},{"not_picked":["Aggregate","Redo","Barrage+1"],"picked":"SKIP","floor":46},{"not_picked":["Conserve Battery+1","Stack+1","Sweeping Beam+1"],"picked":"SKIP","floor":48},{"not_picked":["Ball Lightning+1","Thunder Strike"],"picked":"BootSequence","floor":54}],"player_experience":159937,"relics_obtained":[{"floor":9.0,"key":"Art of War"},{"floor":26,"key":"Centennial Puzzle"},{"floor":41,"key":"War Paint"},{"floor":43,"key":"Pear"},{"floor":46,"key":"Mercury Hourglass"},{"floor":54,"key":"Oddly Smooth Stone"}],"event_choices":[{"cards_removed":["Strike_B"],"damage_healed":0.0,"max_hp_gain":0.0,"max_hp_loss":0.0,"gold_gain":0.0,"event_name":"Living Wall","player_choice":"Forget","floor":3.0,"gold_loss":0.0,"damage_taken":0.0},{"cards_removed":["Defend_B"],"damage_healed":0.0,"max_hp_gain":0.0,"max_hp_loss":0.0,"gold_gain":0.0,"event_name":"The Cleric","player_choice":"Card Removal","floor":5.0,"gold_loss":50.0,"damage_taken":0.0},{"damage_healed":0.0,"max_hp_gain":0.0,"max_hp_loss":0.0,"gold_gain":0.0,"event_name":"The Library","player_choice":"Read","floor":19.0,"gold_loss":0.0,"damage_taken":0.0,"cards_obtained":["Scrape"]},{"damage_healed":0.0,"max_hp_gain":0.0,"max_hp_loss":0.0,"gold_gain":99.0,"event_name":"Nest","player_choice":"Stole From Cult","floor":20.0,"gold_loss":0.0,"damage_taken":0.0},{"damage_healed":0,"gold_gain":0,"player_choice":"Ignored","damage_taken":0,"max_hp_gain":0,"max_hp_loss":0,"event_name":"Beggar","floor":24,"gold_loss":0},{"damage_healed":0,"gold_gain":0,"player_choice":"Got Potions","damage_taken":0,"max_hp_gain":0,"max_hp_loss":0,"event_name":"Lab","floor":36,"gold_loss":0}],"is_beta":false,"boss_relics":[{"not_picked":["Coffee Dripper","Eternal Feather"],"picked":"Sozu"},{"not_picked":["Tiny House","Philosopher\u0027s Stone"],"picked":"Astrolabe"}],"items_purged_floors":[12,22,45],"is_endless":false,"potions_floor_spawned":[1,2,4,11,21,28,33,35,39,48],"killed_by":"The Heart","ascension_level":0}