{"gold_per_floor":[111,36,36,13,80,80,105,116,162,193,208,227,262,312,312,411,411,429,679,699,714,545,571,571,640,640,640,675,675,725,795,795,795],"floor_reached":33,"playtime":2515,"items_purged":["Defend_B","Defend_B"],"score":355,"play_id":"587f0c39-a4fc-4e58-92b1-6a6d0710bb01","local_time":"20190110154003","is_ascension_mode":false,"campfire_choices":[{"data":"Conserve Battery","floor":6,"key":"SMITH"},{"data":"Ball Lightning","floor":15,"key":"SMITH"},{"data":"Loop","floor":24,"key":"SMITH"},{"data":"Go for the Eyes","floor":27,"key":"SMITH"},{"data":"Ball Lightning","floor":29,"key":"SMITH"},{"floor":32,"key":"REST"}],"neow_cost":"NONE","seed_source_timestamp":90025492416608,"circlet_count":0,"master_deck":["Strike_B","Strike_B","Strike_B+1","Strike_B","Defend_B","Defend_B+1","Zap","Dualcast","Conserve Battery+1","Hologram","Go for the Eyes+1","Rebound","Ball Lightning+1","Cold Snap","Ball Lightning+1","Seek","Self Repair","Leap+1","Loop+1","Reboot","Chaos+1"],"relics":["Cracked Core","NeowsBlessing","SsserpentHead","Bag of Preparation","Unceasing Top","Dodecahedron","Philosopher\u0027s Stone","Bag of Marbles","Orichalcum","Bottled Flame","Nloth\u0027s Gift"],"potions_floor_usage":[28,33,33],"damage_taken":[{"damage":0,"enemies":"Jaw Worm","floor":1,"turns":1},{"damage":0,"enemies":"Cultist","floor":5,"turns":1},{"damage":0,"enemies":"Gremlin Nob","floor":7,"turns":1},{"damage":0,"enemies":"2 Louse","floor":8,"turns":3},{"damage":6,"enemies":"Lagavulin","floor":10,"turns":5},{"damage":0,"enemies":"Looter","floor":11,"turns":2},{"damage":6,"enemies":"Gremlin Gang","floor":12,"turns":4},{"damage":0,"enemies":"Gremlin Nob","floor":13,"turns":3},{"damage":36,"enemies":"The Guardian","floor":16,"turns":10},{"damage":2,"enemies":"Shell Parasite","floor":18,"turns":3},{"damage":0,"enemies":"Chosen","floor":20,"turns":4},{"damage":21,"enemies":"Shelled Parasite and Fungi","floor":21,"turns":5},{"damage":33,"enemies":"Book of Stabbing","floor":23,"turns":6},{"damage":15,"enemies":"Sentry and Sphere","floor":25,"turns":4},{"damage":31,"enemies":"Gremlin Leader","floor":28,"turns":7},{"damage":8,"enemies":"Snake Plant","floor":31,"turns":3},{"damage":67,"enemies":"Collector","floor":33,"turns":7}],"seed_played":"1546227694905175045","potions_obtained":[{"floor":1,"key":"Regen Potion"},{"floor":10,"key":"LiquidBronze"},{"floor":11,"key":"EntropicBrew"},{"floor":20,"key":"FairyPotion"}],"is_trial":false,"path_per_floor":["M","$","?","$","M","R","E","M","T","E","M","M","E","?","R","B",null,"M","?","M","M","$","E","R","M","T","R","E","R","?","M","R","B"],"character_chosen":"DEFECT","items_purchased":["Hologram","Loop"],"campfire_rested":1,"item_purchase_floors":[4,22],"current_hp_per_floor":[75,75,75,75,75,75,75,75,82,76,76,70,70,54,54,18,82,80,80,82,68,68,42,42,34,34,34,19,19,19,18,42,0],"gold":795,"neow_bonus":"THREE_ENEMY_KILL","is_prod":false,"is_daily":false,"chose_seed":false,"campfire_upgraded":5,"win_rate":0,"timestamp":1547152803,"path_taken":["M","$","?","$","?","R","E","M","T","E","M","M","E","?","R","BOSS","M","?","M","M","$","E","R","?","T","R","E","R","?","?","R","BOSS"],"build_version":"2019-01-03v4","purchased_purges":2,"victory":false,"max_hp_per_floor":[75,75,75,75,75,75,75,75,82,82,82,82,82,82,82,82,82,82,82,82,82,82,82,82,82,82,82,82,82,82,82,82,82],"card_choices":[{"not_picked":["Glacier","Compile Driver"],"picked":"Conserve Battery","floor":1},{"not_picked":["Steam Power","Compile Driver"],"picked":"Go for the Eyes","floor":5},{"not_picked":["Reboot","Sweeping Beam"],"picked":"Rebound","floor":7},{"not_picked":["Stack","Undo"],"picked":"Ball Lightning","floor":8},{"not_picked":["Sweeping Beam","Amplify"],"picked":"Cold Snap","floor":10},{"not_picked":["Rebound","Steam"],"picked":"Ball Lightning","floor":11},{"not_picked":["Rebound","Turbo","Ball Lightning"],"picked":"SKIP","floor":12},{"not_picked":["Leap","Compile Driver","Biased Cognition"],"picked":"SKIP","floor":13},{"not_picked":["Machine Learning","Meteor Strike"],"picked":"Seek","floor":16},{"not_picked":["Cold Snap","Leap"],"picked":"Self Repair","floor":18},{"not_picked":["Capacitor","Blizzard","Rebound"],"picked":"SKIP","floor":20},{"not_picked":["Hologram","Tempest"],"picked":"Leap+1","floor":21},{"not_picked":["Compile Driver","Ball Lightning"],"picked":"Reboot","floor":23},{"not_picked":["Stack+1","Gash","Steam Power"],"picked":"SKIP","floor":25},{"not_picked":["Gash+1","Go for the Eyes","Tempest"],"picked":"SKIP","floor":28},{"not_picked":["Gash","Leap"],"picked":"Chaos+1","floor":31}],"player_experience":41009,"relics_obtained":[{"floor":7,"key":"Bag of Preparation"},{"floor":9,"key":"Strawberry"},{"floor":10,"key":"Unceasing Top"},{"floor":13,"key":"Dodecahedron"},{"floor":23,"key":"Bag of Marbles"},{"floor":26,"key":"Orichalcum"},{"floor":28,"key":"Bottled Flame"}],"event_choices":[{"damage_healed":0,"gold_gain":0,"player_choice":"Trade","damage_taken":0,"relics_obtained":["SsserpentHead"],"max_hp_gain":0,"max_hp_loss":0,"event_name":"FaceTrader","floor":3,"gold_loss":0},{"damage_healed":0,"gold_gain":0,"player_choice":"Entered Light","damage_taken":16,"max_hp_gain":0,"max_hp_loss":0,"event_name":"Shining Light","floor":14,"gold_loss":0,"cards_upgraded":["Defend_B","Strike_B"]},{"damage_healed":0,"gold_gain":200,"player_choice":"Gold","damage_taken":0,"max_hp_gain":0,"max_hp_loss":0,"event_name":"Wheel of Change","floor":19,"gold_loss":0},{"damage_healed":0,"gold_gain":0,"player_choice":"Traded Relic","damage_taken":0,"relics_obtained":["Nloth\u0027s Gift"],"max_hp_gain":0,"max_hp_loss":0,"event_name":"N\u0027loth","floor":30,"relics_lost":["Strawberry"],"gold_loss":0}],"is_beta":false,"boss_relics":[{"not_picked":["Inserter","Snecko Eye"],"picked":"Philosopher\u0027s Stone"}],"items_purged_floors":[2,22],"is_endless":false,"potions_floor_spawned":[1,10,11,12,20,25],"killed_by":"Collector","ascension_level":0}