{"gold_per_floor":[113,113,129,129,144,144,164,164,164,208,258,282,282,282,282,373,373,396,396,410,192,211,211,211,125,125,146,146,146,146,71,71,165,165,184,184,208,233,253,253,253],"floor_reached":41,"playtime":1170,"items_purged":["Strike_R"],"score":684,"play_id":"4f1c8ea9-2a33-481e-a8ed-b69577d880a6","local_time":"20190714170259","is_ascension_mode":true,"campfire_choices":[{"data":"Hemokinesis","floor":6,"key":"SMITH"},{"data":"Bash","floor":8,"key":"SMITH"},{"data":"Shrug It Off","floor":13,"key":"SMITH"},{"data":"Thunderclap","floor":15,"key":"SMITH"},{"data":"Clothesline","floor":23,"key":"SMITH"},{"data":"Trip","floor":28,"key":"SMITH"},{"data":"Limit Break","floor":30,"key":"SMITH"},{"floor":32,"key":"REST"},{"data":"Whirlwind","floor":40,"key":"SMITH"}],"neow_cost":"NONE","seed_source_timestamp":268065714258326,"circlet_count":0,"master_deck":["AscendersBane","Strike_R+1","Strike_R+1","Strike_R+1","Defend_R+1","Defend_R+1","Defend_R+1","Defend_R+1","Bash+1","Hemokinesis+1","Thunderclap+1","Shrug It Off+1","Limit Break+1","Warcry+1","Clothesline+1","Flash of Steel","Trip+1","Inflame","Limit Break","Whirlwind+1","Ghostly Armor"],"relics":["Black Blood","Anchor","Golden Idol","Mercury Hourglass","Regal Pillow","Juzu Bracelet","Vajra","Busted Crown","Gremlin Horn"],"potions_floor_usage":[10,16,16,27,33,33,37,39],"damage_taken":[{"damage":0,"enemies":"2 Louse","floor":1,"turns":3},{"damage":2,"enemies":"Small Slimes","floor":3,"turns":5},{"damage":5,"enemies":"Jaw Worm","floor":5,"turns":2},{"damage":8,"enemies":"3 Louse","floor":7,"turns":4},{"damage":22,"enemies":"Gremlin Nob","floor":10,"turns":4},{"damage":2,"enemies":"Looter","floor":12,"turns":2},{"damage":40,"enemies":"The Guardian","floor":16,"turns":10},{"damage":6,"enemies":"Chosen","floor":18,"turns":3},{"damage":14,"enemies":"2 Thieves","floor":20,"turns":3},{"damage":21,"enemies":"3 Cultists","floor":22,"turns":5},{"damage":3,"enemies":"Snake Plant","floor":27,"turns":2},{"damage":19,"enemies":"Collector","floor":33,"turns":5},{"damage":13,"enemies":"Orb Walker","floor":35,"turns":4},{"damage":6,"enemies":"3 Darklings","floor":37,"turns":3},{"damage":20,"enemies":"Transient","floor":38,"turns":5},{"damage":20,"enemies":"Spire Growth","floor":39,"turns":4},{"damage":58,"enemies":"Nemesis","floor":41,"turns":5}],"seed_played":"4832487851768450795","potions_obtained":[{"floor":3,"key":"Weak Potion"},{"floor":7,"key":"SkillPotion"},{"floor":10,"key":"SmokeBomb"},{"floor":12,"key":"BloodPotion"},{"floor":22,"key":"Fire Potion"},{"floor":27,"key":"Energy Potion"},{"floor":35,"key":"Swift Potion"},{"floor":38,"key":"Block Potion"}],"is_trial":false,"path_per_floor":["M","?","M","?","M","R","M","R","T","E","T","M","R","?","R","B",null,"M","?","M","$","M","R","?","$","T","M","R","?","R","$","R","B",null,"M","?","M","M","M","R","E"],"character_chosen":"IRONCLAD","items_purchased":["Strength Potion","Flash of Steel","Trip","Inflame"],"campfire_rested":1,"item_purchase_floors":[21,21,25,31],"current_hp_per_floor":[74,48,52,52,53,53,51,51,51,35,35,39,39,34,34,18,61,61,61,53,53,38,38,38,38,38,41,41,41,41,41,75,62,72,69,69,73,63,53,53,0],"gold":253,"neow_bonus":"RANDOM_COMMON_RELIC","is_prod":false,"is_daily":false,"chose_seed":false,"campfire_upgraded":8,"win_rate":0,"timestamp":1563091379,"path_taken":["M","?","M","?","M","R","M","R","T","E","?","M","R","?","R","BOSS","M","?","M","$","M","R","?","?","T","M","R","?","R","$","R","BOSS","M","?","M","M","M","R","E"],"build_version":"2019-07-01","purchased_purges":1,"victory":false,"max_hp_per_floor":[75,75,75,75,75,75,75,75,75,75,75,75,75,75,75,75,75,75,75,75,75,75,75,75,75,75,75,75,75,75,75,75,75,75,75,75,75,75,75,75,75],"card_choices":[{"not_picked":["Wild Strike","Heavy Blade","Thunderclap"],"picked":"SKIP","floor":1},{"not_picked":["Body Slam","Combust"],"picked":"Hemokinesis","floor":3},{"not_picked":["Sword Boomerang","Anger","Evolve"],"picked":"SKIP","floor":5},{"not_picked":["Heavy Blade","Feel No Pain","Cleave"],"picked":"SKIP","floor":7},{"not_picked":["Heavy Blade","Feel No Pain","Cleave"],"picked":"SKIP","floor":7},{"not_picked":["Heavy Blade","Clash","Dark Embrace"],"picked":"SKIP","floor":10},{"not_picked":["Wild Strike","Perfected Strike"],"picked":"Shrug It Off","floor":12},{"not_picked":["Immolate","Juggernaut"],"picked":"Limit Break","floor":16},{"not_picked":[],"picked":"Warcry+1","floor":18},{"not_picked":[],"picked":"Clothesline","floor":20},{"not_picked":["Cleave"],"picked":"SKIP","floor":22},{"not_picked":["Cleave"],"picked":"SKIP","floor":22},{"not_picked":["Cleave"],"picked":"SKIP","floor":27},{"not_picked":[],"picked":"Limit Break","floor":33},{"not_picked":["Armaments"],"picked":"SKIP","floor":35},{"not_picked":["Armaments"],"picked":"SKIP","floor":37},{"not_picked":[],"picked":"Whirlwind","floor":38},{"not_picked":[],"picked":"Ghostly Armor","floor":39}],"player_experience":1135571,"relics_obtained":[{"floor":9,"key":"Mercury Hourglass"},{"floor":10,"key":"Regal Pillow"},{"floor":11,"key":"Juzu Bracelet"},{"floor":26,"key":"Gremlin Horn"}],"event_choices":[{"damage_healed":0,"gold_gain":0,"player_choice":"Take Damage","damage_taken":26,"relics_obtained":["Golden Idol"],"max_hp_gain":0,"max_hp_loss":0,"event_name":"Golden Idol","floor":2,"gold_loss":0},{"damage_healed":0,"gold_gain":0,"cards_transformed":["Strike_R"],"player_choice":"Change","damage_taken":0,"max_hp_gain":0,"max_hp_loss":0,"event_name":"Living Wall","floor":4,"gold_loss":0,"cards_obtained":["Thunderclap"]},{"damage_healed":0,"gold_gain":0,"player_choice":"Success","damage_taken":5,"relics_obtained":["Vajra"],"max_hp_gain":0,"max_hp_loss":0,"event_name":"Scrap Ooze","floor":14,"gold_loss":0},{"damage_healed":0,"gold_gain":0,"player_choice":"Ignored","damage_taken":0,"max_hp_gain":0,"max_hp_loss":0,"event_name":"Ghosts","floor":19,"gold_loss":0},{"damage_healed":0,"gold_gain":0,"player_choice":"Simplicity","damage_taken":0,"max_hp_gain":0,"max_hp_loss":0,"event_name":"Back to Basics","floor":24,"gold_loss":0,"cards_upgraded":["Strike_R","Strike_R","Strike_R","Defend_R","Defend_R","Defend_R","Defend_R"]},{"damage_healed":0,"gold_gain":0,"player_choice":"Ignored","damage_taken":0,"max_hp_gain":0,"max_hp_loss":0,"event_name":"Beggar","floor":29,"gold_loss":0},{"damage_healed":0,"gold_gain":0,"player_choice":"Ignored","damage_taken":0,"max_hp_gain":0,"max_hp_loss":0,"event_name":"Mysterious Sphere","floor":36,"gold_loss":0}],"is_beta":false,"boss_relics":[{"not_picked":["Ectoplasm","Lizard Tail"],"picked":"Busted Crown"},{"not_picked":["Empty Cage","Pandora\u0027s Box"],"picked":"Black Blood"}],"items_purged_floors":[21],"is_endless":false,"potions_floor_spawned":[3,7,10,12,22,27,35,38],"killed_by":"Nemesis","ascension_level":15}