{"gold_per_floor":[119,132,132,132,144,144,66,101,151,166,195,213,232,265,265,368,368,381,395,413,10,10,10,29,29,55,15,34,34,34,50,50,50],"floor_reached":33,"playtime":1352,"items_purged":["Pain"],"score":269,"play_id":"6b47f8d8-9202-4f31-94fe-c3ea5e394052","local_time":"20190326140756","is_ascension_mode":false,"campfire_choices":[{"data":"Redo","floor":6,"key":"SMITH"},{"floor":15,"key":"REST"},{"floor":23,"key":"REST"},{"floor":25,"key":"REST"},{"floor":30,"key":"REST"},{"floor":32,"key":"REST"}],"neow_cost":"TEN_PERCENT_HP_LOSS","seed_source_timestamp":66677422451532,"circlet_count":0,"master_deck":["Strike_B+1","Strike_B","Strike_B","Defend_B","Defend_B","Defend_B","Zap+1","Dualcast","Defragment","Barrage","Ball Lightning","Beam Cell+1","Redo+1","Hello World","White Noise","Steam","Conserve Battery","Capacitor","Steam","Chaos","Machine Learning","Steam Power","Reprogram","Hologram","Hello World","Go for the Eyes","Shame","Sunder","Capacitor","White Noise","Loop"],"relics":["Cracked Core","WarpedTongs","Whetstone","Orichalcum","Unceasing Top","Sozu","HandDrill","Shovel","Blood Vial","Enchiridion"],"potions_floor_usage":[8,11,14,14,18,20],"damage_taken":[{"damage":1,"enemies":"Cultist","floor":1,"turns":3},{"damage":2,"enemies":"2 Louse","floor":2,"turns":2},{"damage":0,"enemies":"Small Slimes","floor":5,"turns":2},{"damage":8,"enemies":"Gremlin Nob","floor":8,"turns":3},{"damage":13,"enemies":"Looter","floor":10,"turns":2},{"damage":2,"enemies":"3 Sentries","floor":11,"turns":2},{"damage":1,"enemies":"3 Louse","floor":12,"turns":3},{"damage":10,"enemies":"Gremlin Gang","floor":13,"turns":4},{"damage":13,"enemies":"Gremlin Nob","floor":14,"turns":3},{"damage":16,"enemies":"The Guardian","floor":16,"turns":8},{"damage":16,"enemies":"2 Thieves","floor":18,"turns":3},{"damage":13,"enemies":"Shell Parasite","floor":19,"turns":4},{"damage":22,"enemies":"Centurion and Healer","floor":20,"turns":6},{"damage":25,"enemies":"Snake Plant","floor":24,"turns":4},{"damage":0,"enemies":"Chosen and Byrds","floor":28,"turns":5},{"damage":2,"enemies":"Snecko","floor":31,"turns":4},{"damage":73,"enemies":"Collector","floor":33,"turns":5}],"seed_played":"5111001123353332844","potions_obtained":[{"floor":1,"key":"GamblersBrew"},{"floor":5,"key":"SkillPotion"},{"floor":8,"key":"Dexterity Potion"},{"floor":12,"key":"Swift Potion"},{"floor":13,"key":"Regen Potion"},{"floor":14,"key":"Fire Potion"}],"is_trial":false,"path_per_floor":["M","M","?","?","M","R","$","E","T","M","E","M","M","E","R","B",null,"M","M","M","$","?","R","M","R","T","$","M","?","R","M","R","B"],"character_chosen":"DEFECT","items_purchased":["Hello World","HandDrill","Hello World","Go for the Eyes","Capacitor"],"campfire_rested":5,"item_purchase_floors":[7,21,21,21,27],"current_hp_per_floor":[67,65,65,65,65,65,65,57,57,44,42,41,31,27,47,31,68,52,39,17,17,17,37,12,32,32,32,34,18,38,38,58,0],"gold":50,"neow_bonus":"TRANSFORM_TWO_CARDS","is_prod":false,"is_daily":false,"chose_seed":false,"campfire_upgraded":1,"win_rate":0,"timestamp":1553573276,"path_taken":["M","M","?","?","M","R","$","E","T","?","E","M","M","E","R","BOSS","M","M","M","$","?","R","M","R","T","$","M","?","R","M","R","BOSS"],"build_version":"2019-01-23","purchased_purges":1,"victory":false,"max_hp_per_floor":[68,68,68,68,68,68,68,68,68,68,68,68,68,68,68,68,68,68,68,68,68,68,68,68,68,68,68,68,68,68,68,68,68],"card_choices":[{"not_picked":["Skim","Barrage"],"picked":"Ball Lightning","floor":1},{"not_picked":["Rebound","Streamline"],"picked":"Beam Cell","floor":2},{"not_picked":["Compile Driver","Loop"],"picked":"Redo","floor":5},{"not_picked":["Compile Driver","Tempest"],"picked":"White Noise","floor":8},{"not_picked":["Melter","Streamline"],"picked":"Steam","floor":10},{"not_picked":["Rainbow","Darkness"],"picked":"Conserve Battery","floor":11},{"not_picked":["Leap","Defragment"],"picked":"Capacitor","floor":12},{"not_picked":["Consume","Compile Driver"],"picked":"Steam","floor":13},{"not_picked":["Auto Shields","Conserve Battery"],"picked":"Chaos","floor":14},{"not_picked":["Core Surge","Echo Form"],"picked":"Machine Learning","floor":16},{"not_picked":["Rebound","Skim+1"],"picked":"Steam Power","floor":18},{"not_picked":["Ball Lightning","Hello World"],"picked":"Reprogram","floor":19},{"not_picked":["Double Energy","Go for the Eyes"],"picked":"Hologram","floor":20},{"not_picked":["Barrage","Aggregate"],"picked":"Sunder","floor":24},{"not_picked":["Hello World","Redo"],"picked":"White Noise","floor":28},{"not_picked":["Skim+1","Rip and Tear+1"],"picked":"Loop","floor":31}],"player_experience":173171,"relics_obtained":[{"floor":8,"key":"Whetstone"},{"floor":11,"key":"Orichalcum"},{"floor":14,"key":"Unceasing Top"},{"floor":26,"key":"Blood Vial"},{"floor":29,"key":"Enchiridion"}],"event_choices":[{"damage_healed":0,"gold_gain":0,"player_choice":"Grow","damage_taken":0,"max_hp_gain":0,"max_hp_loss":0,"event_name":"Living Wall","floor":3,"gold_loss":0,"cards_upgraded":["Zap"]},{"damage_healed":0,"gold_gain":0,"player_choice":"Rummage","damage_taken":0,"relics_obtained":["WarpedTongs"],"max_hp_gain":0,"max_hp_loss":0,"event_name":"Accursed Blacksmith","floor":4,"gold_loss":0,"cards_obtained":["Pain"]},{"damage_healed":0,"gold_gain":0,"player_choice":"Stole Relic","damage_taken":0,"relics_obtained":["Shovel"],"max_hp_gain":0,"max_hp_loss":0,"event_name":"Addict","floor":22,"gold_loss":0,"cards_obtained":["Shame"]},{"damage_healed":0,"gold_gain":0,"player_choice":"Obtained Book","damage_taken":16,"max_hp_gain":0,"max_hp_loss":0,"event_name":"Cursed Tome","floor":29,"gold_loss":0}],"is_beta":false,"boss_relics":[{"not_picked":["Coffee Dripper","Ectoplasm"],"picked":"Sozu"}],"items_purged_floors":[21],"is_endless":false,"potions_floor_spawned":[1,5,8,12,13,14,18,24,28,31],"killed_by":"Collector","ascension_level":0}