{"gold_per_floor":[116,28,41,55,72,72,72,84,110,130,130,162,112,142,142,238,238,258,198,209,220,94,109,109,109],"floor_reached":25,"playtime":1200,"items_purged":["Strike_R"],"score":215,"play_id":"9f3cd4cd-bdc5-4ec4-a8a5-d4eb2b6b09b3","local_time":"20190420151741","is_ascension_mode":false,"campfire_choices":[{"data":"True Grit","floor":6,"key":"SMITH"},{"data":"Entrench","floor":11,"key":"SMITH"},{"data":"Sentinel","floor":15,"key":"SMITH"},{"floor":24,"key":"REST"}],"neow_cost":"NONE","seed_source_timestamp":4197181960795,"circlet_count":0,"master_deck":["Strike_R","Strike_R","Defend_R","Defend_R","Defend_R","Defend_R","Bash","Cleave","Inflame","Flex","Clothesline+1","Power Through","True Grit+1","Spot Weakness","Entrench+1","Pommel Strike","Rampage+1","Sentinel+1","Fiend Fire","Perfected Strike+1","Dropkick","Entrench+1","True Grit","Rage"],"relics":["Burning Blood","Omamori","Happy Flower","Strawberry","Whetstone","Busted Crown"],"potions_floor_usage":[12,12,14,25],"damage_taken":[{"damage":10,"enemies":"Cultist","floor":1,"turns":4},{"damage":6,"enemies":"Jaw Worm","floor":3,"turns":3},{"damage":5,"enemies":"2 Louse","floor":4,"turns":2},{"damage":9,"enemies":"Blue Slaver","floor":5,"turns":4},{"damage":11,"enemies":"Gremlin Gang","floor":8,"turns":5},{"damage":0,"enemies":"Looter","floor":10,"turns":3},{"damage":4,"enemies":"Lagavulin","floor":12,"turns":5},{"damage":18,"enemies":"3 Sentries","floor":14,"turns":5},{"damage":47,"enemies":"The Guardian","floor":16,"turns":14},{"damage":28,"enemies":"3 Byrds","floor":18,"turns":6},{"damage":19,"enemies":"2 Thieves","floor":19,"turns":4},{"damage":11,"enemies":"Centurion and Healer","floor":20,"turns":6},{"damage":20,"enemies":"Snake Plant","floor":21,"turns":5},{"damage":13,"enemies":"Cultist and Chosen","floor":23,"turns":7},{"damage":56,"enemies":"Masked Bandits","floor":25,"turns":5}],"seed_played":"2216915349020223058","potions_obtained":[{"floor":8,"key":"Weak Potion"},{"floor":10,"key":"Block Potion"},{"floor":12,"key":"Fire Potion"},{"floor":23,"key":"SneckoOil"}],"is_trial":false,"path_per_floor":["M","$","M","M","M","R","?","M","T","M","R","E","?","E","R","B",null,"M","M","M","M","$","M","R","?"],"character_chosen":"IRONCLAD","items_purchased":["Inflame","Flex","True Grit"],"campfire_rested":1,"item_purchase_floors":[2,2,22],"current_hp_per_floor":[76,76,76,77,74,74,74,69,69,75,75,84,84,72,72,31,87,65,52,47,33,33,26,52,0],"gold":109,"neow_bonus":"RANDOM_COMMON_RELIC","is_prod":false,"is_daily":false,"chose_seed":false,"campfire_upgraded":3,"win_rate":0,"timestamp":1555737461,"path_taken":["M","?","M","M","M","R","?","M","T","M","R","E","?","E","R","BOSS","M","M","M","M","$","M","R","?"],"build_version":"2019-01-23","purchased_purges":1,"victory":false,"max_hp_per_floor":[80,80,80,80,80,80,80,80,80,80,80,87,87,87,87,87,87,87,87,87,87,87,87,87,87],"card_choices":[{"not_picked":["Clothesline","Rupture"],"picked":"Cleave","floor":1},{"not_picked":["Sever Soul","Perfected Strike"],"picked":"Clothesline","floor":3},{"not_picked":["Sword Boomerang","Dropkick"],"picked":"Power Through","floor":4},{"not_picked":["Evolve","Clash"],"picked":"True Grit","floor":5},{"not_picked":["Spot Weakness","Perfected Strike"],"picked":"Entrench","floor":8},{"not_picked":["Rampage","Second Wind"],"picked":"Pommel Strike","floor":10},{"not_picked":["Rage","Combust"],"picked":"Rampage","floor":12},{"not_picked":["Wild Strike","Warcry"],"picked":"Sentinel","floor":14},{"not_picked":["Impervious","Bludgeon"],"picked":"Fiend Fire","floor":16},{"not_picked":[],"picked":"Perfected Strike+1","floor":18},{"not_picked":[],"picked":"Dropkick","floor":19},{"not_picked":[],"picked":"Entrench+1","floor":20},{"not_picked":["Perfected Strike+1"],"picked":"SKIP","floor":21},{"not_picked":[],"picked":"Rage","floor":23}],"player_experience":341408,"relics_obtained":[{"floor":9,"key":"Happy Flower"},{"floor":12,"key":"Strawberry"},{"floor":14,"key":"Whetstone"}],"event_choices":[{"damage_healed":0,"gold_gain":0,"cards_transformed":["Strike_R"],"player_choice":"Change","damage_taken":0,"max_hp_gain":0,"max_hp_loss":0,"event_name":"Living Wall","floor":7,"gold_loss":0,"cards_obtained":["Spot Weakness"]},{"cards_removed":["Strike_R"],"damage_healed":0,"gold_gain":0,"player_choice":"Card Removal","damage_taken":0,"max_hp_gain":0,"max_hp_loss":0,"event_name":"The Cleric","floor":13,"gold_loss":50},{"damage_healed":0,"gold_gain":0,"player_choice":"Fought Bandits","damage_taken":0,"max_hp_gain":0,"max_hp_loss":0,"event_name":"Masked Bandits","floor":25,"gold_loss":0}],"is_beta":false,"boss_relics":[{"not_picked":["Velvet Choker","Runic Cube"],"picked":"Busted Crown"}],"items_purged_floors":[22],"is_endless":false,"potions_floor_spawned":[8,10,12,23],"killed_by":"Masked Bandits","ascension_level":0}