{"gold_per_floor":[113,60,78,89,89,124,124,138,213,46,65,65,65,80,80,178,178,195,212,112,27,27,27,27,27,27,38,38,70,169,169,169,270,270,289,164,174,187,37,37,72,72,72,0,0,0,0,11,11,11],"floor_reached":51,"playtime":2465,"items_purged":["Strike_B","Barrage+1","Dualcast","Zap"],"score":902,"play_id":"241399bf-2214-4ba2-8c2e-a12dffb9bf74","local_time":"20190220141702","is_ascension_mode":true,"campfire_choices":[{"floor":7.0,"key":"REST"},{"floor":12.0,"key":"REST"},{"floor":15.0,"key":"REST"},{"floor":23.0,"key":"REST"},{"data":"Skim","floor":28.0,"key":"SMITH"},{"data":"Skim","floor":32.0,"key":"SMITH"},{"data":"Machine Learning","floor":40.0,"key":"SMITH"},{"data":"Gash","floor":47,"key":"SMITH"},{"floor":49,"key":"REST"}],"neow_cost":"NONE","seed_source_timestamp":67898086930045,"circlet_count":0,"master_deck":["Defend_B","Defend_B","Defend_B","Gash","Skim+1","Gash+1","Bandage Up","Gash","Skim+1","FTL+1","Gash","Gash","Machine Learning+1","White Noise+1","Machine Learning","White Noise+1","Scrape+1"],"special_seed":0,"relics":["Cracked Core","NeowsBlessing","Incense Burner","Lantern","Cables","Astrolabe","Gremlin Horn","Pen Nib","Oddly Smooth Stone","White Beast Statue","Singing Bowl","Bottled Tornado","Red Mask"],"potions_floor_usage":[45,50],"damage_taken":[{"damage":0.0,"enemies":"Small Slimes","floor":1.0,"turns":1.0},{"damage":0.0,"enemies":"Cultist","floor":3.0,"turns":1.0},{"damage":0.0,"enemies":"Jaw Worm","floor":4.0,"turns":1.0},{"damage":45.0,"enemies":"3 Sentries","floor":6.0,"turns":8.0},{"damage":7.0,"enemies":"Looter","floor":8.0,"turns":3.0},{"damage":3.0,"enemies":"3 Louse","floor":11.0,"turns":2.0},{"damage":32.0,"enemies":"Exordium Thugs","floor":14.0,"turns":3.0},{"damage":18.0,"enemies":"Slime Boss","floor":16.0,"turns":6.0},{"damage":19.0,"enemies":"3 Byrds","floor":18.0,"turns":4.0},{"damage":16.0,"enemies":"Shell Parasite","floor":19.0,"turns":3.0},{"damage":0.0,"enemies":"Centurion and Healer","floor":27.0,"turns":3.0},{"damage":38.0,"enemies":"Book of Stabbing","floor":29.0,"turns":3.0},{"damage":16.0,"enemies":"Automaton","floor":33.0,"turns":3.0},{"damage":11.0,"enemies":"Orb Walker","floor":35.0,"turns":2.0},{"damage":0.0,"enemies":"3 Shapes","floor":37.0,"turns":3.0},{"damage":0.0,"enemies":"Maw","floor":38.0,"turns":3.0},{"damage":0.0,"enemies":"Reptomancer","floor":41.0,"turns":2.0},{"damage":0,"enemies":"Writhing Mass","floor":45,"turns":1},{"damage":16,"enemies":"4 Shapes","floor":48,"turns":3},{"damage":20,"enemies":"Donu and Deca","floor":50,"turns":3}],"seed_played":"-5145583758838873344","potions_obtained":[{"floor":3.0,"key":"Strength Potion"},{"floor":14.0,"key":"Regen Potion"},{"floor":19.0,"key":"SmokeBomb"},{"floor":27.0,"key":"Ancient Potion"},{"floor":35.0,"key":"Explosive Potion"},{"floor":37.0,"key":"Block Potion"},{"floor":41.0,"key":"Strength Potion"},{"floor":48,"key":"SteroidPotion"}],"is_trial":false,"path_per_floor":["M","$","M","M","?","E","R","M","T","$","M","R","?","M","R","B",null,"M","M","$","?","?","R","?","$","T","M","R","E","?","?","R","B",null,"M","$","M","M","$","R","E","$","T","?","M","?","R","M","R","B",null],"character_chosen":"DEFECT","items_purchased":["Gash","Bandage Up"],"campfire_rested":5,"item_purchase_floors":[2,10],"current_hp_per_floor":[75,75,75,75,75,30,52,45,45,45,46,68,61,33,55,41,75,60,53,53,53,53,75,75,75,75,75,75,41,41,75,75,59,75,64,64,72,75,75,75,75,75,75,75,75,75,75,63,75,59],"gold":11,"neow_bonus":"THREE_ENEMY_KILL","is_prod":false,"is_daily":false,"chose_seed":false,"campfire_upgraded":4,"win_rate":0,"timestamp":1550693822,"path_taken":["M","$","M","M","?","E","R","?","T","$","M","R","?","M","R","BOSS","M","M","$","?","?","R","?","$","T","?","R","E","?","?","R","BOSS","M","?","?","M","$","R","E","?","T","?","M","?","R","?","R","BOSS"],"build_version":"2019-01-23","purchased_purges":4,"victory":true,"max_hp_per_floor":[75,75,75,75,75,75,75,75,75,75,75,75,75,75,75,75,75,75,75,75,75,75,75,75,75,75,75,75,75,75,75,75,75,75,75,75,75,75,75,75,75,75,75,75,75,75,75,75,75,75],"card_choices":[{"not_picked":["Steam","Lockon","Go for the Eyes"],"picked":"SKIP","floor":1.0},{"not_picked":["Turbo","Darkness","Reinforced Body"],"picked":"SKIP","floor":3.0},{"not_picked":["Melter","Hello World","Force Field"],"picked":"SKIP","floor":4.0},{"not_picked":["Ball Lightning","Lockon"],"picked":"Skim","floor":6.0},{"not_picked":["Stack","Cold Snap"],"picked":"Gash","floor":8.0},{"not_picked":["Barrage","Cold Snap"],"picked":"Gash","floor":11.0},{"not_picked":["Fusion","Ball Lightning"],"picked":"Skim","floor":14.0},{"not_picked":["Storm","Stack+1"],"picked":"Gash","floor":18.0},{"not_picked":["Steam Power","Go for the Eyes","Sweeping Beam+1"],"picked":"SKIP","floor":19.0},{"not_picked":["Steam","Aggregate","Sweeping Beam+1"],"picked":"SKIP","floor":27.0},{"not_picked":["Sunder","Consume","Steam"],"picked":"SKIP","floor":29.0},{"not_picked":["Fission","Amplify"],"picked":"Machine Learning","floor":33.0},{"not_picked":["Streamline+1","Coolheaded+1"],"picked":"White Noise+1","floor":35.0},{"not_picked":["Conserve Battery","Compile Driver+1","Chill+1"],"picked":"SKIP","floor":37.0},{"not_picked":["Leap","Stack","Conserve Battery"],"picked":"SKIP","floor":38.0},{"not_picked":["Reinforced Body","Ball Lightning"],"picked":"Machine Learning","floor":41.0},{"not_picked":["Hologram","Compile Driver"],"picked":"Scrape+1","floor":48}],"player_experience":415189,"relics_obtained":[{"floor":6.0,"key":"Lantern"},{"floor":9.0,"key":"Cables"},{"floor":26.0,"key":"Pen Nib"},{"floor":29.0,"key":"Oddly Smooth Stone"},{"floor":41.0,"key":"Singing Bowl"},{"floor":43.0,"key":"Bottled Tornado"}],"event_choices":[{"damage_healed":0.0,"max_hp_gain":0.0,"max_hp_loss":0.0,"gold_gain":0.0,"event_name":"WeMeetAgain","player_choice":"Gave Potion","floor":5.0,"gold_loss":0.0,"damage_taken":0.0,"relics_obtained":["Incense Burner"]},{"cards_removed":["Strike_B"],"damage_healed":0.0,"max_hp_gain":0.0,"max_hp_loss":0.0,"gold_gain":0.0,"event_name":"Golden Wing","player_choice":"Card Removal","floor":13.0,"gold_loss":0.0,"damage_taken":7.0},{"damage_healed":0.0,"max_hp_gain":0.0,"max_hp_loss":0.0,"gold_gain":0.0,"event_name":"Addict","player_choice":"Obtained Relic","floor":21.0,"gold_loss":85.0,"damage_taken":0.0,"relics_obtained":["Gremlin Horn"]},{"damage_healed":0.0,"max_hp_gain":0.0,"max_hp_loss":0.0,"gold_gain":0.0,"event_name":"Ghosts","player_choice":"Ignored","floor":22.0,"gold_loss":0.0,"damage_taken":0.0},{"damage_healed":0.0,"max_hp_gain":0.0,"max_hp_loss":0.0,"gold_gain":0.0,"event_name":"The Library","player_choice":"Read","floor":24.0,"gold_loss":0.0,"damage_taken":0.0,"cards_obtained":["Gash"]},{"damage_healed":0.0,"max_hp_gain":0.0,"max_hp_loss":0.0,"gold_gain":99.0,"event_name":"Nest","player_choice":"Stole From Cult","floor":30.0,"gold_loss":0.0,"damage_taken":0.0},{"cards_removed":["Doom and Gloom"],"damage_healed":34.0,"max_hp_gain":0.0,"max_hp_loss":0.0,"gold_gain":0.0,"event_name":"Bonfire Elementals","player_choice":"Offered Uncommon","floor":31.0,"gold_loss":0.0,"damage_taken":0.0},{"damage_healed":0.0,"max_hp_gain":0.0,"max_hp_loss":0.0,"gold_gain":0.0,"event_name":"Tomb of Lord Red Mask","player_choice":"Paid","floor":44.0,"gold_loss":72.0,"damage_taken":0.0,"relics_obtained":["Red Mask"]},{"damage_healed":0,"gold_gain":0,"player_choice":"Copied","damage_taken":0,"max_hp_gain":0,"max_hp_loss":0,"event_name":"Duplicator","floor":46,"gold_loss":0,"cards_obtained":["White Noise"]}],"is_beta":false,"boss_relics":[{"not_picked":["Velvet Choker","Tiny House"],"picked":"Astrolabe"},{"not_picked":["Snecko Eye","Cursed Key"],"picked":"White Beast Statue"}],"items_purged_floors":[10,20,36,39],"is_endless":false,"potions_floor_spawned":[3,14,19,27,35,37,38,41,45,48],"ascension_level":4}