{"gold_per_floor":[118,128,138,154,154,185,185,215,238,39,39,39,71,89,89,190,190,201,221,236,336,352,352,416,416,440,457,457,489,489,504,504,602,602,617,672,502,502,512,539,551,587,623,664,692,78,88,100,100,100,100,100,15,46,46],"floor_reached":56,"playtime":7731,"items_purged":["Strike_R","Writhe"],"score":1368,"play_id":"297ed20a-8643-4ef1-8d7c-1c6714aec6c4","local_time":"20190420200554","is_ascension_mode":true,"campfire_choices":[{"data":"Inflame","floor":7,"key":"SMITH"},{"data":"Flex","floor":11,"key":"SMITH"},{"data":"Bash","floor":15,"key":"SMITH"},{"floor":23,"key":"REST"},{"data":"Body Slam","floor":25,"key":"SMITH"},{"data":"Barricade","floor":32,"key":"SMITH"},{"data":"Offering","floor":41,"key":"SMITH"},{"floor":49,"key":"RECALL"},{"data":"Pommel Strike","floor":52,"key":"SMITH"}],"neow_cost":"NONE","seed_source_timestamp":14632806950203,"circlet_count":0,"master_deck":["Strike_R","Strike_R","Strike_R","Strike_R","Defend_R","Defend_R","Defend_R","Defend_R","Bash+1","Cleave","Metallicize","Wild Strike","Flex+1","Inflame+1","Body Slam+1","Spot Weakness","Offering+1","Flex+1","True Grit","Feel No Pain","Pommel Strike+1","True Grit+1","Twin Strike","Pummel","Barricade+1","Power Through+1","Warcry+1","Impervious+1","Headbutt","Warcry+1","Flex+1","Heavy Blade+1","Exhume+1","Decay","Second Wind+1","Armaments+1","True Grit+1","Master of Strategy+1","Warcry+1","Dark Shackles+1","Rupture"],"special_seed":0,"relics":["Burning Blood","Oddly Smooth Stone","Self Forming Clay","Bottled Flame","Blood Vial","Red Skull","ClockworkSouvenir","Letter Opener","Mark of Pain","Ginger","Shuriken","Tiny Chest","Ancient Tea Set","Toxic Egg 2","Centennial Puzzle","Cursed Key","Pocketwatch","MawBank","Anchor","Mummified Hand","Happy Flower","Potion Belt","Pen Nib"],"potions_floor_usage":[6,8,13,16,18,20,27,29,33,33,40,40,47],"damage_taken":[{"damage":0,"enemies":"Cultist","floor":1,"turns":3},{"damage":0,"enemies":"2 Louse","floor":2,"turns":2},{"damage":2,"enemies":"Jaw Worm","floor":3,"turns":5},{"damage":1,"enemies":"Large Slime","floor":4,"turns":6},{"damage":11,"enemies":"Gremlin Nob","floor":6,"turns":4},{"damage":25,"enemies":"Lagavulin","floor":8,"turns":6},{"damage":9,"enemies":"3 Sentries","floor":13,"turns":6},{"damage":5,"enemies":"Looter","floor":14,"turns":3},{"damage":23,"enemies":"Slime Boss","floor":16,"turns":7},{"damage":9,"enemies":"Spheric Guardian","floor":18,"turns":5},{"damage":6,"enemies":"Chosen","floor":19,"turns":2},{"damage":6,"enemies":"3 Cultists","floor":20,"turns":4},{"damage":29,"enemies":"Colosseum Slavers","floor":21,"turns":5},{"damage":10,"enemies":"Colosseum Nobs","floor":21,"turns":3},{"damage":6,"enemies":"Snake Plant","floor":22,"turns":2},{"damage":21,"enemies":"Book of Stabbing","floor":24,"turns":5},{"damage":8,"enemies":"Centurion and Healer","floor":27,"turns":3},{"damage":15,"enemies":"Gremlin Leader","floor":29,"turns":5},{"damage":0,"enemies":"3 Cultists","floor":31,"turns":4},{"damage":47,"enemies":"Automaton","floor":33,"turns":8},{"damage":5,"enemies":"3 Shapes","floor":35,"turns":3},{"damage":13,"enemies":"2 Orb Walkers","floor":36,"turns":4},{"damage":5,"enemies":"3 Darklings","floor":39,"turns":4},{"damage":17,"enemies":"Reptomancer","floor":40,"turns":3},{"damage":6,"enemies":"Giant Head","floor":44,"turns":6},{"damage":24,"enemies":"Transient","floor":45,"turns":5},{"damage":0,"enemies":"Sphere and 2 Shapes","floor":47,"turns":4},{"damage":16,"enemies":"3 Darklings","floor":48,"turns":6},{"damage":44,"enemies":"Awakened One","floor":50,"turns":11},{"damage":12,"enemies":"Shield and Spear","floor":54,"turns":3},{"damage":49,"enemies":"The Heart","floor":55,"turns":9}],"seed_played":"-6641350430755146718","potions_obtained":[{"floor":3,"key":"Weak Potion"},{"floor":4,"key":"BloodPotion"},{"floor":6,"key":"LiquidBronze"},{"floor":8,"key":"Swift Potion"},{"floor":16,"key":"SpeedPotion"},{"floor":19,"key":"Swift Potion"},{"floor":24,"key":"BloodPotion"},{"floor":27,"key":"GamblersBrew"},{"floor":29,"key":"Ancient Potion"},{"floor":31,"key":"Energy Potion"},{"floor":36,"key":"AttackPotion"},{"floor":39,"key":"Energy Potion"},{"floor":44,"key":"Dexterity Potion"},{"floor":45,"key":"SmokeBomb"}],"is_trial":false,"path_per_floor":["M","M","M","M","T","E","R","E","T","$","R","$","E","M","R","B",null,"M","M","M","?","M","R","E","R","T","M","T","E","?","M","R","B",null,"M","?","$","?","M","E","R","T","T","E","M","$","M","M","R","B",null,"R","$","E","B",null],"character_chosen":"IRONCLAD","items_purchased":["ClockworkSouvenir","Warcry+1","Flex+1","True Grit+1","Master of Strategy+1","Happy Flower","Potion Belt","Dark Shackles+1"],"campfire_rested":1,"item_purchase_floors":[10,37,37,46,46,46,46,53],"current_hp_per_floor":[80,80,80,80,80,75,75,64,64,64,64,64,63,66,66,51,80,77,79,80,55,57,80,65,65,65,73,73,66,66,74,74,35,80,80,73,73,73,76,67,67,67,67,69,53,53,61,53,53,17,80,80,80,74,33],"gold":46,"neow_bonus":"RANDOM_COMMON_RELIC","is_prod":false,"is_daily":false,"chose_seed":false,"campfire_upgraded":7,"win_rate":0,"timestamp":1555754754,"path_taken":["M","M","M","M","?","E","R","E","T","$","R","$","E","M","R","BOSS","M","M","M","?","M","R","E","R","T","M","?","E","?","M","R","BOSS","M","?","$","?","?","E","R","?","T","E","M","?","M","?","R","BOSS","R","$","E","BOSS"],"build_version":"2019-01-23","purchased_purges":2,"victory":true,"max_hp_per_floor":[80,80,80,80,80,80,80,80,80,80,80,80,80,80,80,80,80,80,80,80,80,80,80,80,80,80,80,80,80,80,80,80,80,80,80,80,80,80,80,80,80,80,80,80,80,80,80,80,80,80,80,80,80,80,80],"card_choices":[{"not_picked":["True Grit","Second Wind"],"picked":"Cleave","floor":1},{"not_picked":["Pommel Strike","Body Slam"],"picked":"Metallicize","floor":2},{"not_picked":["Rage","Body Slam"],"picked":"Wild Strike","floor":3},{"not_picked":["Impervious","Body Slam"],"picked":"Flex","floor":4},{"not_picked":["Flex","Thunderclap"],"picked":"Inflame","floor":6},{"not_picked":["Cleave","Perfected Strike"],"picked":"Body Slam","floor":8},{"not_picked":["Sword Boomerang","Evolve"],"picked":"Spot Weakness","floor":13},{"not_picked":["Perfected Strike","Thunderclap","Intimidate"],"picked":"SKIP","floor":14},{"not_picked":["Double Tap","Limit Break"],"picked":"Offering","floor":16},{"not_picked":["True Grit","Ghostly Armor+1"],"picked":"Flex+1","floor":18},{"not_picked":["Ghostly Armor","Warcry"],"picked":"True Grit","floor":19},{"not_picked":["Anger","Sever Soul"],"picked":"Feel No Pain","floor":20},{"not_picked":["Rage+1","Infernal Blade"],"picked":"Pommel Strike","floor":21},{"not_picked":["Flame Barrier+1","Warcry+1"],"picked":"True Grit+1","floor":22},{"not_picked":["Cleave","Rampage"],"picked":"Twin Strike","floor":24},{"not_picked":["Uppercut","Body Slam"],"picked":"Pummel","floor":27},{"not_picked":["Double Tap+1","Anger"],"picked":"Barricade","floor":29},{"not_picked":["Perfected Strike+1","Sword Boomerang"],"picked":"Warcry+1","floor":31},{"not_picked":["Bludgeon","Fiend Fire"],"picked":"Impervious+1","floor":33},{"not_picked":["Blood for Blood+1","Sword Boomerang"],"picked":"Headbutt","floor":35},{"not_picked":["Anger","Twin Strike"],"picked":"Heavy Blade+1","floor":39},{"not_picked":["Dropkick+1","Body Slam+1"],"picked":"Exhume+1","floor":40},{"not_picked":["Anger+1","Berserk"],"picked":"Second Wind+1","floor":44},{"not_picked":["Heavy Blade","Warcry+1"],"picked":"Armaments+1","floor":45},{"not_picked":["Havoc+1","Twin Strike+1"],"picked":"Warcry+1","floor":47},{"not_picked":["Havoc+1","Twin Strike+1","Iron Wave+1"],"picked":"SKIP","floor":48},{"not_picked":["Carnage","Burning Pact+1"],"picked":"Rupture","floor":54}],"player_experience":346347,"relics_obtained":[{"floor":5,"key":"Self Forming Clay"},{"floor":6,"key":"Bottled Flame"},{"floor":8,"key":"Blood Vial"},{"floor":9,"key":"Red Skull"},{"floor":13,"key":"Letter Opener"},{"floor":21,"key":"Ginger"},{"floor":21,"key":"Shuriken"},{"floor":24,"key":"Tiny Chest"},{"floor":26,"key":"Ancient Tea Set"},{"floor":28,"key":"Toxic Egg 2"},{"floor":29,"key":"Centennial Puzzle"},{"floor":36,"key":"Pocketwatch"},{"floor":40,"key":"MawBank"},{"floor":42,"key":"Anchor"},{"floor":44,"key":"Mummified Hand"},{"floor":54,"key":"Pen Nib"}],"event_choices":[{"damage_healed":0,"gold_gain":0,"player_choice":"Fight","damage_taken":0,"max_hp_gain":0,"max_hp_loss":0,"event_name":"Colosseum","floor":21,"gold_loss":0},{"damage_healed":0,"gold_gain":0,"player_choice":"Fought Nobs","damage_taken":0,"max_hp_gain":0,"max_hp_loss":0,"event_name":"Colosseum","floor":21,"gold_loss":0},{"damage_healed":0,"gold_gain":0,"player_choice":"Read","damage_taken":0,"max_hp_gain":0,"max_hp_loss":0,"event_name":"The Library","floor":30,"gold_loss":0,"cards_obtained":["Power Through"]},{"damage_healed":0,"gold_gain":0,"player_choice":"Fight","damage_taken":0,"max_hp_gain":0,"max_hp_loss":0,"event_name":"Mysterious Sphere","floor":36,"gold_loss":0},{"damage_healed":0,"gold_gain":0,"player_choice":"Ignored","damage_taken":0,"max_hp_gain":0,"max_hp_loss":0,"event_name":"SecretPortal","floor":38,"gold_loss":0}],"is_beta":false,"boss_relics":[{"not_picked":["Coffee Dripper","Ectoplasm"],"picked":"Mark of Pain"},{"not_picked":["Runic Pyramid","Astrolabe"],"picked":"Cursed Key"}],"items_purged_floors":[37,46],"is_endless":false,"potions_floor_spawned":[3,4,6,8,16,19,24,27,29,31,36,39,44,45],"ascension_level":1}