{"gold_per_floor":[113,129,144,160,160,160,177,196,242,242,268,26,26,42,42,119,119,139,156,11,11,30,55,55,75,75,75,109,24,35,49,49,49],"floor_reached":33,"playtime":1796,"items_purged":["Strike_R"],"score":474,"play_id":"a8b8c239-e0f7-45a0-95c0-e5aa1f292503","local_time":"20190321001450","is_ascension_mode":true,"campfire_choices":[{"data":"Anger","floor":6,"key":"SMITH"},{"floor":10,"key":"REST"},{"floor":13,"key":"REST"},{"data":"True Grit","floor":15,"key":"SMITH"},{"data":"Fiend Fire","floor":24,"key":"SMITH"},{"data":"Carnage","floor":27,"key":"SMITH"},{"data":"Clothesline","floor":32,"key":"SMITH"}],"neow_cost":"NONE","seed_source_timestamp":614820024473010,"circlet_count":0,"master_deck":["AscendersBane","Strike_R","Strike_R","Strike_R","Strike_R","Defend_R+1","Defend_R","Defend_R","Defend_R","Bash+1","Disarm+1","Twin Strike+1","Anger+1","Evolve+1","Metallicize","True Grit+1","Shockwave","Fiend Fire+1","Carnage+1","Decay","Corruption","Metallicize","Clothesline+1","Sentinel+1","Headbutt"],"relics":["Burning Blood","PreservedInsect","Bag of Preparation","War Paint","Snecko Eye","Pantograph","Dodecahedron","Red Mask","Omamori"],"potions_floor_usage":[7,14,16,22,22,25],"damage_taken":[{"damage":11,"enemies":"Cultist","floor":1,"turns":4},{"damage":5,"enemies":"2 Louse","floor":2,"turns":4},{"damage":10,"enemies":"Small Slimes","floor":3,"turns":2},{"damage":5,"enemies":"2 Fungi Beasts","floor":4,"turns":4},{"damage":18,"enemies":"Large Slime","floor":7,"turns":4},{"damage":12,"enemies":"Looter","floor":8,"turns":3},{"damage":24,"enemies":"Gremlin Nob","floor":11,"turns":4},{"damage":15,"enemies":"Lots of Slimes","floor":14,"turns":4},{"damage":32,"enemies":"Slime Boss","floor":16,"turns":7},{"damage":0,"enemies":"Chosen","floor":18,"turns":3},{"damage":3,"enemies":"Spheric Guardian","floor":19,"turns":3},{"damage":42,"enemies":"Centurion and Healer","floor":22,"turns":12},{"damage":4,"enemies":"Gremlin Leader","floor":23,"turns":4},{"damage":5,"enemies":"Shelled Parasite and Fungi","floor":25,"turns":3},{"damage":11,"enemies":"Masked Bandits","floor":28,"turns":5},{"damage":9,"enemies":"Snake Plant","floor":30,"turns":3},{"damage":4,"enemies":"3 Cultists","floor":31,"turns":5},{"damage":69,"enemies":"Automaton","floor":33,"turns":6}],"seed_played":"-4947791733710550943","potions_obtained":[{"floor":1,"key":"Strength Potion"},{"floor":4,"key":"Explosive Potion"},{"floor":11,"key":"SneckoOil"},{"floor":14,"key":"Energy Potion"},{"floor":19,"key":"SkillPotion"},{"floor":22,"key":"FearPotion"},{"floor":31,"key":"SteroidPotion"}],"is_trial":false,"path_per_floor":["M","M","M","M","?","R","M","M","T","R","E","$","R","M","R","B",null,"M","M","$","?","M","E","R","M","T","R","?","?","M","M","R","B"],"character_chosen":"IRONCLAD","items_purchased":["Metallicize","True Grit","War Paint","Carnage"],"campfire_rested":2,"item_purchase_floors":[12,12,12,20],"current_hp_per_floor":[63,64,60,61,38,38,26,20,20,42,24,24,46,37,37,11,59,65,68,68,68,32,34,34,35,35,35,30,30,27,29,29,0],"gold":49,"neow_bonus":"UPGRADE_CARD","is_prod":false,"is_daily":false,"chose_seed":false,"campfire_upgraded":5,"win_rate":0,"timestamp":1553094890,"path_taken":["M","M","?","M","?","R","M","M","T","R","E","$","R","M","R","BOSS","M","M","$","?","M","E","R","M","T","R","?","?","M","M","R","BOSS"],"build_version":"2019-01-23","purchased_purges":1,"victory":false,"max_hp_per_floor":[75,75,75,75,75,75,75,75,75,75,75,75,75,75,75,75,75,75,75,75,75,75,75,75,75,75,75,75,75,75,75,75,75],"card_choices":[{"not_picked":["Combust","Blood for Blood"],"picked":"Disarm","floor":1},{"not_picked":["Havoc","Warcry"],"picked":"Twin Strike","floor":2},{"not_picked":["Hemokinesis","Wild Strike"],"picked":"Anger","floor":3},{"not_picked":["Clash","Reckless Charge"],"picked":"Evolve","floor":4},{"not_picked":["Heavy Blade","Clothesline","Feel No Pain"],"picked":"SKIP","floor":7},{"not_picked":["Feel No Pain","Twin Strike","Wild Strike"],"picked":"SKIP","floor":8},{"not_picked":["Searing Blow","Sword Boomerang","Perfected Strike"],"picked":"SKIP","floor":11},{"not_picked":["Anger","Headbutt"],"picked":"Shockwave","floor":14},{"not_picked":["Dark Embrace","Feed"],"picked":"Fiend Fire","floor":16},{"not_picked":["True Grit","Sever Soul","Warcry"],"picked":"SKIP","floor":18},{"not_picked":["Pommel Strike","Burning Pact","Anger+1"],"picked":"SKIP","floor":19},{"not_picked":["Sever Soul","Second Wind"],"picked":"Corruption","floor":22},{"not_picked":["Body Slam","Flex","Disarm"],"picked":"SKIP","floor":23},{"not_picked":["Body Slam","Flex","Disarm"],"picked":"SKIP","floor":23},{"not_picked":["Iron Wave","Warcry"],"picked":"Metallicize","floor":25},{"not_picked":["Dual Wield","Flex"],"picked":"Clothesline","floor":28},{"not_picked":["Warcry","Hemokinesis"],"picked":"Sentinel+1","floor":30},{"not_picked":["Sentinel","Seeing Red"],"picked":"Headbutt","floor":31}],"player_experience":1039471,"relics_obtained":[{"floor":9,"key":"PreservedInsect"},{"floor":11,"key":"Bag of Preparation"},{"floor":23,"key":"Pantograph"},{"floor":26,"key":"Dodecahedron"},{"floor":28,"key":"Red Mask"}],"event_choices":[{"damage_healed":0,"gold_gain":0,"player_choice":"Entered Light","damage_taken":23,"max_hp_gain":0,"max_hp_loss":0,"event_name":"Shining Light","floor":5,"gold_loss":0,"cards_upgraded":["Evolve","Twin Strike"]},{"damage_healed":0,"gold_gain":0,"player_choice":"Smashed Altar","damage_taken":0,"max_hp_gain":0,"max_hp_loss":0,"event_name":"Forgotten Altar","floor":21,"gold_loss":0,"cards_obtained":["Decay"]},{"damage_healed":0,"gold_gain":0,"player_choice":"Fought Bandits","damage_taken":0,"max_hp_gain":0,"max_hp_loss":0,"event_name":"Masked Bandits","floor":28,"gold_loss":0},{"damage_healed":0,"gold_gain":0,"player_choice":"Obtained Relic","damage_taken":0,"relics_obtained":["Omamori"],"max_hp_gain":0,"max_hp_loss":0,"event_name":"Addict","floor":29,"gold_loss":85}],"is_beta":false,"boss_relics":[{"not_picked":["Runic Dome","White Beast Statue"],"picked":"Snecko Eye"}],"items_purged_floors":[20],"is_endless":false,"potions_floor_spawned":[1,4,11,14,19,22,31],"killed_by":"Automaton","ascension_level":15}