{"gold_per_floor":[114,114,128,128,53,78,92,127,209,224,299,299,96,96],"floor_reached":14,"playtime":3031,"items_purged":["Strike_B","Strike_B"],"score":154,"play_id":"8df08c5b-3247-4207-9323-7a81d51da4ec","local_time":"20190220161304","is_ascension_mode":true,"campfire_choices":[],"neow_cost":"NONE","seed_source_timestamp":74424348286369,"circlet_count":0,"master_deck":["Strike_B","Defend_B","Defend_B","Defend_B","Defend_B","Zap","Dualcast","Sweeping Beam","Fusion","Genetic Algorithm","Coolheaded","Defragment","Blizzard","Self Repair"],"special_seed":0,"relics":["Cracked Core","NeowsBlessing","Incense Burner","Ancient Tea Set","Singing Bowl","Kunai"],"potions_floor_usage":[14],"damage_taken":[{"damage":0.0,"enemies":"Jaw Worm","floor":1.0,"turns":1.0},{"damage":0.0,"enemies":"Cultist","floor":3.0,"turns":1.0},{"damage":0.0,"enemies":"Lagavulin","floor":6.0,"turns":1.0},{"damage":1.0,"enemies":"2 Louse","floor":7.0,"turns":2.0},{"damage":55,"enemies":"Gremlin Nob","floor":8,"turns":6},{"damage":5,"enemies":"Blue Slaver","floor":10,"turns":5},{"damage":1,"enemies":"3 Sentries","floor":14,"turns":2}],"seed_played":"-5234744932397777143","potions_obtained":[{"floor":6.0,"key":"SpeedPotion"},{"floor":10,"key":"SpeedPotion"}],"is_trial":false,"path_per_floor":["M","?","M","?","$","E","M","E","T","M","?","T","$","E"],"character_chosen":"DEFECT","items_purchased":["Blizzard","Self Repair"],"campfire_rested":0,"item_purchase_floors":[13,13],"current_hp_per_floor":[75,75,75,75,75,75,74,19,19,16,5,5,5,4],"gold":96,"neow_bonus":"THREE_ENEMY_KILL","is_prod":false,"is_daily":false,"chose_seed":false,"campfire_upgraded":0,"win_rate":0,"timestamp":1550700784,"path_taken":["M","?","?","?","?","E","M","E","T","?","?","?","$","E"],"build_version":"2019-01-23","purchased_purges":2,"victory":false,"max_hp_per_floor":[75,75,75,75,75,75,75,75,75,77,77,77,77,77],"card_choices":[{"not_picked":["Barrage","Beam Cell"],"picked":"Sweeping Beam","floor":1.0},{"not_picked":["Redo","Barrage"],"picked":"Genetic Algorithm","floor":3.0},{"not_picked":["Go for the Eyes","Sweeping Beam"],"picked":"Coolheaded","floor":6.0},{"not_picked":["Reprogram","Chaos"],"picked":"Defragment","floor":7.0},{"not_picked":["Redo","Tempest","Auto Shields"],"picked":"SKIP","floor":8},{"not_picked":["Barrage","Rebound","White Noise"],"picked":"Singing Bowl","floor":10}],"player_experience":417654,"relics_obtained":[{"floor":6.0,"key":"Incense Burner"},{"floor":8,"key":"Ancient Tea Set"},{"floor":9,"key":"Singing Bowl"},{"floor":12,"key":"Kunai"}],"event_choices":[{"damage_healed":0.0,"max_hp_gain":0.0,"max_hp_loss":0.0,"gold_gain":0.0,"cards_transformed":["Strike_B"],"event_name":"Transmorgrifier","player_choice":"Transformed","floor":2.0,"gold_loss":0.0,"damage_taken":0.0,"cards_obtained":["Fusion"]},{"damage_healed":0.0,"max_hp_gain":0.0,"max_hp_loss":0.0,"gold_gain":0.0,"event_name":"The Woman in Blue","player_choice":"Bought 0 Potions","floor":4.0,"gold_loss":0.0,"damage_taken":0.0},{"damage_healed":0,"gold_gain":75,"player_choice":"Gather Gold","damage_taken":11,"max_hp_gain":0,"max_hp_loss":0,"event_name":"World of Goop","floor":11,"gold_loss":0}],"is_beta":false,"boss_relics":[],"items_purged_floors":[5,13],"is_endless":false,"potions_floor_spawned":[6,10],"killed_by":"3 Sentries","ascension_level":5}