{"gold_per_floor":[117,42,62,82,97,97,131,31,78,108,120,150,162,208,220,332,344,367,396,408,420,450,489,515,561,573,585,597,629,641,376,376,474,474,485,116,0,16,32,66,66,66,66,26,26,42,72,90,90,90,90,90,40,69,69],"floor_reached":55,"playtime":10976,"items_purged":["Decay","Strike_G","Strike_G","Pain","Strike_G"],"score":824,"play_id":"aedd9dd6-36d5-4f95-acd8-3819bd4f2c5f","local_time":"20190712191842","is_ascension_mode":true,"campfire_choices":[{"data":"Noxious Fumes","floor":6.0,"key":"SMITH"},{"data":"Prepared","floor":11.0,"key":"SMITH"},{"data":"Survivor","floor":13.0,"key":"SMITH"},{"data":"Noxious Fumes","floor":15.0,"key":"SMITH"},{"data":"Footwork","floor":28.0,"key":"SMITH"},{"data":"Well Laid Plans","floor":30.0,"key":"SMITH"},{"data":"Neutralize","floor":32.0,"key":"SMITH"},{"floor":42.0,"key":"REST"},{"floor":45.0,"key":"RECALL"},{"floor":49.0,"key":"DIG"},{"floor":52.0,"key":"DIG"}],"neow_cost":"CURSE","seed_source_timestamp":0,"circlet_count":0,"master_deck":["Strike_G","Strike_G","Defend_G","Defend_G","Defend_G","Defend_G","Defend_G","Survivor+1","Neutralize+1","Dodge and Roll","Noxious Fumes+1","Prepared+1","PiercingWail","Well Laid Plans+1","Backflip","Noxious Fumes+1","Dodge and Roll","Prepared","Footwork+1","Backflip","Acrobatics","Acrobatics","Night Terror","Noxious Fumes+1","Deadly Poison+1","Thinking Ahead","Calculated Gamble+1","Burst"],"special_seed":0,"relics":["Ring of the Serpent","Incense Burner","Meat on the Bone","MawBank","Ornamental Fan","Tough Bandages","Pen Nib","Molten Egg 2","Oddly Smooth Stone","Omamori","Calling Bell","Bronze Scales","Frozen Egg 2","Shovel","Happy Flower","Red Mask","Ancient Tea Set","Smiling Mask","Bag of Marbles","Pantograph","Gremlin Horn","Lantern"],"potions_floor_usage":[55],"damage_taken":[{"damage":1.0,"enemies":"Cultist","floor":1.0,"turns":4.0},{"damage":0.0,"enemies":"Jaw Worm","floor":3.0,"turns":6.0},{"damage":0.0,"enemies":"2 Louse","floor":4.0,"turns":5.0},{"damage":12.0,"enemies":"Large Slime","floor":5.0,"turns":10.0},{"damage":15.0,"enemies":"3 Sentries","floor":7.0,"turns":8.0},{"damage":3.0,"enemies":"Lagavulin","floor":10.0,"turns":8.0},{"damage":11.0,"enemies":"Exordium Wildlife","floor":12.0,"turns":5.0},{"damage":4.0,"enemies":"Gremlin Nob","floor":14.0,"turns":5.0},{"damage":11.0,"enemies":"Slime Boss","floor":16.0,"turns":11.0},{"damage":5.0,"enemies":"Chosen","floor":18.0,"turns":6.0},{"damage":5.0,"enemies":"3 Byrds","floor":19.0,"turns":5.0},{"damage":17.0,"enemies":"3 Cultists","floor":22.0,"turns":6.0},{"damage":8.0,"enemies":"Book of Stabbing","floor":23.0,"turns":9.0},{"damage":0.0,"enemies":"Centurion and Healer","floor":24.0,"turns":8.0},{"damage":7.0,"enemies":"Gremlin Leader","floor":25.0,"turns":10.0},{"damage":0.0,"enemies":"Snake Plant","floor":29.0,"turns":8.0},{"damage":37.0,"enemies":"Collector","floor":33.0,"turns":11.0},{"damage":3.0,"enemies":"Orb Walker","floor":35.0,"turns":7.0},{"damage":4.0,"enemies":"3 Darklings","floor":38.0,"turns":6.0},{"damage":6.0,"enemies":"4 Shapes","floor":39.0,"turns":5.0},{"damage":45.0,"enemies":"Reptomancer","floor":40.0,"turns":10.0},{"damage":0.0,"enemies":"Maw","floor":46.0,"turns":8.0},{"damage":0.0,"enemies":"Nemesis","floor":47.0,"turns":9.0},{"damage":0.0,"enemies":"Jaw Worm Horde","floor":48.0,"turns":5.0},{"damage":17.0,"enemies":"Awakened One","floor":50.0,"turns":16.0},{"damage":0,"enemies":"Shield and Spear","floor":54,"turns":7},{"damage":80,"enemies":"The Heart","floor":55,"turns":14}],"seed_played":"-6121459736546071426","potions_obtained":[{"floor":5.0,"key":"Ancient Potion"},{"floor":7.0,"key":"Poison Potion"},{"floor":10.0,"key":"EssenceOfSteel"},{"floor":18.0,"key":"Explosive Potion"},{"floor":23.0,"key":"AttackPotion"},{"floor":24.0,"key":"Fire Potion"},{"floor":25.0,"key":"FearPotion"},{"floor":40.0,"key":"AttackPotion"},{"floor":44.0,"key":"Block Potion"},{"floor":44.0,"key":"Strength Potion"},{"floor":44.0,"key":"Fruit Juice"},{"floor":46.0,"key":"FearPotion"}],"is_trial":false,"path_per_floor":["M","$","M","M","M","R","E","$","T","E","R","M","R","E","R","B",null,"M","M","?","?","M","E","M","E","T","?","R","M","R","$","R","B",null,"M","$","?","M","M","E","?","R","T","?","R","M","E","M","R","B",null,"R","$","E","B"],"character_chosen":"THE_SILENT","items_purchased":["Omamori","Noxious Fumes+1","Happy Flower"],"campfire_rested":1,"item_purchase_floors":[31,36,36],"current_hp_per_floor":[69,69,69,69,57,57,42,42,42,39,39,40,40,36,36,37,70,65,60,60,60,43,47,47,40,40,27,27,39,39,39,39,14,75,72,72,72,68,62,29,29,51,51,56,56,56,56,56,56,63,80,80,80,80,0],"gold":69,"neow_bonus":"ONE_RARE_RELIC","is_prod":false,"is_daily":false,"chose_seed":false,"campfire_upgraded":7,"win_rate":1,"timestamp":1562948322,"path_taken":["M","$","?","M","M","R","E","$","T","E","R","M","R","E","R","BOSS","M","M","?","?","M","E","M","E","T","?","R","M","R","$","R","BOSS","M","$","?","M","M","E","?","R","T","?","R","M","E","M","R","BOSS","R","$","E","BOSS"],"build_version":"2019-07-05","purchased_purges":5,"victory":false,"max_hp_per_floor":[70,70,70,70,70,70,70,70,70,70,70,70,70,70,70,70,70,70,70,70,70,70,70,70,70,70,75,75,75,75,75,75,75,75,75,75,75,75,75,75,75,75,75,80,80,80,80,80,80,80,80,80,80,80,80],"card_choices":[{"not_picked":["Dagger Throw","Quick Slash"],"picked":"Dodge and Roll","floor":1.0},{"not_picked":["Caltrops","Terror"],"picked":"Noxious Fumes","floor":3.0},{"not_picked":["Blade Dance","Dagger Spray"],"picked":"Prepared","floor":4.0},{"not_picked":["Infinite Blades","Predator"],"picked":"PiercingWail","floor":5.0},{"not_picked":["Calculated Gamble","Dodge and Roll"],"picked":"Well Laid Plans","floor":7.0},{"not_picked":["Bullet Time","Finisher","Terror"],"picked":"SKIP","floor":10.0},{"not_picked":["Dagger Spray","Flechettes"],"picked":"Backflip","floor":12.0},{"not_picked":["Prepared","Skewer"],"picked":"Noxious Fumes","floor":14.0},{"not_picked":["Caltrops+1","Choke"],"picked":"Dodge and Roll","floor":18.0},{"not_picked":["Deadly Poison","Poisoned Stab"],"picked":"Prepared","floor":19.0},{"not_picked":["Flying Knee","Riddle With Holes+1"],"picked":"Footwork","floor":22.0},{"not_picked":["Blade Dance","Outmaneuver"],"picked":"Backflip","floor":23.0},{"not_picked":["Deflect","Outmaneuver"],"picked":"Acrobatics","floor":24.0},{"not_picked":["Outmaneuver","Dagger Throw+1","Venomology"],"picked":"SKIP","floor":25.0},{"not_picked":["PiercingWail","Blade Dance"],"picked":"Acrobatics","floor":29.0},{"not_picked":["Envenom","Bullet Time"],"picked":"Night Terror","floor":33.0},{"not_picked":["Expertise","Dodge and Roll","Endless Agony+1"],"picked":"SKIP","floor":35.0},{"not_picked":["Dodge and Roll","Underhanded Strike+1","Masterful Stab+1"],"picked":"SKIP","floor":38.0},{"not_picked":["PiercingWail+1","Dodge and Roll"],"picked":"Deadly Poison+1","floor":39.0},{"not_picked":["Dagger Spray+1","Riddle With Holes+1","Corpse Explosion"],"picked":"SKIP","floor":40.0},{"not_picked":["Flash of Steel+1","Dark Shackles"],"picked":"Thinking Ahead","floor":41.0},{"not_picked":["PiercingWail","Dagger Spray+1"],"picked":"Calculated Gamble+1","floor":46.0},{"not_picked":["Underhanded Strike+1","Deadly Poison+1"],"picked":"Burst","floor":47.0},{"not_picked":["Bouncing Flask","Dagger Throw+1","Sucker Punch+1"],"picked":"SKIP","floor":48.0},{"not_picked":["Acrobatics+1","Dagger Spray+1","Choke+1"],"picked":"SKIP","floor":54}],"player_experience":137290,"relics_obtained":[{"floor":7.0,"key":"Meat on the Bone"},{"floor":10.0,"key":"MawBank"},{"floor":14.0,"key":"Ornamental Fan"},{"floor":23.0,"key":"Pen Nib"},{"floor":25.0,"key":"Molten Egg 2"},{"floor":26.0,"key":"Oddly Smooth Stone"},{"floor":34.0,"key":"Bronze Scales"},{"floor":34.0,"key":"Frozen Egg 2"},{"floor":34.0,"key":"Shovel"},{"floor":40.0,"key":"Ancient Tea Set"},{"floor":43.0,"key":"Smiling Mask"},{"floor":47.0,"key":"Bag of Marbles"},{"floor":49.0,"key":"Pantograph"},{"floor":52.0,"key":"Gremlin Horn"},{"floor":54,"key":"Lantern"}],"event_choices":[{"damage_healed":0.0,"max_hp_gain":0.0,"max_hp_loss":0.0,"gold_gain":0.0,"event_name":"Ghosts","player_choice":"Ignored","floor":20.0,"gold_loss":0.0,"damage_taken":0.0},{"damage_healed":0.0,"max_hp_gain":0.0,"max_hp_loss":0.0,"gold_gain":0.0,"event_name":"The Mausoleum","player_choice":"Opened","floor":21.0,"gold_loss":0.0,"damage_taken":0.0,"relics_obtained":["Tough Bandages"]},{"damage_healed":0.0,"max_hp_gain":5.0,"max_hp_loss":0.0,"gold_gain":0.0,"event_name":"Forgotten Altar","player_choice":"Shed Blood","floor":27.0,"gold_loss":0.0,"damage_taken":18.0},{"damage_healed":0.0,"max_hp_gain":0.0,"max_hp_loss":0.0,"gold_gain":0.0,"event_name":"Tomb of Lord Red Mask","player_choice":"Paid","floor":37.0,"gold_loss":116.0,"damage_taken":0.0,"relics_obtained":["Red Mask"]},{"damage_healed":0.0,"max_hp_gain":0.0,"max_hp_loss":0.0,"gold_gain":0.0,"event_name":"SensoryStone","player_choice":"Memory 1","floor":41.0,"gold_loss":0.0,"damage_taken":0.0},{"damage_healed":0.0,"max_hp_gain":0.0,"max_hp_loss":0.0,"gold_gain":0.0,"event_name":"The Woman in Blue","player_choice":"Bought 3 Potions","floor":44.0,"gold_loss":0.0,"damage_taken":0.0}],"is_beta":false,"boss_relics":[{"not_picked":["Orrery","Runic Dome"],"picked":"Ring of the Serpent"},{"not_picked":["Eternal Feather","HoveringKite"],"picked":"Calling Bell"}],"items_purged_floors":[2,8,31,36,53],"is_endless":false,"potions_floor_spawned":[5,7,10,18,23,24,25,40,46],"killed_by":"The Heart","ascension_level":1}