{"gold_per_floor":[113,125,135,310,310,310,280,280,280,280,315,328,328],"floor_reached":13,"playtime":381,"items_purged":[],"score":83,"play_id":"ca366e7a-25d3-4763-960f-e9b99e6ad3aa","local_time":"20190109233012","is_ascension_mode":false,"campfire_choices":[{"data":"Quick Slash","floor":6.0,"key":"SMITH"},{"data":"Endless Agony","floor":8.0,"key":"SMITH"}],"neow_cost":"NONE","seed_source_timestamp":33865679320556,"circlet_count":0,"master_deck":["Defend_G","Defend_G","Defend_G","Defend_G","Defend_G","Strike_G","Strike_G","Strike_G","Strike_G","Strike_G","Survivor","Neutralize","Quick Slash+1","Blur","Endless Agony+1","Backflip","Dagger Throw"],"special_seed":0,"relics":["Sozu","Golden Idol","Strawberry"],"potions_floor_usage":[],"damage_taken":[{"damage":0.0,"enemies":"Small Slimes","floor":1.0,"turns":4.0},{"damage":2.0,"enemies":"2 Louse","floor":2.0,"turns":3.0},{"damage":0.0,"enemies":"Jaw Worm","floor":3.0,"turns":4.0},{"damage":0.0,"enemies":"Looter","floor":7.0,"turns":4.0},{"damage":46.0,"enemies":"Gremlin Nob","floor":11.0,"turns":5.0},{"damage":0.0,"enemies":"Large Slime","floor":12.0,"turns":9.0},{"damage":16,"enemies":"3 Sentries","floor":13,"turns":4}],"seed_played":"-4434979412504462352","potions_obtained":[],"is_trial":false,"path_per_floor":["M","M","M","?","?","R","M","R","T","?","E","M","E"],"character_chosen":"THE_SILENT","items_purchased":[],"campfire_rested":0,"item_purchase_floors":[],"current_hp_per_floor":[70,68,68,68,68,68,68,68,68,51,12,12,0],"gold":328,"neow_bonus":"BOSS_RELIC","is_prod":false,"is_daily":false,"chose_seed":false,"campfire_upgraded":2,"win_rate":0,"timestamp":1547094612,"path_taken":["M","M","M","?","?","R","M","R","T","?","E","M","E"],"build_version":"2019-01-03v4","purchased_purges":0,"victory":false,"max_hp_per_floor":[70,70,70,70,70,70,70,70,70,70,77,77,77],"card_choices":[{"not_picked":["Escape Plan","All Out Attack"],"picked":"Quick Slash","floor":1.0},{"not_picked":["Sucker Punch","Acrobatics"],"picked":"Blur","floor":2.0},{"not_picked":["Tactician","PiercingWail","Deadly Poison"],"picked":"SKIP","floor":3.0},{"not_picked":["PiercingWail","Phantasmal Killer"],"picked":"Endless Agony","floor":7.0},{"not_picked":["Cloak And Dagger","Riddle With Holes"],"picked":"Backflip","floor":11.0},{"not_picked":["Blur","Blade Dance"],"picked":"Dagger Throw","floor":12.0}],"player_experience":36274,"relics_obtained":[{"floor":11.0,"key":"Strawberry"}],"event_choices":[{"damage_healed":0.0,"max_hp_gain":0.0,"max_hp_loss":0.0,"gold_gain":175.0,"event_name":"Liars Game","player_choice":"AGREE","floor":4.0,"gold_loss":0.0,"damage_taken":0.0,"cards_obtained":["Doubt"]},{"cards_removed":["Doubt"],"damage_healed":0.0,"max_hp_gain":0.0,"max_hp_loss":0.0,"gold_gain":0.0,"event_name":"Living Wall","player_choice":"Forget","floor":5.0,"gold_loss":0.0,"damage_taken":0.0},{"damage_healed":0.0,"max_hp_gain":0.0,"max_hp_loss":0.0,"gold_gain":0.0,"event_name":"Golden Idol","player_choice":"Take Damage","floor":10.0,"gold_loss":0.0,"damage_taken":17.0,"relics_obtained":["Golden Idol"]}],"is_beta":false,"boss_relics":[],"items_purged_floors":[],"is_endless":false,"potions_floor_spawned":[1,12],"killed_by":"3 Sentries","ascension_level":0}