{"gold_per_floor":[113,113,61,74,149,180,180,208,232,263,263,263,33,53,53,53],"floor_reached":16,"playtime":718,"items_purged":["Strike_B"],"score":233,"play_id":"0ffc3033-9143-4f51-90b0-3b6354651882","local_time":"20190714145513","is_ascension_mode":true,"campfire_choices":[{"floor":7.0,"key":"REST"},{"floor":11.0,"key":"REST"},{"floor":15,"key":"REST"}],"neow_cost":"NONE","seed_source_timestamp":171420870934138,"circlet_count":0,"master_deck":["AscendersBane","Strike_B","Strike_B","Defend_B","Defend_B","Defend_B","Defend_B","Zap","Dualcast","Sunder","Gash","Self Repair","Hologram","Scrape","Finesse","Hologram"],"special_seed":0,"relics":["Cracked Core","NeowsBlessing","Ancient Tea Set","Dream Catcher","Boot","Girya"],"potions_floor_usage":[],"damage_taken":[{"damage":0.0,"enemies":"Jaw Worm","floor":1.0,"turns":1.0},{"damage":0.0,"enemies":"Small Slimes","floor":4.0,"turns":1.0},{"damage":0.0,"enemies":"3 Sentries","floor":6.0,"turns":1.0},{"damage":31.0,"enemies":"Gremlin Nob","floor":8.0,"turns":4.0},{"damage":29.0,"enemies":"3 Sentries","floor":10.0,"turns":8.0},{"damage":0,"enemies":"2 Louse","floor":14,"turns":2},{"damage":65,"enemies":"Slime Boss","floor":16,"turns":8}],"seed_played":"2399531956863997781","potions_obtained":[{"floor":4.0,"key":"Dexterity Potion"},{"floor":14,"key":"SteroidPotion"}],"is_trial":false,"path_per_floor":["M","?","$","M","?","E","R","E","T","E","R","?","$","M","R","B"],"character_chosen":"DEFECT","items_purchased":["Gash","Scrape","Finesse"],"campfire_rested":3,"item_purchase_floors":[3,13,13],"current_hp_per_floor":[68,68,68,68,57,57,75,44,44,15,37,37,37,37,59,0],"gold":53,"neow_bonus":"THREE_ENEMY_KILL","is_prod":false,"is_daily":false,"chose_seed":false,"campfire_upgraded":0,"win_rate":0,"timestamp":1563134113,"path_taken":["M","?","$","M","?","E","R","E","T","E","R","?","$","?","R","BOSS"],"build_version":"2019-07-05","purchased_purges":1,"victory":false,"max_hp_per_floor":[75,75,75,75,75,75,75,75,75,75,75,75,75,75,75,75],"card_choices":[{"not_picked":["Beam Cell","Reprogram"],"picked":"Sunder","floor":1.0},{"not_picked":["Sweeping Beam","Aggregate","Steam"],"picked":"SKIP","floor":4.0},{"not_picked":["Go for the Eyes","Ball Lightning","Redo"],"picked":"SKIP","floor":6.0},{"not_picked":["Barrage","Go for the Eyes","Biased Cognition"],"picked":"SKIP","floor":8.0},{"not_picked":["Steam","Rebound","Barrage"],"picked":"SKIP","floor":10.0},{"not_picked":["Recycle","Double Energy"],"picked":"Self Repair","floor":11.0},{"not_picked":["Loop","Ball Lightning"],"picked":"Hologram","floor":14}],"player_experience":577282,"relics_obtained":[{"floor":6.0,"key":"Ancient Tea Set"},{"floor":8.0,"key":"Dream Catcher"},{"floor":9.0,"key":"Boot"},{"floor":10.0,"key":"Girya"}],"event_choices":[{"damage_healed":0.0,"max_hp_gain":0.0,"max_hp_loss":0.0,"gold_gain":0.0,"event_name":"Shining Light","player_choice":"Ignored","floor":2.0,"gold_loss":0.0,"damage_taken":0.0},{"damage_healed":0.0,"max_hp_gain":0.0,"max_hp_loss":0.0,"gold_gain":75.0,"event_name":"World of Goop","player_choice":"Gather Gold","floor":5.0,"gold_loss":0.0,"damage_taken":11.0},{"damage_healed":0,"gold_gain":0,"cards_transformed":["Strike_B"],"player_choice":"Transformed","damage_taken":0,"max_hp_gain":0,"max_hp_loss":0,"event_name":"Transmorgrifier","floor":12,"gold_loss":0,"cards_obtained":["Hologram"]}],"is_beta":false,"boss_relics":[],"items_purged_floors":[13],"is_endless":false,"potions_floor_spawned":[4,14],"killed_by":"Slime Boss","ascension_level":13}