{"gold_per_floor":[109,109,121,121,134,134,165,165,212,212,41,99,115,34,34,131,131,141,44,44,55,72,72],"floor_reached":23,"playtime":835,"items_purged":["Strike_G"],"score":209,"play_id":"b2e9f56e-10c7-468a-a076-4056f28e9af3","local_time":"20190421024228","is_ascension_mode":true,"campfire_choices":[{"floor":6,"key":"REST"},{"data":"Poisoned Stab","floor":8,"key":"SMITH"},{"floor":10,"key":"RECALL"},{"floor":15,"key":"REST"}],"neow_cost":"NONE","seed_source_timestamp":45650541642314,"circlet_count":0,"master_deck":["Defend_G","Defend_G","Defend_G","Defend_G+1","Defend_G","Strike_G","Strike_G","Strike_G","Strike_G+1","Survivor","Neutralize+1","Poisoned Stab+1","Dagger Spray","Deflect","Prepared","Noxious Fumes","Underhanded Strike","Bane","Poisoned Stab","Infinite Blades","Adrenaline","Injury","Tactician","Footwork","Backflip","Panacea","Poisoned Stab","Flying Knee"],"relics":["Ring of the Snake","Boot","Bag of Marbles","Omamori","Tiny Chest","Calling Bell","Pen Nib","Question Card","Calipers"],"potions_floor_usage":[12,22,23,23],"damage_taken":[{"damage":0,"enemies":"Small Slimes","floor":1,"turns":3},{"damage":0,"enemies":"Jaw Worm","floor":3,"turns":3},{"damage":0,"enemies":"Cultist","floor":5,"turns":3},{"damage":17,"enemies":"Lagavulin","floor":7,"turns":8},{"damage":1,"enemies":"3 Sentries","floor":12,"turns":5},{"damage":4,"enemies":"Red Slaver","floor":13,"turns":3},{"damage":21,"enemies":"Hexaghost","floor":16,"turns":8},{"damage":13,"enemies":"3 Byrds","floor":18,"turns":4},{"damage":29,"enemies":"2 Thieves","floor":21,"turns":4},{"damage":12,"enemies":"Snake Plant","floor":22,"turns":5},{"damage":16,"enemies":"Gremlin Leader","floor":23,"turns":1}],"seed_played":"510878633519706294","potions_obtained":[{"floor":3,"key":"Explosive Potion"},{"floor":7,"key":"Strength Potion"},{"floor":13,"key":"Weak Potion"},{"floor":22,"key":"SkillPotion"}],"is_trial":false,"path_per_floor":["M","?","M","?","M","R","E","R","T","R","$","E","M","$","R","B",null,"M","$","?","M","M","E"],"character_chosen":"THE_SILENT","items_purchased":["Noxious Fumes","Underhanded Strike","Infinite Blades","Footwork","Backflip"],"campfire_rested":2,"item_purchase_floors":[11,11,14,19,19],"current_hp_per_floor":[70,56,56,56,56,70,53,53,53,53,53,52,48,48,69,48,70,57,57,57,28,16,0],"gold":72,"neow_bonus":"RANDOM_COMMON_RELIC","is_prod":false,"is_daily":false,"chose_seed":false,"campfire_upgraded":1,"win_rate":0,"timestamp":1555778548,"path_taken":["M","?","M","?","?","R","E","R","T","R","$","E","M","?","R","BOSS","M","?","?","M","?","E"],"build_version":"2019-01-23","purchased_purges":1,"victory":false,"max_hp_per_floor":[70,70,70,70,70,70,70,70,70,70,70,70,70,70,70,70,70,70,70,70,70,70,70],"card_choices":[{"not_picked":["Accuracy","Dodge and Roll"],"picked":"Poisoned Stab","floor":1},{"not_picked":["Deflect","Bane"],"picked":"Dagger Spray","floor":3},{"not_picked":["Riddle With Holes","Dodge and Roll"],"picked":"Deflect","floor":5},{"not_picked":["Dagger Spray","Setup"],"picked":"Prepared","floor":7},{"not_picked":["Bullet Time","Reflex"],"picked":"Bane","floor":12},{"not_picked":["PiercingWail","Finisher"],"picked":"Poisoned Stab","floor":13},{"not_picked":["A Thousand Cuts","Burst"],"picked":"Adrenaline","floor":16},{"not_picked":["Underhanded Strike","Dagger Throw","Deflect"],"picked":"Tactician","floor":18},{"not_picked":["Underhanded Strike","Infinite Blades","PiercingWail"],"picked":"Poisoned Stab","floor":21},{"not_picked":["Sucker Punch","Prepared","Deflect"],"picked":"Flying Knee","floor":22}],"player_experience":376337,"relics_obtained":[{"floor":7,"key":"Bag of Marbles"},{"floor":9,"key":"Omamori"},{"floor":12,"key":"Tiny Chest"},{"floor":17,"key":"Pen Nib"},{"floor":17,"key":"Question Card"},{"floor":17,"key":"Calipers"}],"event_choices":[{"damage_healed":0,"gold_gain":0,"player_choice":"Entered Light","damage_taken":14,"max_hp_gain":0,"max_hp_loss":0,"event_name":"Shining Light","floor":2,"gold_loss":0,"cards_upgraded":["Strike_G","Defend_G"]},{"damage_healed":0,"gold_gain":0,"player_choice":"Upgraded","damage_taken":0,"max_hp_gain":0,"max_hp_loss":0,"event_name":"Upgrade Shrine","floor":4,"gold_loss":0,"cards_upgraded":["Neutralize"]},{"damage_healed":0,"gold_gain":0,"player_choice":"1 cards matched","damage_taken":0,"max_hp_gain":0,"max_hp_loss":0,"event_name":"Match and Keep!","floor":20,"gold_loss":0,"cards_obtained":["Panacea"]}],"is_beta":false,"boss_relics":[{"not_picked":["Ectoplasm","Velvet Choker"],"picked":"Calling Bell"}],"items_purged_floors":[11],"is_endless":false,"potions_floor_spawned":[3,7,13,22],"killed_by":"Gremlin Leader","ascension_level":1}