{"gold_per_floor":[19,19,19,19,44,85,29,29,79,79,44,44,44,80,80,173,173,194,194,194,194,154,183,195,227,252,287,304,12,12,12,12,88,88,100,100,114,462,462,462,490,490,514,514,614,631,659,671,683,695,707,719,731,99,130,130],"floor_reached":57,"playtime":4502,"items_purged":[],"score":2782,"play_id":"f356266c-8b9c-4f94-8afb-eedd63f90322","local_time":"20190704142416","is_ascension_mode":true,"campfire_choices":[{"floor":8.0,"key":"REST"},{"data":"Zap","floor":10.0,"key":"SMITH"},{"data":"Deep Breath","floor":15.0,"key":"SMITH"},{"data":"Defragment","floor":32.0,"key":"SMITH"},{"data":"Go for the Eyes","floor":40.0,"key":"SMITH"},{"floor":42.0,"key":"RECALL"},{"data":"Shame","floor":49.0,"key":"PURGE"},{"data":"Creative AI","floor":53.0,"key":"SMITH"}],"neow_cost":"NO_GOLD","seed_source_timestamp":0,"circlet_count":0,"master_deck":["AscendersBane","Defend_B+1","Defend_B+1","Defend_B+1","Defend_B+1","Zap+1","Dualcast+1","Flash of Steel","Deep Breath+1","Gash","Scrape","Gash","Coolheaded","Biased Cognition+1","Cold Snap","Flash of Steel","Creative AI+1","Defragment+1","Go for the Eyes+1","Steam","Steam+1","Glacier+1","Echo Form","Conserve Battery","Glacier+1","Defragment+1","Hologram+1","Stack","Compile Driver","Rainbow","Consume"],"special_seed":0,"relics":["FrozenCore","Bloody Idol","Turnip","Ancient Tea Set","Juzu Bracelet","Happy Flower","Ornamental Fan","Coffee Dripper","Blood Vial","Kunai","Oddly Smooth Stone","Sundial","Runic Capacitor","Bag of Marbles","Old Coin","Emotion Chip","War Paint","Peace Pipe","MawBank","DataDisk","Gambling Chip","Art of War"],"potions_floor_usage":[56],"damage_taken":[{"damage":4.0,"enemies":"2 Louse","floor":1.0,"turns":3.0},{"damage":5.0,"enemies":"Small Slimes","floor":5.0,"turns":3.0},{"damage":58.0,"enemies":"Gremlin Nob","floor":6.0,"turns":6.0},{"damage":25.0,"enemies":"3 Sentries","floor":14.0,"turns":8.0},{"damage":13.0,"enemies":"Hexaghost","floor":16.0,"turns":8.0},{"damage":30.0,"enemies":"3 Byrds","floor":18.0,"turns":4.0},{"damage":5.0,"enemies":"Book of Stabbing","floor":23.0,"turns":5.0},{"damage":2.0,"enemies":"Chosen","floor":24.0,"turns":4.0},{"damage":36.0,"enemies":"Slavers","floor":25.0,"turns":7.0},{"damage":19.0,"enemies":"Book of Stabbing","floor":27.0,"turns":5.0},{"damage":4.0,"enemies":"Centurion and Healer","floor":28.0,"turns":10.0},{"damage":6.0,"enemies":"Collector","floor":33.0,"turns":13.0},{"damage":22.0,"enemies":"3 Darklings","floor":35.0,"turns":7.0},{"damage":0.0,"enemies":"Orb Walker","floor":37.0,"turns":4.0},{"damage":1.0,"enemies":"2 Orb Walkers","floor":38.0,"turns":9.0},{"damage":46.0,"enemies":"Reptomancer","floor":41.0,"turns":9.0},{"damage":0.0,"enemies":"Mind Bloom Boss Battle","floor":45.0,"turns":9.0},{"damage":0.0,"enemies":"Sphere and 2 Shapes","floor":46.0,"turns":9.0},{"damage":0.0,"enemies":"Nemesis","floor":47.0,"turns":13.0},{"damage":10.0,"enemies":"Time Eater","floor":50.0,"turns":18.0},{"damage":6.0,"enemies":"Donu and Deca","floor":51.0,"turns":10.0},{"damage":33.0,"enemies":"Shield and Spear","floor":55.0,"turns":8.0},{"damage":6,"enemies":"The Heart","floor":56,"turns":12}],"seed_played":"908556972218989","potions_obtained":[{"floor":5.0,"key":"SpeedPotion"},{"floor":6.0,"key":"EntropicBrew"},{"floor":14.0,"key":"Regen Potion"},{"floor":22.0,"key":"Strength Potion"},{"floor":23.0,"key":"SpeedPotion"},{"floor":24.0,"key":"Regen Potion"},{"floor":28.0,"key":"Block Potion"},{"floor":33.0,"key":"Poison Potion"},{"floor":45.0,"key":"Explosive Potion"},{"floor":47.0,"key":"Fire Potion"}],"is_trial":false,"path_per_floor":["M","?","?","?","M","E","$","R","T","R","?","T","?","E","R","B",null,"M","?","?","?","?","E","M","E","T","E","M","$","?","?","R","B",null,"M","?","M","?","T","R","E","R","T","?","?","M","E","?","R","B","B",null,"R","$","E","B",null],"character_chosen":"DEFECT","items_purchased":["Gash","Runic Capacitor","Glacier","DataDisk","Ancient Potion","Gambling Chip","SpeedPotion"],"campfire_rested":1,"item_purchase_floors":[7,29,29,54,54,54,54],"current_hp_per_floor":[60,60,65,65,60,2,2,22,22,22,39,39,32,7,7,9,54,24,24,24,24,24,24,29,15,20,8,11,11,11,11,11,12,55,40,40,47,58,58,58,19,19,24,24,31,38,45,50,55,52,53,66,69,69,41,37],"gold":130,"neow_bonus":"RANDOM_COLORLESS_2","is_prod":false,"is_daily":false,"chose_seed":false,"campfire_upgraded":5,"win_rate":0,"timestamp":1562264656,"path_taken":["M","?","?","?","M","E","$","R","T","R","?","?","?","E","R","BOSS","M","?","?","?","?","E","M","E","T","E","M","$","?","?","R","BOSS","M","?","M","?","?","R","E","R","T","?","?","M","E","?","R","BOSS","BOSS","R","$","E","BOSS"],"build_version":"2019-06-30","purchased_purges":0,"victory":true,"max_hp_per_floor":[71,64,69,69,69,69,69,69,69,69,69,69,69,69,69,69,69,69,69,69,69,69,69,69,69,69,69,69,69,69,69,69,69,69,69,69,69,69,69,69,69,69,69,69,69,69,69,69,69,69,69,69,69,69,69,69],"card_choices":[{"not_picked":["Tempest","Leap"],"picked":"Steam","floor":1.0},{"not_picked":["Storm","Skim"],"picked":"Gash","floor":5.0},{"not_picked":["Rainbow","Skim"],"picked":"Scrape","floor":6.0},{"not_picked":["Hologram","Storm"],"picked":"Coolheaded","floor":14.0},{"not_picked":["Multi-Cast","Thunder Strike"],"picked":"Biased Cognition","floor":16.0},{"not_picked":["Storm","Redo"],"picked":"Cold Snap","floor":18.0},{"not_picked":["Double Energy","Leap"],"picked":"Creative AI","floor":23.0},{"not_picked":["Ball Lightning+1","Loop"],"picked":"Defragment","floor":24.0},{"not_picked":["Beam Cell","Leap"],"picked":"Go for the Eyes","floor":25.0},{"not_picked":["Double Energy+1","Tempest+1"],"picked":"Steam","floor":27.0},{"not_picked":["Go for the Eyes","Cold Snap"],"picked":"Steam+1","floor":28.0},{"not_picked":["Hyperbeam","Machine Learning"],"picked":"Echo Form","floor":33.0},{"not_picked":["Ball Lightning","Fusion"],"picked":"Conserve Battery","floor":35.0},{"not_picked":["Reprogram","Chaos+1"],"picked":"Glacier+1","floor":37.0},{"not_picked":["Beam Cell","Auto Shields"],"picked":"Defragment+1","floor":38.0},{"not_picked":["Sweeping Beam","Undo"],"picked":"Hologram+1","floor":41.0},{"not_picked":["Reboot","Leap"],"picked":"Stack","floor":45.0},{"not_picked":["Chaos","Lockon"],"picked":"Compile Driver","floor":46.0},{"not_picked":["Hologram","Aggregate"],"picked":"Rainbow","floor":47.0},{"not_picked":["Rebound","Rip and Tear"],"picked":"Consume","floor":55.0}],"player_experience":3133441,"relics_obtained":[{"floor":6.0,"key":"Ancient Tea Set"},{"floor":9.0,"key":"Juzu Bracelet"},{"floor":12.0,"key":"Happy Flower"},{"floor":14.0,"key":"Ornamental Fan"},{"floor":23.0,"key":"Blood Vial"},{"floor":25.0,"key":"Kunai"},{"floor":26.0,"key":"Oddly Smooth Stone"},{"floor":27.0,"key":"Sundial"},{"floor":38.0,"key":"Old Coin"},{"floor":39.0,"key":"Emotion Chip"},{"floor":41.0,"key":"War Paint"},{"floor":45.0,"key":"Peace Pipe"},{"floor":47.0,"key":"MawBank"},{"floor":55.0,"key":"Art of War"}],"event_choices":[{"damage_healed":0.0,"max_hp_gain":0.0,"max_hp_loss":7.0,"gold_gain":0.0,"event_name":"Golden Idol","player_choice":"Lose Max HP","floor":2.0,"gold_loss":0.0,"damage_taken":0.0,"relics_obtained":["Golden Idol"]},{"damage_healed":0.0,"max_hp_gain":5.0,"max_hp_loss":0.0,"gold_gain":0.0,"event_name":"Big Fish","player_choice":"Donut","floor":3.0,"gold_loss":0.0,"damage_taken":0.0},{"cards_removed":["Steam"],"damage_healed":0.0,"max_hp_gain":0.0,"max_hp_loss":0.0,"gold_gain":0.0,"event_name":"WeMeetAgain","player_choice":"Gave Card","floor":4.0,"gold_loss":0.0,"damage_taken":0.0,"relics_obtained":["Turnip"]},{"damage_healed":17.0,"max_hp_gain":0.0,"max_hp_loss":0.0,"gold_gain":0.0,"event_name":"The Cleric","player_choice":"Healed","floor":11.0,"gold_loss":35.0,"damage_taken":0.0},{"cards_removed":["Strike_B"],"damage_healed":0.0,"max_hp_gain":0.0,"max_hp_loss":0.0,"gold_gain":0.0,"event_name":"Golden Wing","player_choice":"Card Removal","floor":13.0,"gold_loss":0.0,"damage_taken":7.0},{"damage_healed":0.0,"max_hp_gain":0.0,"max_hp_loss":0.0,"gold_gain":0.0,"event_name":"Back to Basics","player_choice":"Simplicity","floor":19.0,"gold_loss":0.0,"damage_taken":0.0,"cards_upgraded":["Strike_B","Strike_B","Strike_B","Defend_B","Defend_B","Defend_B","Defend_B"]},{"damage_healed":0.0,"max_hp_gain":0.0,"max_hp_loss":0.0,"gold_gain":0.0,"event_name":"Duplicator","player_choice":"Copied","floor":20.0,"gold_loss":0.0,"damage_taken":0.0,"cards_obtained":["Flash of Steel"]},{"damage_healed":0.0,"max_hp_gain":0.0,"max_hp_loss":0.0,"gold_gain":0.0,"event_name":"Forgotten Altar","player_choice":"Gave Idol","floor":21.0,"relics_lost":["Golden Idol"],"gold_loss":0.0,"damage_taken":0.0,"relics_obtained":["Bloody Idol"]},{"damage_healed":0.0,"max_hp_gain":0.0,"max_hp_loss":0.0,"gold_gain":0.0,"event_name":"The Woman in Blue","player_choice":"Bought 3 Potions","floor":22.0,"gold_loss":0.0,"damage_taken":0.0},{"cards_removed":["Strike_B"],"damage_healed":0.0,"max_hp_gain":0.0,"max_hp_loss":0.0,"gold_gain":0.0,"event_name":"Bonfire Elementals","player_choice":"Offered Basic","floor":30.0,"gold_loss":0.0,"damage_taken":0.0},{"damage_healed":0.0,"max_hp_gain":0.0,"max_hp_loss":0.0,"gold_gain":0.0,"event_name":"Addict","player_choice":"Stole Relic","floor":31.0,"gold_loss":0.0,"damage_taken":0.0,"relics_obtained":["Bag of Marbles"],"cards_obtained":["Shame"]},{"cards_removed":["Strike_B"],"damage_healed":0.0,"max_hp_gain":0.0,"max_hp_loss":0.0,"gold_gain":0.0,"event_name":"Falling","player_choice":"Removed Attack","floor":36.0,"gold_loss":0.0,"damage_taken":0.0},{"damage_healed":0.0,"max_hp_gain":0.0,"max_hp_loss":0.0,"gold_gain":0.0,"event_name":"Mysterious Sphere","player_choice":"Fight","floor":38.0,"gold_loss":0.0,"damage_taken":0.0},{"cards_removed":["Strike_B"],"damage_healed":0.0,"max_hp_gain":0.0,"max_hp_loss":0.0,"gold_gain":0.0,"event_name":"Purifier","player_choice":"Purged","floor":44.0,"gold_loss":0.0,"damage_taken":0.0},{"damage_healed":0.0,"max_hp_gain":0.0,"max_hp_loss":0.0,"gold_gain":0.0,"event_name":"MindBloom","player_choice":"Fight","floor":45.0,"gold_loss":0.0,"damage_taken":0.0},{"damage_healed":0.0,"max_hp_gain":0.0,"max_hp_loss":0.0,"gold_gain":0.0,"event_name":"Upgrade Shrine","player_choice":"Upgraded","floor":48.0,"gold_loss":0.0,"damage_taken":0.0,"cards_upgraded":["Biased Cognition"]}],"is_beta":true,"boss_relics":[{"not_picked":["Philosopher\u0027s Stone","Velvet Choker"],"picked":"Coffee Dripper"},{"not_picked":["Calling Bell","Empty Cage"],"picked":"FrozenCore"}],"items_purged_floors":[],"is_endless":false,"potions_floor_spawned":[5,6,14,23,24,28,33,37,45,47],"ascension_level":20}