{"gold_per_floor":[115,128,128,144,159,159,159,159],"floor_reached":8,"playtime":821,"items_purged":[],"score":48,"play_id":"a9b9ac12-b581-4594-83c2-88e124c38257","local_time":"20190706195946","is_ascension_mode":false,"campfire_choices":[{"data":"Deep Breath","floor":6,"key":"SMITH"}],"neow_cost":"NONE","seed_source_timestamp":29258099193100,"circlet_count":0,"master_deck":["Strike_B","Strike_B","Strike_B","Defend_B","Defend_B","Defend_B","Defend_B","Zap","Dualcast","Deep Breath+1","Compile Driver","Ball Lightning","Iron Wave","All For One","Steam","Injury"],"relics":["Cracked Core","Golden Idol"],"potions_floor_usage":[],"damage_taken":[{"damage":0,"enemies":"Cultist","floor":1,"turns":3},{"damage":1,"enemies":"2 Louse","floor":2,"turns":3},{"damage":6,"enemies":"Jaw Worm","floor":4,"turns":2},{"damage":7,"enemies":"Looter","floor":5,"turns":4},{"damage":62,"enemies":"Gremlin Nob","floor":8,"turns":4}],"seed_played":"5759579004751765955","potions_obtained":[{"floor":4,"key":"SpeedPotion"}],"is_trial":false,"path_per_floor":["M","M","?","M","M","R","?","E"],"character_chosen":"DEFECT","items_purchased":[],"campfire_rested":0,"item_purchase_floors":[],"current_hp_per_floor":[75,74,74,68,61,61,61,0],"gold":159,"neow_bonus":"RANDOM_COLORLESS","is_prod":false,"is_daily":false,"chose_seed":false,"campfire_upgraded":1,"win_rate":0.0,"timestamp":1562432386,"path_taken":["M","?","?","M","?","R","?","E"],"build_version":"2019-07-05","purchased_purges":0,"victory":false,"max_hp_per_floor":[75,75,75,75,75,75,75,75],"card_choices":[{"not_picked":["Steam","Lockon"],"picked":"Compile Driver","floor":1},{"not_picked":["Force Field","Beam Cell"],"picked":"Ball Lightning","floor":2},{"not_picked":["Capacitor","Self Repair"],"picked":"All For One","floor":4},{"not_picked":["Hologram","Loop"],"picked":"Steam","floor":5}],"player_experience":94608,"relics_obtained":[],"event_choices":[{"cards_removed":["Strike_B"],"damage_healed":0,"gold_gain":0,"player_choice":"Took Card","damage_taken":0,"max_hp_gain":0,"max_hp_loss":0,"event_name":"NoteForYourself","floor":3,"gold_loss":0,"cards_obtained":["Iron Wave"]},{"damage_healed":0,"gold_gain":0,"player_choice":"Take Wound","damage_taken":0,"relics_obtained":["Golden Idol"],"max_hp_gain":0,"max_hp_loss":0,"event_name":"Golden Idol","floor":7,"gold_loss":0,"cards_obtained":["Injury"]}],"is_beta":false,"boss_relics":[],"items_purged_floors":[],"is_endless":false,"potions_floor_spawned":[4],"killed_by":"Gremlin Nob","ascension_level":0}