{"gold_per_floor":[115,115,130,148,160,160,178,191,191,191,203,203,219,230,230,328,328,343,354,365,290,290,290,300,300,325,337,349,395,419,447,459,572,584,610,622,6,25,44,44,69,69,69,69,80,11,31,44,44,44],"floor_reached":50,"playtime":2461,"items_purged":["Writhe"],"score":516,"play_id":"8baba1fd-8587-47a1-86bc-45b005d1b734","local_time":"20190430232208","is_ascension_mode":false,"campfire_choices":[{"data":"Cloak And Dagger","floor":6,"key":"SMITH"},{"floor":10,"key":"REST"},{"data":"Neutralize","floor":12,"key":"SMITH"},{"floor":15,"key":"RECALL"},{"data":"Adrenaline","floor":23,"key":"SMITH"},{"data":"Noxious Fumes","floor":25,"key":"SMITH"},{"data":"Bouncing Flask","floor":27,"key":"SMITH"},{"floor":32,"key":"REST"},{"data":"Envenom","floor":40,"key":"SMITH"},{"floor":42,"key":"REST"},{"floor":49,"key":"REST"}],"neow_cost":"PERCENT_DAMAGE","seed_source_timestamp":53861900489338,"circlet_count":0,"master_deck":["Defend_G","Defend_G","Defend_G","Defend_G","Defend_G","Strike_G","Strike_G","Strike_G","Strike_G","Survivor","Neutralize+1","Bouncing Flask+1","Backstab","Cloak And Dagger+1","Bane","Noxious Fumes+1","Bane","Escape Plan","Cloak And Dagger","Quick Slash","PiercingWail","Adrenaline+1","Dash","Well Laid Plans","Leg Sweep","Deadly Poison+1","Distraction+1","Flying Knee+1","Poisoned Stab","Envenom+1","Deadly Poison+1","Poisoned Stab","Blur","Footwork+1","Doubt","Caltrops","Deflect+1","PiercingWail+1","Prepared"],"relics":["Ring of the Snake","Dream Catcher","Cursed Key","Mummified Hand","MawBank","Spirit Poop","Pen Nib","Runic Pyramid","Letter Opener","Shuriken","Meat on the Bone","The Specimen"],"potions_floor_usage":[16,20,33,50,50,50],"damage_taken":[{"damage":0,"enemies":"2 Louse","floor":1,"turns":3},{"damage":1,"enemies":"Cultist","floor":3,"turns":4},{"damage":0,"enemies":"Jaw Worm","floor":4,"turns":2},{"damage":1,"enemies":"3 Louse","floor":5,"turns":4},{"damage":10,"enemies":"Looter","floor":7,"turns":2},{"damage":18,"enemies":"Exordium Thugs","floor":8,"turns":5},{"damage":0,"enemies":"3 Louse","floor":11,"turns":3},{"damage":2,"enemies":"Looter","floor":13,"turns":2},{"damage":0,"enemies":"Exordium Wildlife","floor":14,"turns":2},{"damage":8,"enemies":"The Guardian","floor":16,"turns":9},{"damage":11,"enemies":"2 Thieves","floor":18,"turns":4},{"damage":0,"enemies":"3 Byrds","floor":19,"turns":6},{"damage":13,"enemies":"Cultist and Chosen","floor":20,"turns":7},{"damage":12,"enemies":"Snecko","floor":24,"turns":6},{"damage":9,"enemies":"Book of Stabbing","floor":29,"turns":5},{"damage":8,"enemies":"Shelled Parasite and Fungi","floor":30,"turns":6},{"damage":12,"enemies":"Snake Plant","floor":31,"turns":4},{"damage":16,"enemies":"Collector","floor":33,"turns":9},{"damage":4,"enemies":"Orb Walker","floor":35,"turns":4},{"damage":0,"enemies":"3 Shapes","floor":38,"turns":3},{"damage":20,"enemies":"3 Darklings","floor":39,"turns":6},{"damage":15,"enemies":"Nemesis","floor":41,"turns":7},{"damage":0,"enemies":"Transient","floor":45,"turns":5},{"damage":16,"enemies":"Sphere and 2 Shapes","floor":47,"turns":4},{"damage":0,"enemies":"4 Shapes","floor":48,"turns":5},{"damage":84,"enemies":"Time Eater","floor":50,"turns":10}],"seed_played":"-3266052030687957839","potions_obtained":[{"floor":3,"key":"Dexterity Potion"},{"floor":5,"key":"FearPotion"},{"floor":11,"key":"Regen Potion"},{"floor":16,"key":"GhostInAJar"},{"floor":20,"key":"Weak Potion"},{"floor":30,"key":"Fire Potion"},{"floor":38,"key":"Swift Potion"},{"floor":48,"key":"PowerPotion"}],"is_trial":false,"path_per_floor":["M","?","M","M","M","R","M","M","T","R","M","R","M","M","R","B",null,"M","M","M","?","?","R","M","R","T","R","?","E","M","M","R","B",null,"M","?","$","M","M","R","E","R","T","?","M","$","M","M","R","B"],"character_chosen":"THE_SILENT","items_purchased":["Letter Opener","Shuriken","Poisoned Stab","Caltrops"],"campfire_rested":4,"item_purchase_floors":[37,37,37,46],"current_hp_per_floor":[63,63,62,62,61,61,51,33,33,58,58,58,56,56,56,63,84,73,73,60,60,60,60,48,48,48,48,48,39,31,19,44,28,84,80,80,80,80,60,60,45,69,69,69,69,69,53,53,77,0],"gold":44,"neow_bonus":"TWENTY_PERCENT_HP_BONUS","is_prod":false,"is_daily":false,"chose_seed":false,"campfire_upgraded":6,"win_rate":0,"timestamp":1556630528,"path_taken":["M","?","M","M","M","R","M","M","T","R","M","R","?","M","R","BOSS","M","M","M","?","?","R","M","R","T","R","?","E","M","M","R","BOSS","M","?","$","M","M","R","E","R","T","?","M","$","M","M","R","BOSS"],"build_version":"2019-01-23","purchased_purges":1,"victory":false,"max_hp_per_floor":[84,84,84,84,84,84,84,84,84,84,84,84,84,84,84,84,84,84,84,84,84,84,84,84,84,84,84,84,84,84,84,84,84,84,84,80,80,80,80,80,80,80,80,80,80,80,80,80,80,80],"card_choices":[{"not_picked":["Flying Knee","Sucker Punch"],"picked":"Bouncing Flask","floor":1},{"not_picked":["Dagger Throw","Poisoned Stab"],"picked":"Backstab","floor":3},{"not_picked":["Underhanded Strike","Outmaneuver"],"picked":"Cloak And Dagger","floor":4},{"not_picked":["Terror","Outmaneuver"],"picked":"Bane","floor":5},{"not_picked":["Prepared","Accuracy"],"picked":"Noxious Fumes","floor":7},{"not_picked":["Expertise","Blade Dance"],"picked":"Bane","floor":8},{"not_picked":["Prepared","Eviscerate"],"picked":"Escape Plan","floor":10},{"not_picked":["Finisher","Bane"],"picked":"Cloak And Dagger","floor":11},{"not_picked":["Outmaneuver","Masterful Stab"],"picked":"Quick Slash","floor":13},{"not_picked":["Flying Knee","Masterful Stab"],"picked":"PiercingWail","floor":14},{"not_picked":["Grand Finale","Bullet Time"],"picked":"Adrenaline","floor":16},{"not_picked":["Eviscerate","Bane+1"],"picked":"Dash","floor":18},{"not_picked":["Endless Agony+1","Quick Slash+1"],"picked":"Well Laid Plans","floor":19},{"not_picked":["Blade Dance","Outmaneuver"],"picked":"Leg Sweep","floor":20},{"not_picked":["Bane","Prepared"],"picked":"Deadly Poison+1","floor":24},{"not_picked":["Bane","Poisoned Stab"],"picked":"Distraction+1","floor":29},{"not_picked":["Deadly Poison","A Thousand Cuts"],"picked":"Flying Knee+1","floor":30},{"not_picked":["Backflip","Flying Knee"],"picked":"Poisoned Stab","floor":31},{"not_picked":["Storm of Steel","Malaise"],"picked":"Envenom","floor":33},{"not_picked":["Blade Dance+1","Sucker Punch"],"picked":"Deadly Poison+1","floor":35},{"not_picked":["Tactician+1","Leg Sweep"],"picked":"Blur","floor":38},{"not_picked":["Sucker Punch","Poisoned Stab"],"picked":"Dagger Throw+1","floor":39},{"not_picked":["Flying Knee","Quick Slash"],"picked":"Footwork+1","floor":41},{"not_picked":["Flying Knee","Deadly Poison+1","Flechettes"],"picked":"SKIP","floor":45},{"not_picked":["Unload","Bane+1"],"picked":"Deflect+1","floor":47},{"not_picked":["Blade Dance+1","Slice"],"picked":"PiercingWail+1","floor":48},{"not_picked":["Slice","Deadly Poison+1"],"picked":"Prepared","floor":49}],"player_experience":546104,"relics_obtained":[{"floor":9,"key":"Dream Catcher"},{"floor":26,"key":"MawBank"},{"floor":29,"key":"Pen Nib"},{"floor":41,"key":"Meat on the Bone"},{"floor":43,"key":"The Specimen"}],"event_choices":[{"damage_healed":0,"gold_gain":0,"player_choice":"Bought 0 Potions","damage_taken":0,"max_hp_gain":0,"max_hp_loss":0,"event_name":"The Woman in Blue","floor":2,"gold_loss":0},{"cards_removed":["Strike_G"],"damage_healed":0,"gold_gain":0,"player_choice":"Gave Gold","damage_taken":0,"max_hp_gain":0,"max_hp_loss":0,"event_name":"Beggar","floor":21,"gold_loss":75},{"damage_healed":0,"gold_gain":0,"player_choice":"Opened","damage_taken":0,"relics_obtained":["Mummified Hand"],"max_hp_gain":0,"max_hp_loss":0,"event_name":"The Mausoleum","floor":22,"gold_loss":0,"cards_obtained":["Writhe"]},{"cards_removed":["Doubt"],"damage_healed":0,"gold_gain":0,"player_choice":"Offered Curse","damage_taken":0,"relics_obtained":["Spirit Poop"],"max_hp_gain":0,"max_hp_loss":0,"event_name":"Bonfire Elementals","floor":28,"gold_loss":0},{"damage_healed":0,"gold_gain":0,"player_choice":"Max HP","damage_taken":0,"max_hp_gain":0,"max_hp_loss":4,"event_name":"Winding Halls","floor":36,"gold_loss":0},{"cards_removed":["Dagger Throw"],"damage_healed":0,"gold_gain":0,"player_choice":"Removed Attack","damage_taken":0,"max_hp_gain":0,"max_hp_loss":0,"event_name":"Falling","floor":44,"gold_loss":0}],"is_beta":false,"boss_relics":[{"not_picked":["Tiny House","Pandora\u0027s Box"],"picked":"Cursed Key"},{"not_picked":["Astrolabe","WristBlade"],"picked":"Runic Pyramid"}],"items_purged_floors":[37],"is_endless":false,"potions_floor_spawned":[3,5,11,14,16,19,20,24,30,38,41,45,48],"killed_by":"Time Eater","ascension_level":0}