{"gold_per_floor":[112,112,112,127,147,147,173,191,191,205,205,280,308,105,105,181,181,201,201,73,73],"floor_reached":21,"playtime":866,"items_purged":[],"score":396,"play_id":"af877ce1-4a30-4fd1-88e0-5a1c10e79ddf","local_time":"20190704165850","is_ascension_mode":true,"campfire_choices":[{"data":"Feed","floor":6,"key":"SMITH"},{"data":"Flame Barrier","floor":11,"key":"SMITH"},{"data":"Whirlwind","floor":15,"key":"SMITH"}],"neow_cost":"NONE","seed_source_timestamp":1742140503379193,"circlet_count":0,"master_deck":["AscendersBane","Strike_R","Strike_R","Strike_R","Defend_R","Defend_R","Defend_R","Defend_R","Bash","Infernal Blade","Ghostly Armor","Feed+1","Flame Barrier+1","Headbutt","Corruption","Feel No Pain","Whirlwind+1","Barricade","Necronomicurse","Shockwave","Enlightenment"],"relics":["Burning Blood","NeowsBlessing","Gremlin Horn","Mercury Hourglass","Ancient Tea Set","Busted Crown","Necronomicon"],"potions_floor_usage":[7,16,16],"damage_taken":[{"damage":0,"enemies":"2 Louse","floor":1,"turns":1},{"damage":0,"enemies":"Small Slimes","floor":4,"turns":1},{"damage":0,"enemies":"Cultist","floor":5,"turns":1},{"damage":38,"enemies":"Lagavulin","floor":7,"turns":7},{"damage":0,"enemies":"2 Fungi Beasts","floor":8,"turns":5},{"damage":11,"enemies":"Large Slime","floor":10,"turns":3},{"damage":0,"enemies":"3 Sentries","floor":13,"turns":5},{"damage":33,"enemies":"Slime Boss","floor":16,"turns":6},{"damage":20,"enemies":"3 Byrds","floor":18,"turns":4},{"damage":0,"enemies":"Shell Parasite","floor":21,"turns":1}],"seed_played":"93324264195128271","potions_obtained":[{"floor":1,"key":"FearPotion"},{"floor":7,"key":"Regen Potion"},{"floor":8,"key":"Swift Potion"}],"is_trial":false,"path_per_floor":["M","?","?","M","M","R","E","M","T","M","R","?","E","$","R","B",null,"M","?","$","M"],"character_chosen":"IRONCLAD","items_purchased":["Feel No Pain","Strength Potion","Whirlwind","Shockwave","Enlightenment"],"campfire_rested":0,"item_purchase_floors":[14,14,14,20,20],"current_hp_per_floor":[74,67,67,73,75,75,47,57,57,56,56,45,55,55,55,43,79,69,48,48,48],"gold":73,"neow_bonus":"THREE_ENEMY_KILL","is_prod":false,"is_daily":false,"chose_seed":false,"campfire_upgraded":3,"win_rate":0,"timestamp":1562227130,"path_taken":["M","?","?","M","?","R","E","M","T","M","R","?","E","$","R","BOSS","M","?","$","M"],"build_version":"2019-07-01","purchased_purges":0,"victory":false,"max_hp_per_floor":[75,75,75,75,75,75,79,83,83,87,87,87,91,91,91,91,91,95,95,95,95],"card_choices":[{"not_picked":["Rupture","Havoc","Sword Boomerang"],"picked":"SKIP","floor":1},{"not_picked":["Rupture","Rage"],"picked":"Ghostly Armor","floor":4},{"not_picked":["Sword Boomerang","Hemokinesis"],"picked":"Feed","floor":5},{"not_picked":["Exhume","True Grit"],"picked":"Flame Barrier","floor":7},{"not_picked":["Searing Blow","Cleave"],"picked":"Headbutt","floor":8},{"not_picked":["Twin Strike","Heavy Blade","Power Through"],"picked":"SKIP","floor":10},{"not_picked":["Twin Strike","Heavy Blade","Power Through"],"picked":"SKIP","floor":10},{"not_picked":["Shrug It Off","Clash"],"picked":"Corruption","floor":13},{"not_picked":["Juggernaut","Brutality"],"picked":"Barricade","floor":16},{"not_picked":["Cleave"],"picked":"SKIP","floor":18}],"player_experience":1071006,"relics_obtained":[{"floor":7,"key":"Gremlin Horn"},{"floor":9,"key":"Mercury Hourglass"},{"floor":13,"key":"Ancient Tea Set"},{"floor":19,"key":"Necronomicon"}],"event_choices":[{"cards_removed":["Strike_R"],"damage_healed":0,"gold_gain":0,"player_choice":"Card Removal","damage_taken":7,"max_hp_gain":0,"max_hp_loss":0,"event_name":"Golden Wing","floor":2,"gold_loss":0},{"damage_healed":0,"gold_gain":0,"cards_transformed":["Strike_R"],"player_choice":"Transformed","damage_taken":0,"max_hp_gain":0,"max_hp_loss":0,"event_name":"Transmorgrifier","floor":3,"gold_loss":0,"cards_obtained":["Infernal Blade"]},{"damage_healed":0,"gold_gain":75,"player_choice":"Gather Gold","damage_taken":11,"max_hp_gain":0,"max_hp_loss":0,"event_name":"World of Goop","floor":12,"gold_loss":0},{"damage_healed":0,"gold_gain":0,"player_choice":"Obtained Book","damage_taken":21,"max_hp_gain":0,"max_hp_loss":0,"event_name":"Cursed Tome","floor":19,"gold_loss":0}],"is_beta":false,"boss_relics":[{"not_picked":["Empty Cage","Mark of Pain"],"picked":"Busted Crown"}],"items_purged_floors":[],"is_endless":false,"potions_floor_spawned":[1,7,8,13],"killed_by":"Shell Parasite","ascension_level":15}