{"gold_per_floor":[10,28,41,57,34,34,61,61,109,135,135,135,18,31,31,129,129,145,161,161,7,23,23,23],"floor_reached":24,"playtime":998,"items_purged":[],"score":307,"play_id":"c3245630-46d7-49bf-a25b-ee2863db20e0","local_time":"20190424064102","is_ascension_mode":true,"campfire_choices":[{"data":"Cloak And Dagger","floor":6,"key":"SMITH"},{"floor":8,"key":"REST"},{"floor":11,"key":"REST"},{"data":"Envenom","floor":15,"key":"SMITH"},{"floor":23,"key":"REST"}],"neow_cost":"NO_GOLD","seed_source_timestamp":75489768390901,"circlet_count":0,"master_deck":["Defend_G","Defend_G","Defend_G","Defend_G","Defend_G","Strike_G","Strike_G","Strike_G","Strike_G","Survivor","Neutralize","Accuracy","Backflip","Cloak And Dagger+1","Deflect","Envenom+1","Bane","Noxious Fumes","Crippling Poison","Poisoned Stab","After Image","Blur"],"relics":["Ring of the Snake","Gambling Chip","Question Card","Smiling Mask","Strawberry","Sundial","Black Star","Pen Nib"],"potions_floor_usage":[3,7,7,16,16,16,22,22,24],"damage_taken":[{"damage":1,"enemies":"Cultist","floor":1,"turns":4},{"damage":7,"enemies":"2 Louse","floor":2,"turns":3},{"damage":2,"enemies":"Jaw Worm","floor":3,"turns":4},{"damage":1,"enemies":"Exordium Wildlife","floor":4,"turns":4},{"damage":36,"enemies":"Lagavulin","floor":7,"turns":9},{"damage":29,"enemies":"Gremlin Nob","floor":10,"turns":5},{"damage":5,"enemies":"Blue Slaver","floor":14,"turns":5},{"damage":0,"enemies":"Slime Boss","floor":16,"turns":10},{"damage":24,"enemies":"Spheric Guardian","floor":18,"turns":7},{"damage":16,"enemies":"Chosen","floor":19,"turns":7},{"damage":8,"enemies":"Snake Plant","floor":22,"turns":6},{"damage":61,"enemies":"Gremlin Leader","floor":24,"turns":4}],"seed_played":"6901245576698957544","potions_obtained":[{"floor":1,"key":"PowerPotion"},{"floor":2,"key":"SteroidPotion"},{"floor":4,"key":"GamblersBrew"},{"floor":10,"key":"EntropicBrew"},{"floor":18,"key":"Energy Potion"},{"floor":22,"key":"Fire Potion"}],"is_trial":false,"path_per_floor":["M","M","M","M","$","R","E","R","T","E","R","T","$","M","R","B",null,"M","M","?","$","M","R","E"],"character_chosen":"THE_SILENT","items_purchased":["Deflect","Noxious Fumes","Crippling Poison","Pen Nib"],"campfire_rested":3,"item_purchase_floors":[5,13,13,21],"current_hp_per_floor":[69,62,60,59,59,59,23,44,44,22,45,45,45,40,40,40,77,53,37,37,37,29,52,0],"gold":23,"neow_bonus":"ONE_RARE_RELIC","is_prod":false,"is_daily":false,"chose_seed":false,"campfire_upgraded":2,"win_rate":0,"timestamp":1556052062,"path_taken":["M","?","M","M","$","R","E","R","T","E","R","?","?","?","R","BOSS","M","M","?","$","M","R","E"],"build_version":"2019-01-23","purchased_purges":0,"victory":false,"max_hp_per_floor":[70,70,70,70,70,70,70,70,70,77,77,77,77,77,77,77,77,77,77,77,77,77,77,77],"card_choices":[{"not_picked":["Setup","Accuracy","Dash"],"picked":"SKIP","floor":1},{"not_picked":["Terror","Slice"],"picked":"Accuracy","floor":2},{"not_picked":["Outmaneuver","Deadly Poison"],"picked":"Backflip","floor":3},{"not_picked":["Flying Knee","Sucker Punch"],"picked":"Cloak And Dagger","floor":4},{"not_picked":["Bane","Skewer"],"picked":"Envenom","floor":7},{"not_picked":["Acrobatics","Endless Agony","Deadly Poison"],"picked":"Bane","floor":10},{"not_picked":["Reflex","Accuracy","Acrobatics"],"picked":"Poisoned Stab","floor":14},{"not_picked":["Storm of Steel","Night Terror","Envenom"],"picked":"After Image","floor":16},{"not_picked":["Terror","Outmaneuver+1","PiercingWail","Flying Knee"],"picked":"SKIP","floor":18},{"not_picked":["Outmaneuver","Prepared","Flying Knee+1"],"picked":"Blur","floor":19},{"not_picked":["Masterful Stab","Poisoned Stab","Blade Dance","Quick Slash+1"],"picked":"SKIP","floor":22}],"player_experience":452678,"relics_obtained":[{"floor":7,"key":"Question Card"},{"floor":9,"key":"Smiling Mask"},{"floor":10,"key":"Strawberry"},{"floor":12,"key":"Sundial"}],"event_choices":[{"cards_removed":["Strike_G"],"damage_healed":0,"gold_gain":0,"player_choice":"Offered Basic","damage_taken":0,"max_hp_gain":0,"max_hp_loss":0,"event_name":"Bonfire Elementals","floor":20,"gold_loss":0}],"is_beta":false,"boss_relics":[{"not_picked":["Calling Bell","Fusion Hammer"],"picked":"Black Star"}],"items_purged_floors":[],"is_endless":false,"potions_floor_spawned":[1,2,4,10,18,22],"killed_by":"Gremlin Leader","ascension_level":4}