{"gold_per_floor":[13,27,327,23,23,23,23,43,43,43,43,43,57,72,72,175,175,194,194,209,220,320,346,346,357,384,403,423,348,348,48,48,153,153,172,0,0,17,117,117,147,147,147,161,36,51,51,62,62,62],"floor_reached":51,"playtime":2138,"items_purged":["Regret","Strike_G","Writhe"],"score":856,"play_id":"a8e336eb-6feb-4d83-90f7-2c5b7ceb64e9","local_time":"20190114175020","is_ascension_mode":true,"campfire_choices":[{"data":"Venomology","floor":6.0,"key":"SMITH"},{"data":"Sucker Punch","floor":11.0,"key":"SMITH"},{"data":"Blade Dance","floor":15.0,"key":"SMITH"},{"floor":24.0,"key":"REST"},{"floor":30.0,"key":"REST"},{"floor":32.0,"key":"REST"},{"data":"Storm of Steel","floor":40,"key":"SMITH"},{"data":"Malaise","floor":42,"key":"SMITH"},{"floor":49,"key":"REST"}],"neow_cost":"NO_GOLD","seed_source_timestamp":443793182056339,"circlet_count":0,"master_deck":["Survivor","Neutralize","Deadly Poison","Sucker Punch+1","Venomology+1","Dash","Blade Dance+1","Malaise+1","Footwork+1","Slice+1","Backflip+1","Quick Slash","Underhanded Strike","Tools of the Trade","Storm of Steel+1","Footwork","Dagger Throw","Cloak And Dagger+1","Distraction+1","Finisher+1","Infinite Blades+1","Flash of Steel"],"special_seed":0,"relics":["Ring of the Snake","Old Coin","Ice Cream","Paper Crane","Ninja Scroll","Shuriken","WristBlade","MutagenicStrength","Torii","Bottled Flame","Bag of Preparation","Ancient Tea Set","ClockworkSouvenir","Pandora\u0027s Box","Red Mask","Prayer Wheel","Snake Skull","Dodecahedron"],"potions_floor_usage":[33,33,35,38,41,44,44,50,50,50],"damage_taken":[{"damage":4.0,"enemies":"Small Slimes","floor":1.0,"turns":3.0},{"damage":0.0,"enemies":"2 Louse","floor":2.0,"turns":2.0},{"damage":2.0,"enemies":"Jaw Worm","floor":8.0,"turns":4.0},{"damage":0.0,"enemies":"2 Fungi Beasts","floor":13.0,"turns":4.0},{"damage":0.0,"enemies":"Exordium Wildlife","floor":14.0,"turns":2.0},{"damage":29.0,"enemies":"The Guardian","floor":16.0,"turns":10.0},{"damage":2.0,"enemies":"Shell Parasite","floor":18.0,"turns":4.0},{"damage":0.0,"enemies":"Chosen","floor":20.0,"turns":2.0},{"damage":1.0,"enemies":"Snecko","floor":21.0,"turns":3.0},{"damage":8.0,"enemies":"Colosseum Slavers","floor":22.0,"turns":4.0},{"damage":26.0,"enemies":"Colosseum Nobs","floor":22.0,"turns":5.0},{"damage":24.0,"enemies":"Slavers","floor":23.0,"turns":5.0},{"damage":2.0,"enemies":"3 Cultists","floor":25.0,"turns":5.0},{"damage":7.0,"enemies":"Shelled Parasite and Fungi","floor":27.0,"turns":4.0},{"damage":3.0,"enemies":"Centurion and Healer","floor":28.0,"turns":5.0},{"damage":0,"enemies":"Automaton","floor":33,"turns":1},{"damage":35,"enemies":"3 Shapes","floor":35,"turns":4},{"damage":0,"enemies":"Orb Walker","floor":38,"turns":1},{"damage":0,"enemies":"Mind Bloom Boss Battle","floor":39,"turns":3},{"damage":1,"enemies":"Nemesis","floor":41,"turns":3},{"damage":1,"enemies":"4 Shapes","floor":44,"turns":2},{"damage":0,"enemies":"Sphere and 2 Shapes","floor":46,"turns":4},{"damage":0,"enemies":"Transient","floor":48,"turns":5},{"damage":6,"enemies":"Awakened One","floor":50,"turns":6}],"seed_played":"-2642857406373148853","potions_obtained":[{"floor":1.0,"key":"Regen Potion"},{"floor":16.0,"key":"GhostInAJar"},{"floor":18.0,"key":"GhostInAJar"},{"floor":22.0,"key":"PowerPotion"},{"floor":38,"key":"AttackPotion"},{"floor":41,"key":"Explosive Potion"}],"is_trial":false,"path_per_floor":["M","M","?","$","?","R","?","M","T","T","R","$","M","M","R","B",null,"M","?","M","M","?","E","R","M","T","M","M","$","R","$","R","B",null,"M","?","?","M","?","R","E","R","T","M","$","M","?","M","R","B",null],"character_chosen":"THE_SILENT","items_purchased":["Ice Cream","ClockworkSouvenir"],"campfire_rested":4,"item_purchase_floors":[4,31],"current_hp_per_floor":[66,66,59,59,59,59,52,50,50,50,50,50,62,62,62,33,70,68,68,68,67,33,9,30,28,28,21,18,18,39,39,60,60,70,44,44,62,62,62,62,61,61,61,60,60,60,60,60,70,64],"gold":62,"neow_bonus":"TRANSFORM_TWO_CARDS","is_prod":false,"is_daily":false,"chose_seed":false,"campfire_upgraded":5,"win_rate":0,"timestamp":1547506220,"path_taken":["M","M","?","$","?","R","?","M","T","?","R","?","?","M","R","BOSS","M","?","M","M","?","E","R","?","T","M","M","$","R","$","R","BOSS","M","?","?","M","?","R","E","R","T","M","?","?","?","M","R","BOSS"],"build_version":"2019-01-10","purchased_purges":3,"victory":true,"max_hp_per_floor":[70,70,70,70,70,70,70,70,70,70,70,70,70,70,70,70,70,70,70,70,70,70,70,70,70,70,70,70,70,70,70,70,70,70,70,70,70,70,70,70,70,70,70,70,70,70,70,70,70,70],"card_choices":[{"not_picked":["Well Laid Plans","Dagger Throw","Cloak And Dagger"],"picked":"SKIP","floor":1.0},{"not_picked":["Blade Dance","Quick Slash"],"picked":"Venomology","floor":2.0},{"not_picked":["Prepared","Underhanded Strike"],"picked":"Dash","floor":8.0},{"not_picked":["Slice","Eviscerate"],"picked":"Blade Dance","floor":13.0},{"not_picked":["Endless Agony","Crippling Poison","Outmaneuver"],"picked":"SKIP","floor":14.0},{"not_picked":["Unload","Wraith Form v2"],"picked":"Malaise","floor":16.0},{"not_picked":["Acrobatics","Crippling Poison","Deadly Poison"],"picked":"SKIP","floor":18.0},{"not_picked":["Tactician","Setup"],"picked":"Footwork+1","floor":20.0},{"not_picked":["Catalyst+1","Escape Plan"],"picked":"Slice+1","floor":21.0},{"not_picked":["Dagger Spray","Prepared"],"picked":"Backflip+1","floor":22.0},{"not_picked":["Flying Knee","Slice","Prepared"],"picked":"SKIP","floor":23.0},{"not_picked":["Backstab","Sucker Punch","Leg Sweep"],"picked":"SKIP","floor":25.0},{"not_picked":["Bane+1","After Image","Quick Slash"],"picked":"SKIP","floor":27.0},{"not_picked":["Quick Slash","Acrobatics","Bane"],"picked":"SKIP","floor":28.0},{"not_picked":["Prepared+1","Underhanded Strike+1"],"picked":"Cloak And Dagger+1","floor":35},{"not_picked":["Reflex+1","Deadly Poison+1","Backflip"],"picked":"SKIP","floor":38},{"not_picked":["Die Die Die","Blur"],"picked":"Distraction+1","floor":41},{"not_picked":["Bane","Setup"],"picked":"Finisher+1","floor":44},{"not_picked":["Endless Agony+1","Poisoned Stab+1","Crippling Poison+1"],"picked":"SKIP","floor":44},{"not_picked":["Bane","Expertise+1"],"picked":"Infinite Blades+1","floor":46},{"not_picked":["Slice+1","Blade Dance+1","Underhanded Strike"],"picked":"SKIP","floor":46},{"not_picked":["Blind","Chrysalis"],"picked":"Flash of Steel","floor":47},{"not_picked":["Masterful Stab+1","Outmaneuver","Sucker Punch"],"picked":"SKIP","floor":48},{"not_picked":["Blur+1","Deadly Poison+1","Distraction+1"],"picked":"SKIP","floor":48}],"player_experience":75560,"relics_obtained":[{"floor":9.0,"key":"Ninja Scroll"},{"floor":10.0,"key":"Shuriken"},{"floor":22.0,"key":"Torii"},{"floor":22.0,"key":"Bottled Flame"},{"floor":23.0,"key":"Bag of Preparation"},{"floor":26.0,"key":"Ancient Tea Set"},{"floor":39,"key":"Prayer Wheel"},{"floor":41,"key":"Snake Skull"},{"floor":43,"key":"Dodecahedron"}],"event_choices":[{"damage_healed":0.0,"max_hp_gain":0.0,"max_hp_loss":0.0,"gold_gain":0.0,"event_name":"Scrap Ooze","player_choice":"Success","floor":3.0,"gold_loss":0.0,"damage_taken":7.0,"relics_obtained":["Old Coin"]},{"damage_healed":0.0,"max_hp_gain":0.0,"max_hp_loss":0.0,"gold_gain":0.0,"event_name":"Big Fish","player_choice":"Box","floor":5.0,"gold_loss":0.0,"damage_taken":0.0,"relics_obtained":["Paper Crane"],"cards_obtained":["Regret"]},{"cards_removed":["Strike_G"],"damage_healed":0.0,"max_hp_gain":0.0,"max_hp_loss":0.0,"gold_gain":0.0,"event_name":"Golden Wing","player_choice":"Card Removal","floor":7.0,"gold_loss":0.0,"damage_taken":7.0},{"damage_healed":0.0,"max_hp_gain":0.0,"max_hp_loss":0.0,"gold_gain":0.0,"event_name":"Drug Dealer","player_choice":"Inject Mutagens","floor":19.0,"gold_loss":0.0,"damage_taken":0.0,"relics_obtained":["MutagenicStrength"]},{"damage_healed":0.0,"max_hp_gain":0.0,"max_hp_loss":0.0,"gold_gain":0.0,"event_name":"Colosseum","player_choice":"Fight","floor":22.0,"gold_loss":0.0,"damage_taken":0.0},{"damage_healed":0.0,"max_hp_gain":0.0,"max_hp_loss":0.0,"gold_gain":0.0,"event_name":"Colosseum","player_choice":"Fought Nobs","floor":22.0,"gold_loss":0.0,"damage_taken":0.0},{"damage_healed":0,"gold_gain":0,"player_choice":"Paid","damage_taken":0,"relics_obtained":["Red Mask"],"max_hp_gain":0,"max_hp_loss":0,"event_name":"Tomb of Lord Red Mask","floor":36,"gold_loss":172},{"damage_healed":18,"gold_gain":0,"player_choice":"Writhe","damage_taken":0,"max_hp_gain":0,"max_hp_loss":0,"event_name":"Winding Halls","floor":37,"gold_loss":0,"cards_obtained":["Writhe"]},{"damage_healed":0,"gold_gain":0,"player_choice":"Fight","damage_taken":0,"max_hp_gain":0,"max_hp_loss":0,"event_name":"MindBloom","floor":39,"gold_loss":0},{"damage_healed":0,"gold_gain":0,"player_choice":"Memory 1","damage_taken":0,"max_hp_gain":0,"max_hp_loss":0,"event_name":"SensoryStone","floor":47,"gold_loss":0}],"is_beta":false,"boss_relics":[{"not_picked":["HoveringKite","Velvet Choker"],"picked":"WristBlade"},{"not_picked":["Busted Crown","Calling Bell"],"picked":"Pandora\u0027s Box"}],"items_purged_floors":[29,31,45],"is_endless":false,"potions_floor_spawned":[1,16,18,22,22,27,28,38,41,46],"ascension_level":2}