{"gold_per_floor":[110,110,134,309,328,364,388,121,121,139,139,164,164,197,197,318,318,337,94,94,107,123,123],"floor_reached":23,"playtime":1064,"items_purged":["Doubt","Strike_R"],"score":254,"play_id":"3bab4e6c-2f63-42db-b55c-6fe7c5d029db","local_time":"20190125204139","is_ascension_mode":true,"campfire_choices":[{"floor":11,"key":"REST"},{"data":"Flame Barrier","floor":13,"key":"SMITH"},{"floor":15,"key":"REST"}],"neow_cost":"NONE","seed_source_timestamp":725525784932462,"circlet_count":0,"master_deck":["Strike_R","Strike_R","Strike_R","Strike_R","Defend_R","Defend_R","Defend_R","Defend_R","Bash","Clash","Clash","Shrug It Off","Flame Barrier+1","Headbutt","Clothesline","Rage","Disarm","Metallicize","Impervious","Rampage"],"relics":["Burning Blood","Golden Idol","Centennial Puzzle","HandDrill","Bottled Flame","Letter Opener","Black Star","PreservedInsect"],"potions_floor_usage":[6,14,21,21,23,23],"damage_taken":[{"damage":7,"enemies":"Jaw Worm","floor":1,"turns":2},{"damage":0,"enemies":"Cultist","floor":3,"turns":2},{"damage":11,"enemies":"2 Louse","floor":5,"turns":3},{"damage":32,"enemies":"3 Sentries","floor":6,"turns":14},{"damage":0,"enemies":"Looter","floor":7,"turns":2},{"damage":10,"enemies":"Large Slime","floor":10,"turns":7},{"damage":10,"enemies":"Gremlin Gang","floor":12,"turns":4},{"damage":13,"enemies":"Gremlin Nob","floor":14,"turns":5},{"damage":69,"enemies":"Hexaghost","floor":16,"turns":18},{"damage":1,"enemies":"Shell Parasite","floor":18,"turns":7},{"damage":15,"enemies":"3 Byrds","floor":21,"turns":7},{"damage":37,"enemies":"Centurion and Healer","floor":22,"turns":13},{"damage":42,"enemies":"Slavers","floor":23,"turns":5}],"seed_played":"-4671498290761859886","potions_obtained":[{"floor":5,"key":"SkillPotion"},{"floor":7,"key":"Explosive Potion"},{"floor":14,"key":"Fruit Juice"},{"floor":16,"key":"Swift Potion"},{"floor":18,"key":"Weak Potion"},{"floor":22,"key":"BloodPotion"}],"is_trial":false,"path_per_floor":["M","?","M","?","M","E","M","$","T","M","R","M","R","E","R","B",null,"M","$","?","M","M","E"],"character_chosen":"IRONCLAD","items_purchased":["HandDrill","PreservedInsect"],"campfire_rested":2,"item_purchase_floors":[8,19],"current_hp_per_floor":[79,59,65,65,60,34,40,40,40,36,60,56,56,54,79,16,68,73,73,73,64,33,0],"gold":123,"neow_bonus":"THREE_CARDS","is_prod":false,"is_daily":false,"chose_seed":false,"campfire_upgraded":1,"win_rate":0,"timestamp":1548466899,"path_taken":["M","?","M","?","M","E","M","?","T","M","R","M","R","E","R","BOSS","M","$","?","M","M","E"],"build_version":"2019-01-23","purchased_purges":2,"victory":false,"max_hp_per_floor":[80,80,80,80,80,80,80,80,80,80,80,80,80,85,85,85,85,85,85,85,85,85,85],"card_choices":[{"not_picked":["Wild Strike","Flex"],"picked":"Clash","floor":0},{"not_picked":["Wild Strike","Cleave"],"picked":"Clash","floor":1},{"not_picked":["Clash","Iron Wave"],"picked":"Shrug It Off","floor":3},{"not_picked":["Perfected Strike","Rupture"],"picked":"Flame Barrier","floor":5},{"not_picked":["Limit Break","Iron Wave"],"picked":"Headbutt","floor":6},{"not_picked":["Iron Wave","Blood for Blood"],"picked":"Clothesline","floor":7},{"not_picked":["Blood for Blood","Havoc"],"picked":"Rage","floor":10},{"not_picked":["Twin Strike","Bludgeon"],"picked":"Disarm","floor":12},{"not_picked":["Warcry","Thunderclap"],"picked":"Metallicize","floor":14},{"not_picked":["Immolate","Fiend Fire"],"picked":"Impervious","floor":16},{"not_picked":["Shrug It Off","Entrench"],"picked":"Rampage","floor":18},{"not_picked":["Searing Blow","True Grit+1","Sentinel"],"picked":"SKIP","floor":21},{"not_picked":["Twin Strike","Heavy Blade","Barricade"],"picked":"SKIP","floor":22}],"player_experience":114581,"relics_obtained":[{"floor":6,"key":"Centennial Puzzle"},{"floor":9,"key":"Bottled Flame"},{"floor":14,"key":"Letter Opener"}],"event_choices":[{"damage_healed":0,"gold_gain":0,"player_choice":"Take Damage","damage_taken":20,"relics_obtained":["Golden Idol"],"max_hp_gain":0,"max_hp_loss":0,"event_name":"Golden Idol","floor":2,"gold_loss":0},{"damage_healed":0,"gold_gain":175,"player_choice":"AGREE","damage_taken":0,"max_hp_gain":0,"max_hp_loss":0,"event_name":"Liars Game","floor":4,"gold_loss":0,"cards_obtained":["Doubt"]},{"damage_healed":0,"gold_gain":0,"player_choice":"Ignored","damage_taken":0,"max_hp_gain":0,"max_hp_loss":0,"event_name":"N\u0027loth","floor":20,"gold_loss":0}],"is_beta":false,"boss_relics":[{"not_picked":["Mark of Pain","Tiny House"],"picked":"Black Star"}],"items_purged_floors":[8,19],"is_endless":false,"potions_floor_spawned":[5,7,14,16,18,22],"killed_by":"Slavers","ascension_level":5}