{"gold_per_floor":[110,110,129,149,167,167,177,177,177,212,212,223,223,251,251,351,351,368,28,38,38],"floor_reached":21,"playtime":894,"items_purged":[],"score":248,"play_id":"beb3142f-c64d-414b-9009-e0a9bea967dc","local_time":"20190519011359","is_ascension_mode":true,"campfire_choices":[{"data":"Intimidate","floor":6,"key":"SMITH"},{"data":"Body Slam","floor":8,"key":"SMITH"},{"data":"Bash","floor":11,"key":"SMITH"},{"data":"Wild Strike","floor":15,"key":"SMITH"}],"neow_cost":"NONE","seed_source_timestamp":22262844969465,"circlet_count":0,"master_deck":["Strike_R","Strike_R","Strike_R","Strike_R","Defend_R","Defend_R+1","Defend_R+1","Defend_R","Bash+1","Juggernaut","Intimidate+1","Metallicize","Wild Strike+1","Body Slam+1","Evolve","Ghostly Armor","Sever Soul","Metallicize","Power Through","Impervious","Whirlwind","Shrug It Off","Battle Trance"],"relics":["Burning Blood","War Paint","Strawberry","Blue Candle","Eternal Feather","Membership Card","Shuriken"],"potions_floor_usage":[7,16,16,20,21],"damage_taken":[{"damage":1,"enemies":"Cultist","floor":1,"turns":3},{"damage":1,"enemies":"2 Louse","floor":3,"turns":3},{"damage":9,"enemies":"Jaw Worm","floor":4,"turns":4},{"damage":16,"enemies":"3 Louse","floor":5,"turns":5},{"damage":24,"enemies":"Lots of Slimes","floor":7,"turns":4},{"damage":7,"enemies":"Lagavulin","floor":10,"turns":7},{"damage":10,"enemies":"Large Slime","floor":12,"turns":5},{"damage":7,"enemies":"Gremlin Nob","floor":14,"turns":5},{"damage":12,"enemies":"Slime Boss","floor":16,"turns":12},{"damage":10,"enemies":"Spheric Guardian","floor":18,"turns":5},{"damage":50,"enemies":"3 Byrds","floor":20,"turns":5},{"damage":46,"enemies":"3 Cultists","floor":21,"turns":6}],"seed_played":"-211075582111607077","potions_obtained":[{"floor":3,"key":"LiquidBronze"},{"floor":5,"key":"FearPotion"},{"floor":12,"key":"LiquidBronze"},{"floor":14,"key":"Explosive Potion"},{"floor":18,"key":"Dexterity Potion"}],"is_trial":false,"path_per_floor":["M","?","M","M","M","R","M","R","T","E","R","M","?","E","R","B",null,"M","$","M","M"],"character_chosen":"IRONCLAD","items_purchased":["Membership Card","Shuriken","Shrug It Off"],"campfire_rested":0,"item_purchase_floors":[19,19,19],"current_hp_per_floor":[77,77,80,77,67,67,49,49,49,55,55,51,80,79,79,73,84,80,80,36,0],"gold":38,"neow_bonus":"ONE_RANDOM_RARE_CARD","is_prod":false,"is_daily":false,"chose_seed":false,"campfire_upgraded":4,"win_rate":0,"timestamp":1558192439,"path_taken":["M","?","M","M","M","R","?","R","T","E","R","M","?","E","R","BOSS","M","$","M","M"],"build_version":"2019-01-23","purchased_purges":0,"victory":false,"max_hp_per_floor":[80,80,80,80,80,80,80,80,80,87,87,87,87,87,87,87,87,87,87,87,87],"card_choices":[{"not_picked":["Clash","Havoc"],"picked":"Intimidate","floor":1},{"not_picked":["Heavy Blade","Pommel Strike"],"picked":"Wild Strike","floor":3},{"not_picked":["Sentinel","Clothesline"],"picked":"Body Slam","floor":4},{"not_picked":["Warcry","Bloodletting"],"picked":"Evolve","floor":5},{"not_picked":["Pummel","Wild Strike"],"picked":"Ghostly Armor","floor":7},{"not_picked":["Ghostly Armor","Perfected Strike"],"picked":"Sever Soul","floor":10},{"not_picked":["Reckless Charge","Clothesline"],"picked":"Metallicize","floor":12},{"not_picked":["Havoc","Shrug It Off"],"picked":"Power Through","floor":14},{"not_picked":["Demon Form","Bludgeon"],"picked":"Impervious","floor":16},{"not_picked":["Warcry","Flex"],"picked":"Whirlwind","floor":18},{"not_picked":["Clothesline+1","Havoc"],"picked":"Battle Trance","floor":20}],"player_experience":639609,"relics_obtained":[{"floor":9,"key":"War Paint"},{"floor":10,"key":"Strawberry"},{"floor":14,"key":"Blue Candle"}],"event_choices":[{"damage_healed":0,"gold_gain":0,"cards_transformed":["Strike_R"],"player_choice":"Transformed","damage_taken":0,"max_hp_gain":0,"max_hp_loss":0,"event_name":"Transmorgrifier","floor":2,"gold_loss":0,"cards_obtained":["Metallicize"]},{"damage_healed":29,"gold_gain":0,"player_choice":"Banana","damage_taken":0,"max_hp_gain":0,"max_hp_loss":0,"event_name":"Big Fish","floor":13,"gold_loss":0}],"is_beta":false,"boss_relics":[{"not_picked":["Calling Bell","Cursed Key"],"picked":"Eternal Feather"}],"items_purged_floors":[],"is_endless":false,"potions_floor_spawned":[3,5,12,14,18],"killed_by":"3 Cultists","ascension_level":6}