{"gold_per_floor":[115,115,134,55,72,72,98,98,98,114,127,137,137,23,23,100,100,115,147,167,24,24,24,58,58,58,58,108,121,121,132,132,132],"floor_reached":33,"playtime":1709,"items_purged":["Strike_R"],"score":467,"play_id":"2ab14585-fae8-4299-90fb-134803c89772","local_time":"20190709145659","is_ascension_mode":true,"campfire_choices":[{"data":"Flame Barrier","floor":6,"key":"SMITH"},{"data":"True Grit","floor":8,"key":"SMITH"},{"data":"Carnage","floor":13,"key":"SMITH"},{"data":"Shockwave","floor":15,"key":"SMITH"},{"data":"Bludgeon","floor":23,"key":"SMITH"},{"floor":30,"key":"REST"},{"floor":32,"key":"REST"}],"neow_cost":"PERCENT_DAMAGE","seed_source_timestamp":2166030305158218,"circlet_count":0,"master_deck":["AscendersBane","Strike_R+1","Strike_R+1","Strike_R+1","Defend_R+1","Defend_R+1","Defend_R+1","Defend_R+1","Bash","Cleave","Flame Barrier+1","Carnage+1","True Grit+1","Shrug It Off","Iron Wave","Shockwave+1","Battle Trance","Bludgeon+1","Iron Wave","Metallicize","Writhe","Warcry+1"],"relics":["Burning Blood","StoneCalendar","Darkstone Periapt","Shuriken","Philosopher\u0027s Stone","Red Mask","Oddly Smooth Stone","Prayer Wheel","Bottled Tornado","Kunai"],"potions_floor_usage":[12,19,19,25],"damage_taken":[{"damage":14,"enemies":"Small Slimes","floor":1,"turns":5},{"damage":1,"enemies":"Cultist","floor":3,"turns":3},{"damage":0,"enemies":"2 Louse","floor":5,"turns":2},{"damage":24,"enemies":"3 Sentries","floor":7,"turns":7},{"damage":9,"enemies":"Large Slime","floor":10,"turns":5},{"damage":0,"enemies":"2 Fungi Beasts","floor":11,"turns":4},{"damage":11,"enemies":"Exordium Thugs","floor":12,"turns":5},{"damage":14,"enemies":"Slime Boss","floor":16,"turns":7},{"damage":0,"enemies":"3 Byrds","floor":18,"turns":1},{"damage":31,"enemies":"Masked Bandits","floor":19,"turns":4},{"damage":0,"enemies":"Chosen","floor":20,"turns":4},{"damage":27,"enemies":"Gremlin Leader","floor":24,"turns":5},{"damage":4,"enemies":"3 Cultists","floor":25,"turns":4},{"damage":8,"enemies":"Shelled Parasite and Fungi","floor":29,"turns":7},{"damage":11,"enemies":"Snake Plant","floor":31,"turns":5},{"damage":79,"enemies":"Champ","floor":33,"turns":13}],"seed_played":"-4952044569719860647","potions_obtained":[{"floor":5,"key":"Ancient Potion"},{"floor":11,"key":"Poison Potion"},{"floor":18,"key":"SkillPotion"},{"floor":19,"key":"SmokeBomb"}],"is_trial":false,"path_per_floor":["M","?","M","$","M","R","E","R","T","M","M","M","R","$","R","B",null,"M","?","M","$","?","R","E","M","T","?","?","M","R","M","R","B"],"character_chosen":"IRONCLAD","items_purchased":["Flame Barrier","Battle Trance","Oddly Smooth Stone"],"campfire_rested":2,"item_purchase_floors":[4,14,21],"current_hp_per_floor":[42,42,47,47,53,53,35,35,35,32,38,33,33,33,33,25,63,69,44,50,50,50,50,29,31,31,37,37,35,59,54,78,0],"gold":132,"neow_bonus":"ONE_RARE_RELIC","is_prod":false,"is_daily":false,"chose_seed":false,"campfire_upgraded":5,"win_rate":0,"timestamp":1562651819,"path_taken":["M","?","M","$","M","R","E","R","T","M","M","?","R","$","R","BOSS","M","?","M","$","?","R","E","M","T","?","?","?","R","M","R","BOSS"],"build_version":"2019-07-01","purchased_purges":1,"victory":false,"max_hp_per_floor":[75,75,75,75,75,75,75,75,75,75,75,75,75,75,75,75,75,75,75,75,75,75,75,75,75,75,81,81,81,81,81,81,81],"card_choices":[{"not_picked":["Heavy Blade","Dual Wield"],"picked":"Cleave","floor":1},{"not_picked":["Wild Strike","Havoc","Thunderclap"],"picked":"SKIP","floor":3},{"not_picked":["Wild Strike","Havoc","Thunderclap"],"picked":"SKIP","floor":3},{"not_picked":["Burning Pact","Flex"],"picked":"Carnage","floor":5},{"not_picked":["Corruption","Havoc"],"picked":"True Grit","floor":7},{"not_picked":["Havoc","Blood for Blood"],"picked":"Shrug It Off","floor":10},{"not_picked":["Pommel Strike","Clothesline"],"picked":"Iron Wave","floor":11},{"not_picked":["Perfected Strike","Carnage"],"picked":"Shockwave","floor":12},{"not_picked":["Brutality","Exhume"],"picked":"Bludgeon","floor":16},{"not_picked":["Dual Wield","Flex"],"picked":"Iron Wave","floor":18},{"not_picked":["Heavy Blade","Spot Weakness","Thunderclap+1"],"picked":"SKIP","floor":20},{"not_picked":["Heavy Blade","Spot Weakness","Thunderclap+1"],"picked":"SKIP","floor":20},{"not_picked":["Clothesline","Heavy Blade"],"picked":"Metallicize","floor":24},{"not_picked":["Fire Breathing","Sever Soul+1"],"picked":"Warcry+1","floor":29},{"not_picked":["Pummel","Shrug It Off","Bloodletting"],"picked":"SKIP","floor":29},{"not_picked":["Juggernaut","Clash","Pummel"],"picked":"SKIP","floor":31},{"not_picked":["Uppercut","Power Through","Clothesline"],"picked":"SKIP","floor":31}],"player_experience":1105077,"relics_obtained":[{"floor":7,"key":"Darkstone Periapt"},{"floor":9,"key":"Shuriken"},{"floor":19,"key":"Red Mask"},{"floor":24,"key":"Prayer Wheel"},{"floor":26,"key":"Bottled Tornado"}],"event_choices":[{"cards_removed":["Strike_R"],"damage_healed":0,"gold_gain":0,"player_choice":"Offered Basic","damage_taken":0,"max_hp_gain":0,"max_hp_loss":0,"event_name":"Bonfire Elementals","floor":2,"gold_loss":0},{"damage_healed":0,"gold_gain":0,"player_choice":"Fought Bandits","damage_taken":0,"max_hp_gain":0,"max_hp_loss":0,"event_name":"Masked Bandits","floor":19,"gold_loss":0},{"damage_healed":0,"gold_gain":0,"player_choice":"Simplicity","damage_taken":0,"max_hp_gain":0,"max_hp_loss":0,"event_name":"Back to Basics","floor":22,"gold_loss":0,"cards_upgraded":["Strike_R","Strike_R","Strike_R","Defend_R","Defend_R","Defend_R","Defend_R"]},{"damage_healed":0,"gold_gain":0,"player_choice":"Opened","damage_taken":0,"relics_obtained":["Kunai"],"max_hp_gain":0,"max_hp_loss":0,"event_name":"The Mausoleum","floor":27,"gold_loss":0,"cards_obtained":["Writhe"]},{"damage_healed":0,"gold_gain":100,"player_choice":"Bet on Murderer","damage_taken":0,"max_hp_gain":0,"max_hp_loss":0,"event_name":"The Joust","floor":28,"gold_loss":50}],"is_beta":false,"boss_relics":[{"not_picked":["Astrolabe","Runic Pyramid"],"picked":"Philosopher\u0027s Stone"}],"items_purged_floors":[14],"is_endless":false,"potions_floor_spawned":[5,11,18,19],"killed_by":"Champ","ascension_level":15}