{"gold_per_floor":[364,375,375,375,28,59,59,59,59,74,91,91,266,286,286,381,381,400,400,388,388,5,5,30,30,53,64,14,14,14],"floor_reached":30,"playtime":1853,"items_purged":["Normality"],"score":273,"play_id":"4a68dcad-ec25-4dfa-aa53-a1f9d243fc18","local_time":"20190325002744","is_ascension_mode":false,"campfire_choices":[{"data":"Infinite Blades","floor":7,"key":"SMITH"},{"data":"Infinite Blades","floor":12,"key":"SMITH"},{"floor":15,"key":"REST"},{"floor":23,"key":"REST"},{"floor":25,"key":"REST"}],"neow_cost":"CURSE","seed_source_timestamp":36751752316448,"circlet_count":0,"master_deck":["Defend_G","Defend_G","Defend_G","Defend_G","Defend_G","Strike_G","Strike_G","Strike_G","Strike_G","Strike_G","Survivor","Neutralize","Dagger Spray","Quick Slash","Infinite Blades+1","Deflect","Outmaneuver","Sucker Punch+1","Unload","Poisoned Stab","Infinite Blades+1","Doubt","Quick Slash","A Thousand Cuts","Normality","Doubt","Choke+1","Acrobatics","Flying Knee","Backflip","Heel Hook"],"relics":["Ring of the Snake","Pen Nib","Strawberry","Smiling Mask","Sundial","Calling Bell","Happy Flower","Mercury Hourglass","Mango","HandDrill","Oddly Smooth Stone","Whetstone"],"potions_floor_usage":[14,14,18,29,29],"damage_taken":[{"damage":1,"enemies":"Cultist","floor":1,"turns":4},{"damage":1,"enemies":"2 Louse","floor":2,"turns":2},{"damage":24,"enemies":"3 Sentries","floor":6,"turns":8},{"damage":3,"enemies":"Small Slimes","floor":10,"turns":3},{"damage":3,"enemies":"Blue Slaver","floor":11,"turns":3},{"damage":6,"enemies":"Lots of Slimes","floor":14,"turns":3},{"damage":19,"enemies":"Slime Boss","floor":16,"turns":8},{"damage":21,"enemies":"Chosen","floor":18,"turns":5},{"damage":29,"enemies":"2 Thieves","floor":20,"turns":4},{"damage":64,"enemies":"Gremlin Leader","floor":24,"turns":8},{"damage":11,"enemies":"Centurion and Healer","floor":27,"turns":6},{"damage":12,"enemies":"Shelled Parasite and Fungi","floor":29,"turns":5}],"seed_played":"8068706432903850273","potions_obtained":[{"floor":6,"key":"Weak Potion"},{"floor":10,"key":"SpeedPotion"},{"floor":11,"key":"Dexterity Potion"},{"floor":14,"key":"GamblersBrew"},{"floor":18,"key":"SmokeBomb"},{"floor":27,"key":"LiquidBronze"}],"is_trial":false,"path_per_floor":["M","M","?","?","$","E","R","?","T","M","M","R","?","M","R","B",null,"M","?","M","?","$","R","E","R","T","M","$","M","?"],"character_chosen":"THE_SILENT","items_purchased":["Pen Nib","Infinite Blades","Deflect","Outmaneuver","Sucker Punch","HandDrill","Oddly Smooth Stone","Flying Knee"],"campfire_rested":3,"item_purchase_floors":[5,5,5,5,5,22,22,22],"current_hp_per_floor":[69,68,61,61,61,44,44,41,41,38,35,35,35,29,52,33,91,70,70,41,41,41,68,4,31,31,20,20,8,0],"gold":14,"neow_bonus":"TWO_FIFTY_GOLD","is_prod":false,"is_daily":false,"chose_seed":false,"campfire_upgraded":2,"win_rate":0,"timestamp":1553437664,"path_taken":["M","?","?","?","$","E","R","?","T","M","M","R","?","M","R","BOSS","M","?","M","?","$","R","E","R","T","?","$","M","?"],"build_version":"2019-01-23","purchased_purges":1,"victory":false,"max_hp_per_floor":[70,70,70,70,70,77,77,77,77,77,77,77,77,77,77,77,91,91,91,91,91,91,91,91,91,91,91,91,91,91],"card_choices":[{"not_picked":["PiercingWail","Poisoned Stab"],"picked":"Dagger Spray","floor":1},{"not_picked":["Bane","Dodge and Roll"],"picked":"Quick Slash","floor":2},{"not_picked":["Predator","Skewer"],"picked":"Unload","floor":6},{"not_picked":["Bane","Outmaneuver"],"picked":"Poisoned Stab","floor":10},{"not_picked":["Dodge and Roll","Outmaneuver"],"picked":"Infinite Blades","floor":11},{"not_picked":["Crippling Poison","Poisoned Stab"],"picked":"Quick Slash","floor":14},{"not_picked":["Doppelganger","Unload"],"picked":"A Thousand Cuts","floor":16},{"not_picked":["Endless Agony","Underhanded Strike+1"],"picked":"Choke","floor":18},{"not_picked":["Dash","Backflip+1"],"picked":"Acrobatics","floor":20},{"not_picked":["Footwork","All Out Attack"],"picked":"Backflip","floor":24},{"not_picked":["Footwork","Bane"],"picked":"Heel Hook","floor":27}],"player_experience":101990,"relics_obtained":[{"floor":6,"key":"Strawberry"},{"floor":9,"key":"Sundial"},{"floor":17,"key":"Happy Flower"},{"floor":17,"key":"Mercury Hourglass"},{"floor":17,"key":"Mango"},{"floor":24,"key":"Whetstone"}],"event_choices":[{"cards_removed":["Writhe"],"damage_healed":0,"gold_gain":0,"player_choice":"Card Removal","damage_taken":7,"max_hp_gain":0,"max_hp_loss":0,"event_name":"Golden Wing","floor":3,"gold_loss":0},{"damage_healed":0,"gold_gain":0,"player_choice":"Leave","damage_taken":0,"max_hp_gain":0,"max_hp_loss":0,"event_name":"The Cleric","floor":4,"gold_loss":0},{"damage_healed":0,"gold_gain":0,"player_choice":"Success","damage_taken":3,"relics_obtained":["Smiling Mask"],"max_hp_gain":0,"max_hp_loss":0,"event_name":"Scrap Ooze","floor":8,"gold_loss":0},{"damage_healed":0,"gold_gain":175,"player_choice":"AGREE","damage_taken":0,"max_hp_gain":0,"max_hp_loss":0,"event_name":"Liars Game","floor":13,"gold_loss":0,"cards_obtained":["Doubt"]},{"damage_healed":0,"gold_gain":0,"player_choice":"Ignored","damage_taken":0,"max_hp_gain":0,"max_hp_loss":0,"event_name":"Ghosts","floor":19,"gold_loss":0},{"damage_healed":0,"gold_gain":0,"player_choice":"Leave","damage_taken":0,"max_hp_gain":0,"max_hp_loss":0,"event_name":"FaceTrader","floor":21,"gold_loss":0}],"is_beta":false,"boss_relics":[{"not_picked":["Sozu","Fusion Hammer"],"picked":"Calling Bell"}],"items_purged_floors":[28],"is_endless":false,"potions_floor_spawned":[6,10,11,14,18,27,29],"ascension_level":0}