{"gold_per_floor":[119,132,132,142,92,92,267,295,295,180,180,197,197,207,207,207],"floor_reached":16,"playtime":468,"items_purged":["Doubt"],"score":105,"play_id":"c9c43304-3b5b-4fc7-bef2-b7c26b500881","local_time":"20190112200328","is_ascension_mode":true,"campfire_choices":[{"floor":6,"key":"DIG"},{"floor":11,"key":"DIG"},{"floor":13,"key":"DIG"},{"floor":15,"key":"DIG"}],"neow_cost":"CURSE","seed_source_timestamp":280688650288835,"circlet_count":0,"master_deck":["Strike_R","Strike_R","Strike_R","Strike_R","Defend_R","Defend_R","Defend_R","Defend_R","Bash","Warcry","Flex","Seeing Red","Spot Weakness","Cleave"],"relics":["Burning Blood","Shovel","Matryoshka","Art of War","Centennial Puzzle","Lantern","Pocketwatch","Incense Burner","Darkstone Periapt"],"potions_floor_usage":[14],"damage_taken":[{"damage":6,"enemies":"Cultist","floor":1,"turns":3},{"damage":0,"enemies":"Small Slimes","floor":2,"turns":3},{"damage":5,"enemies":"2 Louse","floor":4,"turns":2},{"damage":67,"enemies":"Lagavulin","floor":8,"turns":10},{"damage":2,"enemies":"Blue Slaver","floor":12,"turns":2},{"damage":19,"enemies":"Exordium Wildlife","floor":14,"turns":4},{"damage":35,"enemies":"Slime Boss","floor":16,"turns":3}],"seed_played":"5459128493628871690","potions_obtained":[{"floor":1,"key":"LiquidBronze"},{"floor":8,"key":"Regen Potion"}],"is_trial":false,"path_per_floor":["M","M","?","M","?","R","?","E","T","$","R","M","R","M","R","B"],"character_chosen":"IRONCLAD","items_purchased":["Spot Weakness"],"campfire_rested":0,"item_purchase_floors":[10],"current_hp_per_floor":[80,80,80,80,80,80,80,19,19,19,19,23,23,22,22,0],"gold":207,"neow_bonus":"ONE_RARE_RELIC","is_prod":false,"is_daily":false,"chose_seed":false,"campfire_upgraded":0,"win_rate":0,"timestamp":1547341408,"path_taken":["M","?","?","M","?","R","?","E","T","?","R","?","R","M","R","BOSS"],"build_version":"2019-01-10","purchased_purges":1,"victory":false,"max_hp_per_floor":[80,80,80,80,80,80,80,80,80,80,80,80,80,80,80,80],"card_choices":[{"not_picked":["Armaments","Sword Boomerang"],"picked":"Warcry","floor":1},{"not_picked":["Perfected Strike","Havoc"],"picked":"Flex","floor":2},{"not_picked":["Thunderclap","Barricade"],"picked":"Seeing Red","floor":4},{"not_picked":["Wild Strike","Reckless Charge","Perfected Strike"],"picked":"SKIP","floor":8},{"not_picked":["Wild Strike","Headbutt"],"picked":"Cleave","floor":12},{"not_picked":["Wild Strike","Anger","Rupture"],"picked":"SKIP","floor":14}],"player_experience":64358,"relics_obtained":[{"floor":6,"key":"Matryoshka"},{"floor":8,"key":"Art of War"},{"floor":9,"key":"Centennial Puzzle"},{"floor":9,"key":"Lantern"},{"floor":11,"key":"Pocketwatch"},{"floor":13,"key":"Incense Burner"},{"floor":15,"key":"Darkstone Periapt"}],"event_choices":[{"cards_removed":["Normality"],"damage_healed":0,"gold_gain":0,"player_choice":"Forget","damage_taken":0,"max_hp_gain":0,"max_hp_loss":0,"event_name":"Living Wall","floor":3,"gold_loss":0},{"cards_removed":["Strike_R"],"damage_healed":0,"gold_gain":0,"player_choice":"Card Removal","damage_taken":0,"max_hp_gain":0,"max_hp_loss":0,"event_name":"The Cleric","floor":5,"gold_loss":50},{"damage_healed":0,"gold_gain":175,"player_choice":"AGREE","damage_taken":0,"max_hp_gain":0,"max_hp_loss":0,"event_name":"Liars Game","floor":7,"gold_loss":0,"cards_obtained":["Doubt"]}],"is_beta":false,"boss_relics":[],"items_purged_floors":[10],"is_endless":false,"potions_floor_spawned":[1,8],"killed_by":"Slime Boss","ascension_level":1}