{"gold_per_floor":[13,28,41,52,122,122,46,59,86,6,6,37,37,48,48,153,153,170,185,285,285,285],"floor_reached":22,"playtime":1246,"items_purged":[],"score":186,"play_id":"b10ba989-5762-4212-93e9-871727d1f47c","local_time":"20190330210049","is_ascension_mode":false,"campfire_choices":[{"data":"Seeing Red","floor":6,"key":"SMITH"},{"data":"Entrench","floor":11,"key":"SMITH"},{"data":"Bash","floor":13,"key":"SMITH"},{"data":"Metallicize","floor":15,"key":"SMITH"}],"neow_cost":"NO_GOLD","seed_source_timestamp":5952223966501,"circlet_count":0,"master_deck":["Bash+1","Thunderclap","Seeing Red+1","Wild Strike","Anger","Blood for Blood","Power Through+1","Entrench+1","Flex","Metallicize+1","Juggernaut","Exhume","Corruption","Second Wind","Anger","Offering","Uppercut","Ghostly Armor","Evolve","Iron Wave","Rampage"],"relics":["Burning Blood","Pen Nib","War Paint","Pandora\u0027s Box","Magic Flower","Bottled Lightning"],"potions_floor_usage":[8,16,16,18,20],"damage_taken":[{"damage":11,"enemies":"Cultist","floor":1,"turns":6},{"damage":0,"enemies":"2 Louse","floor":2,"turns":3},{"damage":6,"enemies":"Jaw Worm","floor":3,"turns":3},{"damage":11,"enemies":"Red Slaver","floor":4,"turns":4},{"damage":3,"enemies":"Exordium Thugs","floor":8,"turns":4},{"damage":21,"enemies":"Lagavulin","floor":12,"turns":7},{"damage":2,"enemies":"Large Slime","floor":14,"turns":5},{"damage":28,"enemies":"The Guardian","floor":16,"turns":12},{"damage":10,"enemies":"2 Thieves","floor":18,"turns":4},{"damage":10,"enemies":"Chosen","floor":19,"turns":5},{"damage":36,"enemies":"Colosseum Slavers","floor":20,"turns":5},{"damage":18,"enemies":"Colosseum Nobs","floor":20,"turns":6},{"damage":32,"enemies":"Centurion and Healer","floor":22,"turns":6}],"seed_played":"829802768930630078","potions_obtained":[{"floor":2,"key":"Dexterity Potion"},{"floor":4,"key":"Swift Potion"},{"floor":8,"key":"Energy Potion"},{"floor":12,"key":"EssenceOfSteel"},{"floor":16,"key":"Energy Potion"}],"is_trial":false,"path_per_floor":["M","M","M","M","?","R","$","M","T","$","R","E","R","M","R","B",null,"M","M","?","?","M"],"character_chosen":"IRONCLAD","items_purchased":["Blood for Blood","Entrench"],"campfire_rested":0,"item_purchase_floors":[7,10],"current_hp_per_floor":[75,80,80,75,75,75,75,78,78,78,78,63,63,67,67,45,80,76,72,30,30,0],"gold":285,"neow_bonus":"REMOVE_TWO","is_prod":false,"is_daily":false,"chose_seed":false,"campfire_upgraded":4,"win_rate":0,"timestamp":1553943649,"path_taken":["M","M","?","M","?","R","?","M","T","$","R","E","R","?","R","BOSS","M","M","?","?","M"],"build_version":"2019-01-23","purchased_purges":0,"victory":false,"max_hp_per_floor":[80,80,80,80,80,80,80,80,80,80,80,80,80,80,80,80,80,80,80,80,80,80],"card_choices":[{"not_picked":["Flex","True Grit"],"picked":"Thunderclap","floor":1},{"not_picked":["Warcry","Feel No Pain"],"picked":"Seeing Red","floor":2},{"not_picked":["Sword Boomerang","Armaments"],"picked":"Wild Strike","floor":3},{"not_picked":["Heavy Blade","Fire Breathing"],"picked":"Anger","floor":4},{"not_picked":["Immolate","Whirlwind"],"picked":"Power Through","floor":8},{"not_picked":["Pommel Strike","Corruption"],"picked":"Flex","floor":12},{"not_picked":["Combust","Perfected Strike"],"picked":"Metallicize","floor":14},{"not_picked":["Brutality","Dark Embrace"],"picked":"Juggernaut","floor":16},{"not_picked":["Shrug It Off","Pommel Strike"],"picked":"Evolve","floor":18},{"not_picked":["Headbutt+1","Fire Breathing+1"],"picked":"Iron Wave","floor":19},{"not_picked":["Seeing Red","Shockwave"],"picked":"Rampage","floor":20}],"player_experience":294306,"relics_obtained":[{"floor":9,"key":"Pen Nib"},{"floor":12,"key":"War Paint"},{"floor":20,"key":"Magic Flower"},{"floor":20,"key":"Bottled Lightning"}],"event_choices":[{"damage_healed":0,"gold_gain":70,"player_choice":"Gained Gold","damage_taken":0,"max_hp_gain":0,"max_hp_loss":0,"event_name":"Golden Wing","floor":5,"gold_loss":0},{"damage_healed":0,"gold_gain":0,"player_choice":"Fight","damage_taken":0,"max_hp_gain":0,"max_hp_loss":0,"event_name":"Colosseum","floor":20,"gold_loss":0},{"damage_healed":0,"gold_gain":0,"player_choice":"Fought Nobs","damage_taken":0,"max_hp_gain":0,"max_hp_loss":0,"event_name":"Colosseum","floor":20,"gold_loss":0},{"damage_healed":0,"gold_gain":0,"player_choice":"Ignored","damage_taken":0,"max_hp_gain":0,"max_hp_loss":0,"event_name":"Vampires","floor":21,"gold_loss":0}],"is_beta":false,"boss_relics":[{"not_picked":["Lizard Tail","Runic Pyramid"],"picked":"Pandora\u0027s Box"}],"items_purged_floors":[],"is_endless":false,"potions_floor_spawned":[2,4,8,12,16,20],"killed_by":"Centurion and Healer","ascension_level":0}