{"gold_per_floor":[114,114,79,31,206,234,253,283,307,335,335,350,367,378,378,478,478,495,495,495,510,67,102,118,118,118,131,131,2,14,14,14,116,116,128,0,17,17,417,417,430,430,506,518,518,518],"floor_reached":46,"playtime":1822,"items_purged":[],"score":803,"play_id":"3311a6fa-fd56-4d2b-b060-a591deed4384","local_time":"20190524224324","is_ascension_mode":true,"campfire_choices":[{"floor":15,"key":"REST"},{"data":"Neutralize","floor":25,"key":"SMITH"},{"data":"Glass Knife","floor":28,"key":"SMITH"},{"floor":32,"key":"REST"},{"floor":40,"key":"REST"},{"data":"Cloak And Dagger","floor":42,"key":"SMITH"},{"floor":45,"key":"REST"}],"neow_cost":"NONE","seed_source_timestamp":20735201976757,"circlet_count":0,"master_deck":["Defend_G+1","Defend_G","Defend_G","Defend_G","Defend_G","Strike_G+1","Strike_G","Strike_G","Strike_G","Strike_G","Survivor","Neutralize+1","Masterful Stab","Cloak And Dagger","Doubt","All Out Attack","Noxious Fumes","Poisoned Stab","Deflect","Riddle With Holes","Deadly Poison","Skewer","Tools of the Trade","Dagger Spray+1","RitualDagger","Glass Knife+1","Dodge and Roll+1","Backflip+1","Cloak And Dagger+1","Bouncing Flask","Dagger Throw","Glass Knife","Distraction+1","Dodge and Roll+1","Flechettes","All Out Attack+1","PiercingWail"],"relics":["Ring of the Snake","NeowsBlessing","Boot","Sundial","Oddly Smooth Stone","PreservedInsect","Art of War","Runic Pyramid","Meat on the Bone","Anchor","Gremlin Horn","Lizard Tail","Red Mask","Old Coin","Singing Bowl"],"potions_floor_usage":[10,16,16,16,23,24,27,33,33,33,33,33,33,39,46],"damage_taken":[{"damage":0,"enemies":"Jaw Worm","floor":1,"turns":1},{"damage":0,"enemies":"Lagavulin","floor":6,"turns":1},{"damage":0,"enemies":"Small Slimes","floor":7,"turns":1},{"damage":12,"enemies":"3 Sentries","floor":8,"turns":6},{"damage":27,"enemies":"Lagavulin","floor":10,"turns":6},{"damage":0,"enemies":"2 Louse","floor":12,"turns":2},{"damage":0,"enemies":"Looter","floor":13,"turns":3},{"damage":0,"enemies":"Exordium Wildlife","floor":14,"turns":2},{"damage":0,"enemies":"Slime Boss","floor":16,"turns":4},{"damage":12,"enemies":"3 Byrds","floor":18,"turns":5},{"damage":17,"enemies":"2 Thieves","floor":21,"turns":4},{"damage":0,"enemies":"Gremlin Leader","floor":23,"turns":4},{"damage":12,"enemies":"Chosen and Byrds","floor":24,"turns":5},{"damage":19,"enemies":"Sentry and Sphere","floor":27,"turns":7},{"damage":19,"enemies":"Snake Plant","floor":30,"turns":4},{"damage":23,"enemies":"Collector","floor":33,"turns":10},{"damage":21,"enemies":"3 Darklings","floor":35,"turns":7},{"damage":12,"enemies":"3 Shapes","floor":37,"turns":4},{"damage":22,"enemies":"Mind Bloom Boss Battle","floor":39,"turns":9},{"damage":53,"enemies":"Spire Growth","floor":41,"turns":7},{"damage":34,"enemies":"Jaw Worm Horde","floor":44,"turns":6},{"damage":50,"enemies":"Giant Head","floor":46,"turns":7}],"seed_played":"-4677163025019085879","potions_obtained":[{"floor":1,"key":"Energy Potion"},{"floor":8,"key":"Weak Potion"},{"floor":12,"key":"FearPotion"},{"floor":13,"key":"Energy Potion"},{"floor":18,"key":"SteroidPotion"},{"floor":21,"key":"Poison Potion"},{"floor":24,"key":"EntropicBrew"},{"floor":30,"key":"EssenceOfSteel"},{"floor":37,"key":"SpeedPotion"},{"floor":39,"key":"LiquidBronze"},{"floor":41,"key":"Swift Potion"}],"is_trial":false,"path_per_floor":["M","?","?","$","?","E","M","E","T","E","T","M","M","M","R","B",null,"M","?","?","M","$","E","M","R","T","M","R","$","M","$","R","B",null,"M","?","M","?","?","R","M","R","T","M","R","E"],"character_chosen":"THE_SILENT","items_purchased":["Cloak And Dagger","Meat on the Bone","Glass Knife","Swift Potion","Bouncing Flask","PowerPotion"],"campfire_rested":4,"item_purchase_floors":[4,22,22,22,29,29],"current_hp_per_floor":[63,49,66,66,66,66,66,54,54,27,27,27,27,27,48,48,65,53,47,47,30,30,42,42,42,42,35,35,35,28,28,49,38,62,41,41,41,41,31,52,47,47,47,25,46,0],"gold":518,"neow_bonus":"THREE_ENEMY_KILL","is_prod":false,"is_daily":false,"chose_seed":false,"campfire_upgraded":3,"win_rate":0,"timestamp":1558701804,"path_taken":["M","?","?","$","?","E","M","E","T","E","?","M","M","M","R","BOSS","M","?","?","M","?","E","?","R","T","M","R","$","M","$","R","BOSS","M","?","M","?","?","R","M","R","T","M","R","E"],"build_version":"2019-01-23","purchased_purges":0,"victory":false,"max_hp_per_floor":[70,70,70,70,70,70,70,70,70,70,70,70,70,70,70,70,70,70,70,70,70,70,70,70,70,70,70,70,70,70,70,70,70,70,70,70,70,70,70,70,70,70,70,70,70,70],"card_choices":[{"not_picked":["Finisher","Flying Knee"],"picked":"Masterful Stab","floor":1},{"not_picked":["Blur","Acrobatics"],"picked":"All Out Attack","floor":6},{"not_picked":["Flying Knee","Acrobatics"],"picked":"Noxious Fumes","floor":7},{"not_picked":["Distraction","All Out Attack"],"picked":"Poisoned Stab","floor":8},{"not_picked":["Underhanded Strike","Slice"],"picked":"Deflect","floor":10},{"not_picked":["Backflip","Crippling Poison"],"picked":"Riddle With Holes","floor":12},{"not_picked":["Masterful Stab","Acrobatics"],"picked":"Deadly Poison","floor":13},{"not_picked":["Acrobatics","Deadly Poison"],"picked":"Skewer","floor":14},{"not_picked":["A Thousand Cuts","After Image"],"picked":"Tools of the Trade","floor":16},{"not_picked":["Underhanded Strike+1","Heel Hook+1"],"picked":"Dagger Spray+1","floor":18},{"not_picked":["Dodge and Roll","Blade Dance"],"picked":"Deflect+1","floor":21},{"not_picked":["Deflect","Bane+1"],"picked":"Dodge and Roll+1","floor":23},{"not_picked":["Terror","Prepared+1"],"picked":"Backflip+1","floor":24},{"not_picked":["Doppelganger","Leg Sweep"],"picked":"Cloak And Dagger","floor":27},{"not_picked":["Deflect","Dagger Spray"],"picked":"Dagger Throw","floor":30},{"not_picked":["Storm of Steel","Venomology"],"picked":"Glass Knife","floor":33},{"not_picked":["Calculated Gamble","Backflip+1"],"picked":"Distraction+1","floor":35},{"not_picked":["Infinite Blades+1","Blade Dance"],"picked":"Dodge and Roll+1","floor":37},{"not_picked":["Slice+1","Accuracy+1"],"picked":"Flechettes","floor":39},{"not_picked":["Underhanded Strike","Cloak And Dagger"],"picked":"All Out Attack+1","floor":41},{"not_picked":["Dagger Spray","Catalyst"],"picked":"PiercingWail","floor":44}],"player_experience":728868,"relics_obtained":[{"floor":6,"key":"Boot"},{"floor":8,"key":"Sundial"},{"floor":9,"key":"Oddly Smooth Stone"},{"floor":10,"key":"PreservedInsect"},{"floor":11,"key":"Art of War"},{"floor":23,"key":"Anchor"},{"floor":26,"key":"Gremlin Horn"},{"floor":39,"key":"Old Coin"},{"floor":43,"key":"Singing Bowl"}],"event_choices":[{"damage_healed":0,"gold_gain":0,"player_choice":"Entered Light","damage_taken":14,"max_hp_gain":0,"max_hp_loss":0,"event_name":"Shining Light","floor":2,"gold_loss":0,"cards_upgraded":["Defend_G","Strike_G"]},{"damage_healed":17,"gold_gain":0,"player_choice":"Healed","damage_taken":0,"max_hp_gain":0,"max_hp_loss":0,"event_name":"The Cleric","floor":3,"gold_loss":35},{"damage_healed":0,"gold_gain":175,"player_choice":"AGREE","damage_taken":0,"max_hp_gain":0,"max_hp_loss":0,"event_name":"Liars Game","floor":5,"gold_loss":0,"cards_obtained":["Doubt"]},{"damage_healed":0,"gold_gain":0,"player_choice":"Joined the Cult","damage_taken":6,"max_hp_gain":0,"max_hp_loss":0,"event_name":"Nest","floor":19,"gold_loss":0,"cards_obtained":["RitualDagger"]},{"damage_healed":0,"gold_gain":0,"player_choice":"Ignored","damage_taken":0,"max_hp_gain":0,"max_hp_loss":0,"event_name":"Vampires","floor":20,"gold_loss":0},{"damage_healed":0,"gold_gain":0,"player_choice":"Paid","damage_taken":0,"relics_obtained":["Red Mask"],"max_hp_gain":0,"max_hp_loss":0,"event_name":"Tomb of Lord Red Mask","floor":36,"gold_loss":128},{"cards_removed":["Deflect"],"damage_healed":0,"gold_gain":0,"player_choice":"Removed Skill","damage_taken":0,"max_hp_gain":0,"max_hp_loss":0,"event_name":"Falling","floor":38,"gold_loss":0},{"damage_healed":0,"gold_gain":0,"player_choice":"Fight","damage_taken":0,"max_hp_gain":0,"max_hp_loss":0,"event_name":"MindBloom","floor":39,"gold_loss":0}],"is_beta":false,"boss_relics":[{"not_picked":["Pandora\u0027s Box","Runic Dome"],"picked":"Runic Pyramid"},{"not_picked":["Velvet Choker","Astrolabe"],"picked":"Lizard Tail"}],"items_purged_floors":[],"is_endless":false,"potions_floor_spawned":[1,8,12,13,18,21,24,30,37,39,41],"killed_by":"Giant Head","ascension_level":7}