{"gold_per_floor":[118,293,368,378,15,15,41,41,67,33,44,75,90,115,115,210,210,227,245,245,171,183,218,218],"floor_reached":24,"playtime":1099,"items_purged":["Doubt","Strike_B"],"score":259,"play_id":"35fdc021-18a0-4ede-987a-9e1ce58e71e6","local_time":"20190108153645","is_ascension_mode":false,"campfire_choices":[{"data":"Fusion","floor":6,"key":"SMITH"},{"data":"Lockon","floor":8,"key":"SMITH"},{"floor":15,"key":"REST"}],"neow_cost":"NONE","seed_source_timestamp":1133974114028252,"circlet_count":0,"master_deck":["Strike_B","Strike_B","Strike_B","Defend_B","Defend_B","Defend_B","Defend_B","Zap","Dualcast","Hologram","Fusion+1","Lockon+1","Go for the Eyes","Capacitor","Chill","Electrodynamics","Cold Snap","Compile Driver","Machine Learning","Redo+1","Stack+1","Capacitor","Conserve Battery","White Noise","Fusion+1"],"relics":["Cracked Core","NeowsBlessing","Membership Card","Anchor","Bronze Scales","Bag of Preparation","Matryoshka","Omamori","Sozu","Bottled Flame"],"potions_floor_usage":[23,23,24],"damage_taken":[{"damage":0,"enemies":"Small Slimes","floor":1,"turns":1},{"damage":0,"enemies":"Jaw Worm","floor":4,"turns":1},{"damage":0,"enemies":"Gremlin Nob","floor":7,"turns":1},{"damage":0,"enemies":"Cultist","floor":11,"turns":3},{"damage":23,"enemies":"3 Sentries","floor":12,"turns":6},{"damage":2,"enemies":"Blue Slaver","floor":13,"turns":3},{"damage":16,"enemies":"Gremlin Nob","floor":14,"turns":4},{"damage":20,"enemies":"Hexaghost","floor":16,"turns":9},{"damage":21,"enemies":"Shell Parasite","floor":18,"turns":4},{"damage":0,"enemies":"3 Byrds","floor":19,"turns":4},{"damage":9,"enemies":"Snake Plant","floor":22,"turns":4},{"damage":21,"enemies":"Slavers","floor":23,"turns":5},{"damage":35,"enemies":"Shelled Parasite and Fungi","floor":24,"turns":3}],"seed_played":"3321120106988273577","potions_obtained":[{"floor":1,"key":"LiquidBronze"},{"floor":12,"key":"SteroidPotion"},{"floor":13,"key":"Energy Potion"}],"is_trial":false,"path_per_floor":["M","?","?","M","$","R","E","R","T","$","M","E","M","E","R","B",null,"M","M","?","$","M","E","M"],"character_chosen":"DEFECT","items_purchased":["Membership Card","Anchor","Lockon","Capacitor","Conserve Battery"],"campfire_rested":1,"item_purchase_floors":[5,5,5,10,21],"current_hp_per_floor":[75,75,64,64,64,64,64,64,64,64,64,41,39,23,45,25,75,54,54,54,54,45,24,0],"gold":218,"neow_bonus":"THREE_ENEMY_KILL","is_prod":false,"is_daily":false,"chose_seed":false,"campfire_upgraded":2,"win_rate":0.0,"timestamp":1546979805,"path_taken":["M","?","?","M","$","R","E","R","T","$","M","E","M","E","R","BOSS","M","M","?","$","M","E","M"],"build_version":"2019-01-03v4","purchased_purges":2,"victory":false,"max_hp_per_floor":[75,75,75,75,75,75,75,75,75,75,75,75,75,75,75,75,75,75,75,75,75,75,75,75],"card_choices":[{"not_picked":["Scrape","Beam Cell"],"picked":"Hologram","floor":1},{"not_picked":["White Noise","Rip and Tear"],"picked":"Fusion","floor":4},{"not_picked":["Fusion","Barrage"],"picked":"Go for the Eyes","floor":7},{"not_picked":["Rebound","Scrape"],"picked":"Chill","floor":11},{"not_picked":["Steam","Barrage"],"picked":"Electrodynamics","floor":12},{"not_picked":["Leap","Sweeping Beam"],"picked":"Cold Snap","floor":13},{"not_picked":["Streamline","Steam"],"picked":"Compile Driver","floor":14},{"not_picked":["Biased Cognition","Reboot"],"picked":"Machine Learning","floor":16},{"not_picked":["Gash","Barrage"],"picked":"Redo+1","floor":18},{"not_picked":["Double Energy","Redo"],"picked":"Stack+1","floor":19},{"not_picked":["Genetic Algorithm+1","Aggregate"],"picked":"White Noise","floor":22},{"not_picked":["Compile Driver","Gash"],"picked":"Fusion+1","floor":23}],"player_experience":16701,"relics_obtained":[{"floor":7,"key":"Bronze Scales"},{"floor":9,"key":"Bag of Preparation"},{"floor":12,"key":"Matryoshka"},{"floor":14,"key":"Omamori"},{"floor":23,"key":"Bottled Flame"}],"event_choices":[{"damage_healed":0,"gold_gain":175,"player_choice":"AGREE","damage_taken":0,"max_hp_gain":0,"max_hp_loss":0,"event_name":"Liars Game","floor":2,"gold_loss":0,"cards_obtained":["Doubt"]},{"damage_healed":0,"gold_gain":75,"player_choice":"Gather Gold","damage_taken":11,"max_hp_gain":0,"max_hp_loss":0,"event_name":"World of Goop","floor":3,"gold_loss":0},{"damage_healed":0,"gold_gain":0,"player_choice":"Copied","damage_taken":0,"max_hp_gain":0,"max_hp_loss":0,"event_name":"Duplicator","floor":20,"gold_loss":0,"cards_obtained":["Capacitor"]}],"is_beta":false,"boss_relics":[{"not_picked":["Snecko Eye","Fusion Hammer"],"picked":"Sozu"}],"items_purged_floors":[5,21],"is_endless":false,"potions_floor_spawned":[1,12,13],"killed_by":"Shelled Parasite and Fungi","ascension_level":0}