{"gold_per_floor":[211,228,0,20,20,20,51,51,51,16,78,78,96,96,96,199,199,219,232,232,242,258,258,292,292,346,346,54,54,66,86,86,181,181,201,8,8,24,35,35,55,55],"floor_reached":42,"playtime":2207,"items_purged":["Strike_B"],"score":669,"play_id":"904a87e9-5d85-48eb-b06d-05ccb4a17409","local_time":"20190702185658","is_ascension_mode":true,"campfire_choices":[{"data":"Defragment","floor":6,"key":"SMITH"},{"data":"Coolheaded","floor":8,"key":"SMITH"},{"data":"Coolheaded","floor":15,"key":"SMITH"},{"floor":23,"key":"REST"},{"floor":25,"key":"REST"},{"data":"Recycle","floor":27,"key":"SMITH"},{"floor":32,"key":"REST"},{"floor":40,"key":"REST"}],"neow_cost":"NONE","seed_source_timestamp":12861661706458,"circlet_count":0,"master_deck":["AscendersBane","Strike_B","Defend_B","Defend_B","Defend_B","Defend_B","Zap","Dualcast","Coolheaded+1","Coolheaded+1","Defragment+1","Melter","Capacitor","Static Discharge","Electrodynamics","Regret","Fission","Sweeping Beam","Go for the Eyes","Glacier","Streamline","White Noise","Recycle+1","Defragment","BootSequence","Stack","Reboot","Machine Learning","Sunder","Thinking Ahead","Redo","Chill"],"relics":["FrozenCore","Blue Candle","Art of War","Strawberry","Matryoshka","Incense Burner","Eternal Feather","PreservedInsect","DataDisk","Vajra","Oddly Smooth Stone","Bronze Scales"],"potions_floor_usage":[11,11,24,33,41,42],"damage_taken":[{"damage":18,"enemies":"Jaw Worm","floor":1,"turns":4},{"damage":0,"enemies":"2 Louse","floor":2,"turns":2},{"damage":7,"enemies":"Small Slimes","floor":4,"turns":4},{"damage":3,"enemies":"Lagavulin","floor":7,"turns":7},{"damage":8,"enemies":"Lagavulin Event","floor":11,"turns":5},{"damage":4,"enemies":"Blue Slaver","floor":13,"turns":4},{"damage":19,"enemies":"The Guardian","floor":16,"turns":12},{"damage":24,"enemies":"3 Byrds","floor":18,"turns":3},{"damage":5,"enemies":"Spheric Guardian","floor":19,"turns":4},{"damage":24,"enemies":"3 Cultists","floor":21,"turns":5},{"damage":43,"enemies":"Cultist and Chosen","floor":22,"turns":7},{"damage":30,"enemies":"Book of Stabbing","floor":24,"turns":10},{"damage":28,"enemies":"Shelled Parasite and Fungi","floor":30,"turns":5},{"damage":13,"enemies":"Chosen and Byrds","floor":31,"turns":10},{"damage":37,"enemies":"Automaton","floor":33,"turns":10},{"damage":22,"enemies":"3 Shapes","floor":35,"turns":3},{"damage":39,"enemies":"3 Darklings","floor":38,"turns":5},{"damage":1,"enemies":"Sphere and 2 Shapes","floor":39,"turns":8},{"damage":0,"enemies":"Spire Growth","floor":41,"turns":8},{"damage":48,"enemies":"Giant Head","floor":42,"turns":11}],"seed_played":"3920271252947859928","potions_obtained":[{"floor":1,"key":"FocusPotion"},{"floor":4,"key":"Explosive Potion"},{"floor":7,"key":"SkillPotion"},{"floor":16,"key":"FairyPotion"},{"floor":18,"key":"Strength Potion"},{"floor":24,"key":"SteroidPotion"},{"floor":31,"key":"SpeedPotion"},{"floor":33,"key":"SteroidPotion"},{"floor":38,"key":"Weak Potion"},{"floor":41,"key":"PowerPotion"}],"is_trial":false,"path_per_floor":["M","M","$","M","?","R","E","R","T","?","?","T","M","?","R","B",null,"M","M","?","M","M","R","E","R","T","R","$","?","M","M","R","B",null,"M","$","?","M","M","R","M","E"],"character_chosen":"DEFECT","items_purchased":["Defragment","Melter","Defragment","Oddly Smooth Stone","BootSequence","Bronze Scales","Fire Potion"],"campfire_rested":4,"item_purchase_floors":[3,3,28,28,28,36,36],"current_hp_per_floor":[50,50,50,43,43,43,40,40,40,58,57,57,53,53,53,34,70,46,41,41,17,3,39,9,45,45,57,57,57,29,16,55,18,66,44,44,44,5,4,46,46,0],"gold":55,"neow_bonus":"HUNDRED_GOLD","is_prod":false,"is_daily":false,"chose_seed":false,"campfire_upgraded":4,"win_rate":0,"timestamp":1562057818,"path_taken":["M","M","$","M","?","R","E","R","T","?","?","?","M","?","R","BOSS","M","M","?","M","M","R","E","R","T","R","$","?","?","M","R","BOSS","M","$","?","M","M","R","M","E"],"build_version":"2019-07-01","purchased_purges":1,"victory":false,"max_hp_per_floor":[75,75,75,75,75,75,75,75,75,75,82,82,82,82,82,82,82,82,82,82,82,82,82,82,82,82,82,82,82,82,82,82,82,82,82,82,82,82,82,82,82,82],"card_choices":[{"not_picked":["Force Field","Skim"],"picked":"Coolheaded","floor":1},{"not_picked":["Beam Cell","Barrage"],"picked":"Coolheaded","floor":2},{"not_picked":["Scrape","Auto Shields"],"picked":"Capacitor","floor":4},{"not_picked":["Reinforced Body","Sweeping Beam"],"picked":"Static Discharge","floor":7},{"not_picked":["Cold Snap","Beam Cell"],"picked":"Electrodynamics","floor":13},{"not_picked":["Electrodynamics","Hyperbeam"],"picked":"Fission","floor":16},{"not_picked":["Leap","Go for the Eyes+1"],"picked":"Sweeping Beam","floor":18},{"not_picked":["Go for the Eyes","Leap","Streamline"],"picked":"SKIP","floor":19},{"not_picked":["Aggregate","Beam Cell"],"picked":"Streamline","floor":21},{"not_picked":["Auto Shields","Barrage"],"picked":"White Noise","floor":22},{"not_picked":["Conserve Battery","Fusion"],"picked":"Recycle","floor":24},{"not_picked":["Beam Cell","FTL"],"picked":"Stack","floor":30},{"not_picked":["Conserve Battery","Sweeping Beam"],"picked":"Reboot","floor":31},{"not_picked":["Fission","Reboot"],"picked":"Machine Learning","floor":33},{"not_picked":["Barrage","Ball Lightning"],"picked":"Sunder","floor":35},{"not_picked":["Deep Breath","Blind"],"picked":"Thinking Ahead","floor":37},{"not_picked":["Streamline","Static Discharge","Steam"],"picked":"SKIP","floor":38},{"not_picked":["Sweeping Beam","Hello World"],"picked":"Redo","floor":39},{"not_picked":["Compile Driver","Turbo"],"picked":"Chill","floor":41}],"player_experience":897081,"relics_obtained":[{"floor":7,"key":"Blue Candle"},{"floor":9,"key":"Art of War"},{"floor":11,"key":"Strawberry"},{"floor":12,"key":"Matryoshka"},{"floor":24,"key":"PreservedInsect"},{"floor":26,"key":"DataDisk"},{"floor":26,"key":"Vajra"}],"event_choices":[{"damage_healed":0,"gold_gain":0,"player_choice":"Ignored","damage_taken":0,"max_hp_gain":0,"max_hp_loss":0,"event_name":"Liars Game","floor":5,"gold_loss":0},{"damage_healed":18,"gold_gain":0,"player_choice":"Healed","damage_taken":0,"max_hp_gain":0,"max_hp_loss":0,"event_name":"The Cleric","floor":10,"gold_loss":35},{"damage_healed":0,"gold_gain":0,"player_choice":"Searched \u00271\u0027 times","damage_taken":0,"max_hp_gain":0,"max_hp_loss":0,"event_name":"Dead Adventurer","floor":11,"gold_loss":0},{"damage_healed":0,"gold_gain":0,"player_choice":"Box","damage_taken":0,"relics_obtained":["Incense Burner"],"max_hp_gain":0,"max_hp_loss":0,"event_name":"Big Fish","floor":14,"gold_loss":0,"cards_obtained":["Regret"]},{"damage_healed":0,"gold_gain":0,"cards_transformed":["Strike_B","Strike_B"],"player_choice":"Became Test Subject","damage_taken":0,"max_hp_gain":0,"max_hp_loss":0,"event_name":"Drug Dealer","floor":20,"gold_loss":0,"cards_obtained":["Go for the Eyes","Glacier"]},{"damage_healed":0,"gold_gain":0,"player_choice":"0 cards matched","damage_taken":0,"max_hp_gain":0,"max_hp_loss":0,"event_name":"Match and Keep!","floor":29,"gold_loss":0,"cards_obtained":[]},{"damage_healed":0,"gold_gain":0,"player_choice":"Memory 1","damage_taken":0,"max_hp_gain":0,"max_hp_loss":0,"event_name":"SensoryStone","floor":37,"gold_loss":0}],"is_beta":false,"boss_relics":[{"not_picked":["Empty Cage","Orrery"],"picked":"Eternal Feather"},{"not_picked":["Snecko Eye","Pandora\u0027s Box"],"picked":"FrozenCore"}],"items_purged_floors":[3],"is_endless":false,"potions_floor_spawned":[1,4,7,16,18,19,24,31,33,38,39,41],"killed_by":"Giant Head","ascension_level":12}