{"gold_per_floor":[111,121,132,145,164,189,204,204,257,222,1,1,11,25,25,130,130,141,153,153],"floor_reached":20,"playtime":975,"items_purged":["Normality"],"score":232,"play_id":"63ff4138-971f-4096-bf11-1166de6596f8","local_time":"20190425094056","is_ascension_mode":true,"campfire_choices":[{"data":"Intimidate","floor":8,"key":"SMITH"},{"data":"Feel No Pain","floor":12,"key":"SMITH"},{"data":"Armaments","floor":15,"key":"SMITH"}],"neow_cost":"CURSE","seed_source_timestamp":26369614249841,"circlet_count":0,"master_deck":["Strike_R","Strike_R","Strike_R","Strike_R","Strike_R","Defend_R","Defend_R","Defend_R","Defend_R","Bash","Anger","Spot Weakness","Feel No Pain+1","Dropkick","Pummel","Intimidate+1","Power Through","Armaments+1","Rampage","Fiend Fire","Body Slam","Cleave","Disarm","Perfected Strike","Burning Pact","Wild Strike","Pommel Strike"],"relics":["Burning Blood","Red Skull","Pen Nib","Oddly Smooth Stone","Orrery"],"potions_floor_usage":[4,6,16,16,19,20],"damage_taken":[{"damage":12,"enemies":"Jaw Worm","floor":1,"turns":3},{"damage":0,"enemies":"2 Louse","floor":2,"turns":2},{"damage":15,"enemies":"Small Slimes","floor":3,"turns":3},{"damage":27,"enemies":"3 Louse","floor":4,"turns":3},{"damage":11,"enemies":"2 Fungi Beasts","floor":5,"turns":4},{"damage":25,"enemies":"3 Sentries","floor":6,"turns":6},{"damage":8,"enemies":"Blue Slaver","floor":7,"turns":3},{"damage":15,"enemies":"Exordium Thugs","floor":13,"turns":4},{"damage":0,"enemies":"Looter","floor":14,"turns":2},{"damage":28,"enemies":"Hexaghost","floor":16,"turns":8},{"damage":52,"enemies":"Spheric Guardian","floor":18,"turns":8},{"damage":19,"enemies":"Shell Parasite","floor":19,"turns":4},{"damage":39,"enemies":"Shelled Parasite and Fungi","floor":20,"turns":3}],"seed_played":"-1954403939361206802","potions_obtained":[{"floor":1,"key":"AttackPotion"},{"floor":3,"key":"PowerPotion"},{"floor":5,"key":"Strength Potion"},{"floor":7,"key":"FearPotion"},{"floor":14,"key":"SkillPotion"},{"floor":18,"key":"Fire Potion"}],"is_trial":false,"path_per_floor":["M","M","M","M","M","E","M","R","T","?","$","R","M","M","R","B",null,"M","M","M"],"character_chosen":"IRONCLAD","items_purchased":["Oddly Smooth Stone"],"campfire_rested":0,"item_purchase_floors":[11],"current_hp_per_floor":[90,96,87,66,61,42,40,40,40,64,64,64,55,61,61,39,96,50,37,0],"gold":153,"neow_bonus":"TWENTY_PERCENT_HP_BONUS","is_prod":false,"is_daily":false,"chose_seed":false,"campfire_upgraded":3,"win_rate":0,"timestamp":1556149256,"path_taken":["M","M","M","M","M","E","M","R","T","?","$","R","M","M","R","BOSS","M","M","M"],"build_version":"2019-01-23","purchased_purges":1,"victory":false,"max_hp_per_floor":[96,96,96,96,96,96,96,96,96,96,96,96,96,96,96,96,96,96,96,96],"card_choices":[{"not_picked":["Pummel","Intimidate"],"picked":"Anger","floor":1},{"not_picked":["Havoc","Headbutt"],"picked":"Spot Weakness","floor":2},{"not_picked":["Dual Wield","Bloodletting"],"picked":"Feel No Pain","floor":3},{"not_picked":["Warcry","Corruption"],"picked":"Dropkick","floor":4},{"not_picked":["Rupture","Sever Soul"],"picked":"Pummel","floor":5},{"not_picked":["Bloodletting","Ghostly Armor"],"picked":"Intimidate","floor":6},{"not_picked":["Warcry","Iron Wave"],"picked":"Power Through","floor":7},{"not_picked":["Headbutt","Combust"],"picked":"Armaments","floor":13},{"not_picked":["Shrug It Off","Intimidate"],"picked":"Rampage","floor":14},{"not_picked":["Impervious","Exhume"],"picked":"Fiend Fire","floor":16},{"not_picked":["Havoc","Shrug It Off"],"picked":"Body Slam","floor":17},{"not_picked":["Iron Wave","Battle Trance"],"picked":"Cleave","floor":17},{"not_picked":["Headbutt","Pommel Strike"],"picked":"Disarm","floor":17},{"not_picked":["Havoc","Thunderclap"],"picked":"Perfected Strike","floor":17},{"not_picked":["True Grit","Carnage"],"picked":"Burning Pact","floor":17},{"not_picked":["Reckless Charge","Sword Boomerang+1"],"picked":"Wild Strike","floor":18},{"not_picked":["Armaments","Havoc"],"picked":"Pommel Strike","floor":19}],"player_experience":476214,"relics_obtained":[{"floor":6,"key":"Red Skull"},{"floor":9,"key":"Pen Nib"}],"event_choices":[{"damage_healed":24,"gold_gain":0,"player_choice":"Healed","damage_taken":0,"max_hp_gain":0,"max_hp_loss":0,"event_name":"The Cleric","floor":10,"gold_loss":35}],"is_beta":false,"boss_relics":[{"not_picked":["Black Star","Philosopher\u0027s Stone"],"picked":"Orrery"}],"items_purged_floors":[11],"is_endless":false,"potions_floor_spawned":[1,3,5,7,14,18],"killed_by":"Shelled Parasite and Fungi","ascension_level":3}