{"gold_per_floor":[211,225,243,132,132,132,132,132,179,197,79,95,111,129,129,232,232,251,261,261,311,326,189,201,217,217,217,228,239,239,239,239,344,344,344],"floor_reached":35,"playtime":3524,"items_purged":["Strike_R","Strike_R","Strike_R"],"score":353,"play_id":"0e0394be-214e-4f94-8c2e-569f036b5c25","local_time":"20190717041528","is_ascension_mode":false,"campfire_choices":[{"data":"Entrench","floor":6,"key":"SMITH"},{"data":"Ghostly Armor","floor":8,"key":"SMITH"},{"data":"Body Slam","floor":15,"key":"SMITH"},{"floor":27,"key":"REST"},{"data":"Brutality","floor":32,"key":"SMITH"}],"neow_cost":"NONE","seed_source_timestamp":42366027996325,"circlet_count":0,"master_deck":["Strike_R+1","Defend_R","Defend_R","Defend_R","Defend_R","Iron Wave","Ghostly Armor+1","Body Slam+1","Entrench+1","Flame Barrier","Metallicize","Armaments+1","Impatience","Ghostly Armor","Brutality+1","Shrug It Off+1","Impervious+1"],"relics":["Burning Blood","Smiling Mask","Sozu","Toxic Egg 2","Runic Pyramid"],"potions_floor_usage":[16,16,33],"damage_taken":[{"damage":5,"enemies":"Jaw Worm","floor":1,"turns":5},{"damage":5,"enemies":"Cultist","floor":2,"turns":4},{"damage":2,"enemies":"Small Slimes","floor":3,"turns":3},{"damage":0,"enemies":"2 Fungi Beasts","floor":10,"turns":4},{"damage":7,"enemies":"3 Louse","floor":12,"turns":5},{"damage":0,"enemies":"Exordium Wildlife","floor":13,"turns":6},{"damage":2,"enemies":"Gremlin Gang","floor":14,"turns":8},{"damage":30,"enemies":"Hexaghost","floor":16,"turns":13},{"damage":9,"enemies":"Chosen","floor":18,"turns":6},{"damage":0,"enemies":"Shell Parasite","floor":19,"turns":7},{"damage":17,"enemies":"Centurion and Healer","floor":22,"turns":14},{"damage":21,"enemies":"Snake Plant","floor":24,"turns":5},{"damage":19,"enemies":"Cultist and Chosen","floor":25,"turns":11},{"damage":18,"enemies":"Sentry and Sphere","floor":28,"turns":10},{"damage":6,"enemies":"Shelled Parasite and Fungi","floor":29,"turns":7},{"damage":20,"enemies":"Collector","floor":33,"turns":13},{"damage":3,"enemies":"3 Darklings","floor":35,"turns":4}],"seed_played":"-2434334641941351567","potions_obtained":[{"floor":3,"key":"FearPotion"},{"floor":10,"key":"FearPotion"},{"floor":13,"key":"GamblersBrew"}],"is_trial":false,"path_per_floor":["M","M","M","$","?","R","?","R","T","M","$","M","M","M","R","B",null,"M","M","?","T","M","$","M","M","T","R","M","M","?","?","R","B",null,"M"],"character_chosen":"IRONCLAD","items_purchased":["Entrench","Metallicize","Impatience"],"campfire_rested":1,"item_purchase_floors":[4,11,23],"current_hp_per_floor":[80,80,80,80,64,64,64,64,64,70,70,69,75,79,79,55,80,77,80,65,65,54,54,39,26,26,51,39,39,39,67,67,53,85,82],"gold":344,"neow_bonus":"HUNDRED_GOLD","is_prod":false,"is_daily":false,"chose_seed":false,"campfire_upgraded":4,"win_rate":0,"timestamp":1563329728,"path_taken":["M","M","M","$","?","R","?","R","T","?","$","M","M","M","R","BOSS","M","M","?","?","M","$","M","M","T","R","?","M","?","?","R","BOSS","M"],"build_version":"2019-07-05","purchased_purges":3,"victory":false,"max_hp_per_floor":[80,80,80,80,80,80,80,80,80,80,80,80,80,80,80,80,80,80,80,85,85,85,85,85,85,85,85,85,85,85,85,85,85,85,85],"card_choices":[{"not_picked":["Corruption","Combust"],"picked":"Iron Wave","floor":1},{"not_picked":["Wild Strike","Feel No Pain"],"picked":"Ghostly Armor","floor":2},{"not_picked":["Blood for Blood","Clothesline"],"picked":"Body Slam","floor":3},{"not_picked":["Havoc","Burning Pact"],"picked":"Flame Barrier","floor":10},{"not_picked":["Second Wind","Bloodletting","Twin Strike"],"picked":"SKIP","floor":12},{"not_picked":["Heavy Blade","True Grit","Wild Strike"],"picked":"SKIP","floor":13},{"not_picked":["Rage","Thunderclap","Anger"],"picked":"SKIP","floor":14},{"not_picked":["Fire Breathing","Rupture+1","Warcry"],"picked":"SKIP","floor":18},{"not_picked":["Heavy Blade","Headbutt","Feel No Pain"],"picked":"SKIP","floor":19},{"not_picked":["Carnage+1","Infernal Blade"],"picked":"Armaments+1","floor":22},{"not_picked":["Entrench+1","True Grit+1","Sword Boomerang"],"picked":"SKIP","floor":24},{"not_picked":["Cleave","Sword Boomerang"],"picked":"Ghostly Armor","floor":25},{"not_picked":["Evolve","Rampage"],"picked":"Brutality","floor":28},{"not_picked":["Headbutt","Battle Trance+1"],"picked":"Shrug It Off+1","floor":29},{"not_picked":["Reaper","Bludgeon"],"picked":"Impervious+1","floor":33}],"player_experience":186794,"relics_obtained":[{"floor":9,"key":"Smiling Mask"},{"floor":26,"key":"Toxic Egg 2"}],"event_choices":[{"damage_healed":0,"gold_gain":0,"player_choice":"Entered Light","damage_taken":16,"max_hp_gain":0,"max_hp_loss":0,"event_name":"Shining Light","floor":5,"gold_loss":0,"cards_upgraded":["Strike_R","Strike_R"]},{"cards_removed":["Strike_R"],"damage_healed":0,"gold_gain":0,"player_choice":"Offered Basic","damage_taken":0,"max_hp_gain":0,"max_hp_loss":0,"event_name":"Bonfire Elementals","floor":7,"gold_loss":0},{"damage_healed":0,"gold_gain":0,"player_choice":"Shed Blood","damage_taken":20,"max_hp_gain":5,"max_hp_loss":0,"event_name":"Forgotten Altar","floor":20,"gold_loss":0},{"cards_removed":["Bash"],"damage_healed":0,"gold_gain":0,"player_choice":"Elegance","damage_taken":0,"max_hp_gain":0,"max_hp_loss":0,"event_name":"Back to Basics","floor":30,"gold_loss":0},{"damage_healed":28,"gold_gain":0,"player_choice":"Heal","damage_taken":0,"max_hp_gain":0,"max_hp_loss":0,"event_name":"The Library","floor":31,"gold_loss":0}],"is_beta":false,"boss_relics":[{"not_picked":["Busted Crown","Empty Cage"],"picked":"Sozu"},{"not_picked":["Fusion Hammer","Black Blood"],"picked":"Runic Pyramid"}],"items_purged_floors":[4,11,23],"is_endless":false,"potions_floor_spawned":[3,10,13,14,24,28,29,33],"killed_by":"3 Darklings","ascension_level":0}