{"gold_per_floor":[119,136,136,152,227,262,279,607,687,712,731,731,747,763,763,863,863,880,790,220,237,247,247,278,278,278,298,330,330,87,99,99,204,204,223,223,223,30,48,64,98,98,169,169,181,199,234,29,29,29],"floor_reached":51,"playtime":2734,"items_purged":["Strike_B","Defend_B"],"score":913,"play_id":"d06f9004-8ea1-4641-b77b-2047f265228a","local_time":"20190125174519","is_ascension_mode":true,"campfire_choices":[{"data":"Dualcast","floor":15,"key":"SMITH"},{"data":"Double Energy","floor":23,"key":"SMITH"},{"data":"Loop","floor":29,"key":"SMITH"},{"floor":32,"key":"REST"},{"data":"Glacier","floor":44,"key":"SMITH"},{"floor":49,"key":"REST"}],"neow_cost":"NONE","seed_source_timestamp":713269321423878,"circlet_count":0,"master_deck":["Strike_B","Strike_B","Defend_B+1","Defend_B","Defend_B","Zap+1","Dualcast+1","Seek","Streamline","Ball Lightning","Coolheaded","Conserve Battery","Cold Snap","Ball Lightning","Cold Snap","Sweeping Beam","Machine Learning","Conserve Battery","Double Energy+1","FTL","Double Energy+1","Loop+1","Glacier+1","Rebound","Consume+1","Echo Form"],"relics":["Cracked Core","Orichalcum","Old Coin","Meat on the Bone","Happy Flower","Blood Vial","Runic Pyramid","Letter Opener","Pear","Ornamental Fan","Sundial","Bronze Scales","DataDisk","Nuclear Battery","OrangePellets","Dead Branch","Bottled Flame","Centennial Puzzle","HandDrill"],"potions_floor_usage":[8,14,18,24,45,50,50],"damage_taken":[{"damage":7,"enemies":"Jaw Worm","floor":1,"turns":3},{"damage":2,"enemies":"2 Louse","floor":2,"turns":2},{"damage":0,"enemies":"Cultist","floor":4,"turns":2},{"damage":20,"enemies":"3 Sentries","floor":6,"turns":7},{"damage":6,"enemies":"Large Slime","floor":7,"turns":4},{"damage":10,"enemies":"Gremlin Nob","floor":8,"turns":3},{"damage":13,"enemies":"3 Sentries","floor":10,"turns":6},{"damage":11,"enemies":"Exordium Thugs","floor":11,"turns":4},{"damage":3,"enemies":"2 Fungi Beasts","floor":13,"turns":3},{"damage":1,"enemies":"3 Louse","floor":14,"turns":2},{"damage":31,"enemies":"Hexaghost","floor":16,"turns":10},{"damage":22,"enemies":"2 Thieves","floor":18,"turns":4},{"damage":1,"enemies":"Chosen","floor":21,"turns":4},{"damage":1,"enemies":"Snecko","floor":22,"turns":5},{"damage":28,"enemies":"Gremlin Leader","floor":24,"turns":6},{"damage":14,"enemies":"Chosen and Byrds","floor":27,"turns":5},{"damage":15,"enemies":"Slavers","floor":28,"turns":5},{"damage":9,"enemies":"Shelled Parasite and Fungi","floor":31,"turns":3},{"damage":14,"enemies":"Automaton","floor":33,"turns":9},{"damage":18,"enemies":"3 Shapes","floor":35,"turns":3},{"damage":12,"enemies":"3 Darklings","floor":39,"turns":4},{"damage":9,"enemies":"Writhing Mass","floor":40,"turns":7},{"damage":9,"enemies":"Nemesis","floor":41,"turns":7},{"damage":11,"enemies":"Jaw Worm Horde","floor":45,"turns":5},{"damage":29,"enemies":"Spire Growth","floor":46,"turns":4},{"damage":4,"enemies":"Giant Head","floor":47,"turns":9},{"damage":35,"enemies":"Time Eater","floor":50,"turns":12}],"seed_played":"-3541037570119908991","potions_obtained":[{"floor":1,"key":"SteroidPotion"},{"floor":6,"key":"GamblersBrew"},{"floor":10,"key":"Poison Potion"},{"floor":11,"key":"EssenceOfSteel"},{"floor":16,"key":"EssenceOfSteel"},{"floor":18,"key":"Dexterity Potion"},{"floor":24,"key":"Energy Potion"},{"floor":35,"key":"Regen Potion"},{"floor":39,"key":"FairyPotion"},{"floor":46,"key":"Poison Potion"}],"is_trial":false,"path_per_floor":["M","M","?","M","?","E","M","E","T","E","M","T","M","M","R","B",null,"M","?","$","M","M","R","E","?","T","M","E","R","$","M","R","B",null,"M","?","?","$","M","M","E","?","T","R","M","M","E","$","R","B",null],"character_chosen":"DEFECT","items_purchased":["Letter Opener","Pear","DataDisk","OrangePellets","HandDrill"],"campfire_rested":2,"item_purchase_floors":[20,20,30,38,48],"current_hp_per_floor":[68,66,66,66,55,35,29,19,19,18,19,19,30,43,43,26,75,53,53,63,64,65,65,51,51,51,51,50,50,50,43,68,56,85,67,67,67,67,57,50,43,43,43,43,43,28,38,38,61,40],"gold":29,"neow_bonus":"ONE_RANDOM_RARE_CARD","is_prod":false,"is_daily":false,"chose_seed":false,"campfire_upgraded":4,"win_rate":0,"timestamp":1548456319,"path_taken":["M","M","?","M","?","E","M","E","T","E","M","?","M","M","R","BOSS","M","?","?","M","M","R","E","?","T","M","E","R","$","M","R","BOSS","M","?","?","$","M","M","E","?","T","R","M","M","E","$","R","BOSS"],"build_version":"2019-01-23","purchased_purges":2,"victory":true,"max_hp_per_floor":[75,75,75,75,75,75,75,75,75,75,75,75,75,75,75,75,75,75,75,85,85,85,85,85,85,85,85,85,85,85,85,85,85,85,85,81,81,81,81,81,81,78,78,78,78,78,78,78,78,78],"card_choices":[{"not_picked":["Steam Power","Gash"],"picked":"Streamline","floor":1},{"not_picked":["Scrape","Blizzard"],"picked":"Ball Lightning","floor":2},{"not_picked":["Go for the Eyes","Redo"],"picked":"Coolheaded","floor":4},{"not_picked":["Storm","Recycle","Heatsinks"],"picked":"SKIP","floor":6},{"not_picked":["Machine Learning","Beam Cell"],"picked":"Conserve Battery","floor":7},{"not_picked":["Darkness","Hologram"],"picked":"Cold Snap","floor":8},{"not_picked":["Hologram","Compile Driver"],"picked":"Ball Lightning","floor":10},{"not_picked":["Go for the Eyes","Sunder"],"picked":"Cold Snap","floor":11},{"not_picked":["Compile Driver","Reinforced Body","Streamline"],"picked":"SKIP","floor":13},{"not_picked":["Stack","Rainbow"],"picked":"Sweeping Beam","floor":14},{"not_picked":["Meteor Strike","All For One"],"picked":"Machine Learning","floor":16},{"not_picked":["Steam Power","Tempest"],"picked":"Conserve Battery","floor":18},{"not_picked":["Barrage","Stack","Genetic Algorithm"],"picked":"SKIP","floor":21},{"not_picked":["Static Discharge+1","White Noise"],"picked":"Double Energy","floor":22},{"not_picked":["Streamline+1","Skim","Barrage+1"],"picked":"SKIP","floor":24},{"not_picked":["Genetic Algorithm","FTL"],"picked":"Double Energy+1","floor":27},{"not_picked":["Reinforced Body","Amplify"],"picked":"Loop","floor":28},{"not_picked":["Cold Snap+1","Steam","Sweeping Beam"],"picked":"SKIP","floor":31},{"not_picked":["Steam Power","Steam+1"],"picked":"Glacier","floor":35},{"not_picked":["Compile Driver","Steam"],"picked":"Rebound","floor":39},{"not_picked":["Sunder+1","Genetic Algorithm+1"],"picked":"Consume+1","floor":40},{"not_picked":["Rebound","Conserve Battery","Tempest+1"],"picked":"SKIP","floor":41},{"not_picked":["Chill","Genetic Algorithm","Conserve Battery+1"],"picked":"SKIP","floor":45},{"not_picked":["Doom and Gloom+1","Auto Shields+1"],"picked":"Echo Form","floor":46},{"not_picked":["Leap+1","Steam","Lockon"],"picked":"SKIP","floor":47}],"player_experience":111812,"relics_obtained":[{"floor":6,"key":"Orichalcum"},{"floor":8,"key":"Old Coin"},{"floor":9,"key":"Meat on the Bone"},{"floor":10,"key":"Happy Flower"},{"floor":12,"key":"Blood Vial"},{"floor":24,"key":"Ornamental Fan"},{"floor":26,"key":"Sundial"},{"floor":28,"key":"Bronze Scales"},{"floor":41,"key":"Dead Branch"},{"floor":43,"key":"Bottled Flame"},{"floor":47,"key":"Centennial Puzzle"}],"event_choices":[{"damage_healed":0,"gold_gain":0,"player_choice":"Grow","damage_taken":0,"max_hp_gain":0,"max_hp_loss":0,"event_name":"Living Wall","floor":3,"gold_loss":0,"cards_upgraded":["Zap"]},{"damage_healed":0,"gold_gain":75,"player_choice":"Gather Gold","damage_taken":11,"max_hp_gain":0,"max_hp_loss":0,"event_name":"World of Goop","floor":5,"gold_loss":0},{"cards_removed":["Strike_B"],"damage_healed":0,"gold_gain":0,"player_choice":"Upgrade and Remove","damage_taken":0,"max_hp_gain":0,"max_hp_loss":0,"event_name":"Designer","floor":19,"gold_loss":90,"cards_upgraded":["Defend_B"]},{"damage_healed":0,"gold_gain":0,"player_choice":"1 cards matched","damage_taken":0,"max_hp_gain":0,"max_hp_loss":0,"event_name":"Match and Keep!","floor":25,"gold_loss":0,"cards_obtained":["FTL"]},{"damage_healed":0,"gold_gain":0,"player_choice":"Max HP","damage_taken":0,"max_hp_gain":0,"max_hp_loss":4,"event_name":"Winding Halls","floor":36,"gold_loss":0},{"damage_healed":0,"gold_gain":0,"player_choice":"Ignored","damage_taken":0,"max_hp_gain":0,"max_hp_loss":0,"event_name":"Tomb of Lord Red Mask","floor":37,"gold_loss":0},{"cards_removed":["Parasite"],"damage_healed":0,"gold_gain":0,"player_choice":"Removed Curses","damage_taken":0,"max_hp_gain":0,"max_hp_loss":0,"event_name":"Fountain of Cleansing","floor":42,"gold_loss":0}],"is_beta":false,"boss_relics":[{"not_picked":["Calling Bell","Black Star"],"picked":"Runic Pyramid"},{"not_picked":["Sozu","Runic Dome"],"picked":"Nuclear Battery"}],"items_purged_floors":[20,30],"is_endless":false,"potions_floor_spawned":[1,6,10,11,16,18,22,24,33,35,39,41,46],"ascension_level":4}