{"gold_per_floor":[211,211,286,298,317,346,362,362,662,680,680,694,725,742,742,844,844,859,884,396,413,413,413,261,276,358,358,389,389],"floor_reached":29,"playtime":1102,"items_purged":["Strike_B","Defend_B"],"score":255,"play_id":"83b05f84-5728-4fd4-bd31-f97672c5f959","local_time":"20190108185841","is_ascension_mode":false,"campfire_choices":[{"data":"Biased Cognition","floor":8.0,"key":"SMITH"},{"floor":15.0,"key":"REST"},{"data":"Thunder Strike","floor":23.0,"key":"SMITH"},{"data":"Loop","floor":27.0,"key":"SMITH"}],"neow_cost":"NONE","seed_source_timestamp":1146033706096709,"circlet_count":0,"master_deck":["Strike_B","Strike_B","Strike_B","Defend_B","Defend_B","Defend_B","Zap","Dualcast","Lockon","Coolheaded","Beam Cell","Capacitor","Biased Cognition+1","Ball Lightning+1","Rip and Tear","Loop+1","Thunder Strike+1","Redo+1","Leap","BootSequence"],"special_seed":0,"relics":["Cracked Core","Bird Faced Urn","Incense Burner","Old Coin","NlothsMask","Ornamental Fan","Strawberry","Bottled Flame","Sundial","Bag of Marbles"],"potions_floor_usage":[28],"damage_taken":[{"damage":0.0,"enemies":"Cultist","floor":1.0,"turns":3.0},{"damage":6.0,"enemies":"Jaw Worm","floor":4.0,"turns":3.0},{"damage":10.0,"enemies":"Small Slimes","floor":5.0,"turns":3.0},{"damage":25.0,"enemies":"3 Sentries","floor":6.0,"turns":8.0},{"damage":13.0,"enemies":"Red Slaver","floor":7.0,"turns":4.0},{"damage":3.0,"enemies":"Looter","floor":10.0,"turns":3.0},{"damage":11.0,"enemies":"Gremlin Gang","floor":12.0,"turns":4.0},{"damage":17.0,"enemies":"Lagavulin","floor":13.0,"turns":4.0},{"damage":1.0,"enemies":"2 Fungi Beasts","floor":14.0,"turns":3.0},{"damage":29.0,"enemies":"The Guardian","floor":16.0,"turns":7.0},{"damage":27.0,"enemies":"Shell Parasite","floor":18.0,"turns":5.0},{"damage":23.0,"enemies":"3 Byrds","floor":21.0,"turns":4.0},{"damage":0.0,"enemies":"Snecko","floor":25.0,"turns":3.0},{"damage":43,"enemies":"Slavers","floor":28,"turns":4},{"damage":11,"enemies":"Centurion and Healer","floor":29,"turns":6}],"seed_played":"-4702510090842157531","potions_obtained":[{"floor":4.0,"key":"Regen Potion"},{"floor":5.0,"key":"Regen Potion"},{"floor":12.0,"key":"Explosive Potion"},{"floor":16.0,"key":"FocusPotion"},{"floor":25.0,"key":"Ancient Potion"},{"floor":28,"key":"GamblersBrew"}],"is_trial":false,"path_per_floor":["M","?","?","M","M","E","M","R","T","M","?","M","E","M","R","B",null,"M","T","$","M","?","R","$","M","T","R","E","M"],"character_chosen":"DEFECT","items_purchased":["Strawberry","Bottled Flame","Leap"],"campfire_rested":1,"item_purchase_floors":[20,20,24],"current_hp_per_floor":[75,57,46,40,30,54,43,43,43,44,44,37,22,23,45,22,75,52,52,59,40,40,40,40,44,44,44,5,0],"gold":389,"neow_bonus":"HUNDRED_GOLD","is_prod":false,"is_daily":false,"chose_seed":false,"campfire_upgraded":3,"win_rate":0.0,"timestamp":1546991921,"path_taken":["M","?","?","M","M","E","M","R","T","?","?","M","E","M","R","BOSS","M","?","$","M","?","R","$","M","T","R","E","M"],"build_version":"2019-01-03v4","purchased_purges":2,"victory":false,"max_hp_per_floor":[75,75,75,75,75,75,75,75,75,75,75,75,75,75,75,75,75,75,75,82,82,82,82,82,82,82,82,82,82],"card_choices":[{"not_picked":["Go for the Eyes","Stack"],"picked":"Lockon","floor":1.0},{"not_picked":["Barrage","Undo"],"picked":"Coolheaded","floor":4.0},{"not_picked":["Go for the Eyes","Leap"],"picked":"Beam Cell","floor":5.0},{"not_picked":["Redo","Hologram"],"picked":"Capacitor","floor":6.0},{"not_picked":["White Noise","Streamline"],"picked":"Biased Cognition","floor":7.0},{"not_picked":["Rebound","Stack","Scrape"],"picked":"SKIP","floor":10.0},{"not_picked":["Doom and Gloom","Genetic Algorithm"],"picked":"Ball Lightning","floor":12.0},{"not_picked":["Turbo","Undo"],"picked":"Rip and Tear","floor":13.0},{"not_picked":["Redo","Defragment"],"picked":"Loop","floor":14.0},{"not_picked":["Seek","Meteor Strike"],"picked":"Thunder Strike","floor":16.0},{"not_picked":["Hologram","Steam Power"],"picked":"Redo+1","floor":18.0},{"not_picked":["Force Field","Coolheaded","Rebound"],"picked":"SKIP","floor":21.0},{"not_picked":["Cold Snap","Gash+1"],"picked":"BootSequence","floor":25.0},{"not_picked":["Double Energy","Biased Cognition","FTL"],"picked":"SKIP","floor":28}],"player_experience":24554,"relics_obtained":[{"floor":6.0,"key":"Incense Burner"},{"floor":9.0,"key":"Old Coin"},{"floor":13.0,"key":"Ornamental Fan"},{"floor":26.0,"key":"Sundial"},{"floor":28,"key":"Bag of Marbles"}],"event_choices":[{"damage_healed":0.0,"max_hp_gain":0.0,"max_hp_loss":0.0,"gold_gain":0.0,"event_name":"Scrap Ooze","player_choice":"Success","floor":2.0,"gold_loss":0.0,"damage_taken":18.0,"relics_obtained":["Bird Faced Urn"]},{"damage_healed":0.0,"max_hp_gain":0.0,"max_hp_loss":0.0,"gold_gain":75.0,"event_name":"World of Goop","player_choice":"Gather Gold","floor":3.0,"gold_loss":0.0,"damage_taken":11.0},{"damage_healed":0.0,"max_hp_gain":0.0,"max_hp_loss":0.0,"gold_gain":0.0,"event_name":"FaceTrader","player_choice":"Trade","floor":11.0,"gold_loss":0.0,"damage_taken":0.0,"relics_obtained":["NlothsMask"]},{"damage_healed":0.0,"max_hp_gain":0.0,"max_hp_loss":0.0,"gold_gain":0.0,"event_name":"Upgrade Shrine","player_choice":"Upgraded","floor":22.0,"gold_loss":0.0,"damage_taken":0.0,"cards_upgraded":["Ball Lightning"]}],"is_beta":false,"boss_relics":[{"not_picked":["Snecko Eye","Velvet Choker","FrozenCore"]}],"items_purged_floors":[20,24],"is_endless":false,"potions_floor_spawned":[4,5,12,16,25,28],"killed_by":"Centurion and Healer","ascension_level":0}