{"gold_per_floor":[218,218,218,293,30,30,41,68,68,68,87,119,139,36,36,36],"floor_reached":16,"playtime":615,"items_purged":[],"score":216,"play_id":"ed5b1b37-6961-40b1-b97d-36f5634ac9cf","local_time":"20190713143555","is_ascension_mode":true,"campfire_choices":[{"floor":6.0,"key":"REST"},{"floor":10.0,"key":"REST"},{"data":"A Thousand Cuts","floor":15,"key":"SMITH"}],"neow_cost":"NONE","seed_source_timestamp":0,"circlet_count":0,"master_deck":["AscendersBane","Strike_G","Strike_G+1","Strike_G","Strike_G","Strike_G","Defend_G","Defend_G","Defend_G","Defend_G","Defend_G","Survivor","Neutralize+1","Leg Sweep","Flying Knee","A Thousand Cuts+1","Leg Sweep","Backflip","Noxious Fumes","Bandage Up"],"special_seed":0,"relics":["Ring of the Snake","Boot","Pear","Anchor","Bottled Tornado","PreservedInsect"],"potions_floor_usage":[12,16],"damage_taken":[{"damage":0.0,"enemies":"2 Louse","floor":1.0,"turns":3.0},{"damage":4.0,"enemies":"Small Slimes","floor":7.0,"turns":5.0},{"damage":28.0,"enemies":"3 Sentries","floor":8.0,"turns":11.0},{"damage":0.0,"enemies":"Jaw Worm","floor":11.0,"turns":4.0},{"damage":30,"enemies":"Gremlin Nob","floor":12,"turns":5},{"damage":3,"enemies":"Exordium Thugs","floor":13,"turns":5},{"damage":12,"enemies":"Hexaghost","floor":16,"turns":9}],"seed_played":"908556972219056","potions_obtained":[{"floor":1.0,"key":"SkillPotion"},{"floor":11.0,"key":"Fire Potion"},{"floor":13,"key":"Explosive Potion"}],"is_trial":false,"path_per_floor":["M","?","?","?","$","R","M","E","T","R","M","E","M","$","R","B"],"character_chosen":"THE_SILENT","items_purchased":["Pear","Bandage Up"],"campfire_rested":2,"item_purchase_floors":[5,14],"current_hp_per_floor":[59,39,28,17,27,49,45,17,17,39,39,9,6,6,6,0],"gold":36,"neow_bonus":"HUNDRED_GOLD","is_prod":false,"is_daily":false,"chose_seed":false,"campfire_upgraded":1,"win_rate":0,"timestamp":1563042955,"path_taken":["M","?","?","?","$","R","?","E","T","R","M","E","M","?","R","BOSS"],"build_version":"2019-07-10","purchased_purges":0,"victory":false,"max_hp_per_floor":[66,66,66,66,76,76,76,76,76,76,76,76,76,76,76,76],"card_choices":[{"not_picked":["Acrobatics","Bane"],"picked":"Leg Sweep","floor":1.0},{"not_picked":["Prepared","Choke"],"picked":"Flying Knee","floor":7.0},{"not_picked":["Setup","Dodge and Roll"],"picked":"A Thousand Cuts","floor":8.0},{"not_picked":["Distraction","Dagger Throw"],"picked":"Leg Sweep","floor":11.0},{"not_picked":["Deadly Poison","Flying Knee"],"picked":"Backflip","floor":12},{"not_picked":["Deadly Poison","Flechettes"],"picked":"Noxious Fumes","floor":13}],"player_experience":3213702,"relics_obtained":[{"floor":8.0,"key":"Anchor"},{"floor":9.0,"key":"Bottled Tornado"},{"floor":12,"key":"PreservedInsect"}],"event_choices":[{"damage_healed":0.0,"max_hp_gain":0.0,"max_hp_loss":0.0,"gold_gain":0.0,"event_name":"Shining Light","player_choice":"Entered Light","floor":2.0,"gold_loss":0.0,"damage_taken":20.0,"cards_upgraded":["Neutralize","Strike_G"]},{"damage_healed":0.0,"max_hp_gain":0.0,"max_hp_loss":0.0,"gold_gain":0.0,"event_name":"Scrap Ooze","player_choice":"Success","floor":3.0,"gold_loss":0.0,"damage_taken":11.0,"relics_obtained":["Boot"]},{"damage_healed":0.0,"max_hp_gain":0.0,"max_hp_loss":0.0,"gold_gain":75.0,"event_name":"World of Goop","player_choice":"Gather Gold","floor":4.0,"gold_loss":0.0,"damage_taken":11.0}],"is_beta":true,"boss_relics":[],"items_purged_floors":[],"is_endless":false,"potions_floor_spawned":[1,11,13],"killed_by":"Hexaghost","ascension_level":20}