{"gold_per_floor":[109,109,121,71,71,71,84,84,111,126,154,79,94,105,105,205,205,216,234,234,234,134,134,134,134,159,159,179,179,179,212,212,314,314,327,237,252,127,137,171,171,199,223,223,236,86,86,101,101,101],"floor_reached":50,"playtime":2793,"items_purged":["Strike_R","Strike_R","Rupture+1","Armaments+1"],"score":583,"play_id":"fb2b7e79-bcdf-4ead-9ac1-86f25cee1392","local_time":"20190709033713","is_ascension_mode":false,"campfire_choices":[{"data":"Searing Blow+1","floor":6,"key":"SMITH"},{"data":"Searing Blow+2","floor":8,"key":"SMITH"},{"data":"Searing Blow+3","floor":15,"key":"SMITH"},{"data":"Bash","floor":23,"key":"SMITH"},{"data":"Searing Blow+4","floor":25,"key":"SMITH"},{"data":"Searing Blow+5","floor":27,"key":"SMITH"},{"data":"Searing Blow+6","floor":30,"key":"SMITH"},{"data":"Searing Blow+7","floor":32,"key":"SMITH"},{"data":"Searing Blow+8","floor":41,"key":"SMITH"},{"data":"Searing Blow+9","floor":44,"key":"SMITH"},{"data":"Searing Blow+10","floor":49,"key":"SMITH"}],"neow_cost":"NONE","seed_source_timestamp":59272553739435,"circlet_count":0,"master_deck":["Bash+1","Searing Blow+11","Impervious+1","Battle Trance+1","Impervious+1","Twin Strike+1"],"relics":["Philosopher\u0027s Stone","Potion Belt","Odd Mushroom","Bronze Scales","Shuriken","Regal Pillow","Astrolabe","Champion Belt","Darkstone Periapt","Vajra"],"potions_floor_usage":[11,40,50,50,50,50,50],"damage_taken":[{"damage":5,"enemies":"Jaw Worm","floor":1,"turns":3},{"damage":1,"enemies":"2 Louse","floor":3,"turns":3},{"damage":6,"enemies":"Small Slimes","floor":7,"turns":3},{"damage":4,"enemies":"Red Slaver","floor":10,"turns":2},{"damage":0,"enemies":"The Mushroom Lair","floor":11,"turns":4},{"damage":2,"enemies":"Looter","floor":13,"turns":3},{"damage":0,"enemies":"2 Fungi Beasts","floor":14,"turns":2},{"damage":34,"enemies":"The Guardian","floor":16,"turns":8},{"damage":3,"enemies":"Chosen","floor":18,"turns":5},{"damage":11,"enemies":"Shell Parasite","floor":19,"turns":2},{"damage":1,"enemies":"Cultist and Chosen","floor":28,"turns":4},{"damage":0,"enemies":"Slavers","floor":31,"turns":2},{"damage":30,"enemies":"Collector","floor":33,"turns":4},{"damage":8,"enemies":"3 Shapes","floor":35,"turns":3},{"damage":0,"enemies":"3 Darklings","floor":37,"turns":2},{"damage":0,"enemies":"Spire Growth","floor":39,"turns":2},{"damage":10,"enemies":"Giant Head","floor":40,"turns":4},{"damage":0,"enemies":"Nemesis","floor":42,"turns":3},{"damage":0,"enemies":"Writhing Mass","floor":45,"turns":2},{"damage":3,"enemies":"4 Shapes","floor":48,"turns":4},{"damage":62,"enemies":"Awakened One","floor":50,"turns":5}],"seed_played":"7375119468806836761","potions_obtained":[{"floor":3,"key":"Ancient Potion"},{"floor":7,"key":"Fire Potion"},{"floor":11,"key":"Weak Potion"},{"floor":14,"key":"Strength Potion"},{"floor":28,"key":"PowerPotion"},{"floor":31,"key":"Explosive Potion"},{"floor":40,"key":"SmokeBomb"},{"floor":42,"key":"Dexterity Potion"}],"is_trial":false,"path_per_floor":["M","?","M","?","?","R","M","R","T","M","?","$","M","M","R","B",null,"M","M","?","?","$","R","?","R","T","R","M","T","R","E","R","B",null,"M","?","M","$","M","E","R","E","T","R","M","$","?","M","R","B"],"character_chosen":"IRONCLAD","items_purchased":[],"campfire_rested":0,"item_purchase_floors":[],"current_hp_per_floor":[75,68,67,67,67,67,61,61,61,57,57,57,55,55,55,21,80,77,66,66,66,66,66,50,50,50,50,49,49,49,49,49,19,80,72,72,72,72,72,62,62,62,62,62,62,62,62,59,59,0],"gold":101,"neow_bonus":"BOSS_RELIC","is_prod":false,"is_daily":false,"chose_seed":false,"campfire_upgraded":11,"win_rate":0.0,"timestamp":1562636233,"path_taken":["M","?","M","?","?","R","M","R","T","?","?","$","M","M","R","BOSS","M","M","?","?","$","R","?","R","T","R","M","?","R","E","R","BOSS","M","?","M","$","?","E","R","E","T","R","M","$","?","M","R","BOSS"],"build_version":"2019-07-05","purchased_purges":4,"victory":false,"max_hp_per_floor":[80,80,80,80,80,80,80,80,80,80,80,80,80,80,80,80,80,80,80,80,80,80,80,80,80,80,80,80,80,80,80,80,80,80,80,80,80,80,80,80,80,80,80,80,80,80,80,80,80,80],"card_choices":[{"not_picked":["Headbutt","Thunderclap","Reckless Charge"],"picked":"SKIP","floor":1},{"not_picked":["Cleave","Clothesline"],"picked":"Searing Blow","floor":3},{"not_picked":["Cleave","Clash","Anger"],"picked":"SKIP","floor":7},{"not_picked":["Clothesline","Wild Strike","Anger"],"picked":"SKIP","floor":10},{"not_picked":["Hemokinesis","Entrench","Wild Strike"],"picked":"SKIP","floor":13},{"not_picked":["Spot Weakness","Combust","Havoc"],"picked":"SKIP","floor":14},{"not_picked":["Juggernaut","Immolate"],"picked":"Impervious","floor":16},{"not_picked":["Flex","True Grit","Reckless Charge"],"picked":"SKIP","floor":18},{"not_picked":["Heavy Blade","Intimidate","Twin Strike"],"picked":"SKIP","floor":19},{"not_picked":["Rupture+1","Sword Boomerang"],"picked":"Battle Trance+1","floor":28},{"not_picked":["Twin Strike+1","Carnage","Armaments"],"picked":"SKIP","floor":31},{"not_picked":["Offering","Limit Break"],"picked":"Impervious","floor":33},{"not_picked":["Pommel Strike","Perfected Strike+1","Clothesline+1"],"picked":"SKIP","floor":35},{"not_picked":["Havoc+1","Rage+1","Armaments"],"picked":"SKIP","floor":37},{"not_picked":["Corruption","Clash+1","Brutality"],"picked":"SKIP","floor":39},{"not_picked":["Rupture","Inflame","Sentinel"],"picked":"SKIP","floor":40},{"not_picked":["Sentinel+1","Feed","Heavy Blade+1"],"picked":"SKIP","floor":42},{"not_picked":["Sword Boomerang+1","Ghostly Armor+1","Seeing Red+1"],"picked":"SKIP","floor":45},{"not_picked":["Sword Boomerang+1","Ghostly Armor+1","Seeing Red+1"],"picked":"SKIP","floor":45},{"not_picked":["True Grit","Searing Blow+1","Anger+1"],"picked":"SKIP","floor":48}],"player_experience":44476,"relics_obtained":[{"floor":9,"key":"Potion Belt"},{"floor":11,"key":"Odd Mushroom"},{"floor":26,"key":"Bronze Scales"},{"floor":29,"key":"Shuriken"},{"floor":31,"key":"Regal Pillow"},{"floor":40,"key":"Champion Belt"},{"floor":42,"key":"Darkstone Periapt"},{"floor":43,"key":"Vajra"}],"event_choices":[{"cards_removed":["Strike_R"],"damage_healed":0,"gold_gain":0,"player_choice":"Card Removal","damage_taken":7,"max_hp_gain":0,"max_hp_loss":0,"event_name":"Golden Wing","floor":2,"gold_loss":0},{"cards_removed":["Strike_R"],"damage_healed":0,"gold_gain":0,"player_choice":"Card Removal","damage_taken":0,"max_hp_gain":0,"max_hp_loss":0,"event_name":"The Cleric","floor":4,"gold_loss":50},{"damage_healed":0,"gold_gain":0,"player_choice":"Upgraded","damage_taken":0,"max_hp_gain":0,"max_hp_loss":0,"event_name":"Upgrade Shrine","floor":5,"gold_loss":0,"cards_upgraded":["Searing Blow"]},{"damage_healed":0,"gold_gain":0,"player_choice":"Fought Mushrooms","damage_taken":0,"max_hp_gain":0,"max_hp_loss":0,"event_name":"Mushrooms","floor":11,"gold_loss":0},{"damage_healed":0,"gold_gain":0,"player_choice":"Ignored","damage_taken":0,"max_hp_gain":0,"max_hp_loss":0,"event_name":"Vampires","floor":20,"gold_loss":0},{"cards_removed":["Strike_R"],"damage_healed":0,"gold_gain":0,"player_choice":"Elegance","damage_taken":0,"max_hp_gain":0,"max_hp_loss":0,"event_name":"Back to Basics","floor":21,"gold_loss":0},{"damage_healed":0,"gold_gain":0,"player_choice":"Obtained Book","damage_taken":16,"max_hp_gain":0,"max_hp_loss":0,"event_name":"Cursed Tome","floor":24,"gold_loss":0},{"cards_removed":["Defend_R"],"damage_healed":0,"gold_gain":0,"player_choice":"Upgrade and Remove","damage_taken":0,"max_hp_gain":0,"max_hp_loss":0,"event_name":"Designer","floor":36,"gold_loss":90,"cards_upgraded":["Impervious"]},{"damage_healed":0,"gold_gain":0,"player_choice":"Upgraded","damage_taken":0,"max_hp_gain":0,"max_hp_loss":0,"event_name":"Upgrade Shrine","floor":47,"gold_loss":0,"cards_upgraded":["Impervious"]}],"is_beta":false,"boss_relics":[{"not_picked":["Runic Dome","Runic Pyramid","Calling Bell"]},{"not_picked":["Black Star","Empty Cage"],"picked":"Astrolabe"}],"items_purged_floors":[12,22,38,46],"is_endless":false,"potions_floor_spawned":[3,7,11,14,28,31,40,42],"killed_by":"Awakened One","ascension_level":0}