{"gold_per_floor":[112,123,123,140,65,65,92,92,92,109,142,159,59,71,71,176,176,176,176,176,146,21,21,21,21,21,21,21,21,21,21,21,21,21,21,21,21,21,0,0,0,0,0,0,0,0,0,0,0,0,0,0,0,0,0],"floor_reached":55,"playtime":2550,"items_purged":["Defend_G","Strike_G","Strike_G"],"score":667,"play_id":"2317b785-28db-4649-a34f-29a2af1495be","local_time":"20190109232121","is_ascension_mode":false,"campfire_choices":[{"data":"Sucker Punch","floor":6.0,"key":"SMITH"},{"data":"Backstab","floor":8.0,"key":"SMITH"},{"data":"Skewer","floor":15.0,"key":"SMITH"},{"data":"Backstab","floor":23.0,"key":"SMITH"},{"data":"Outmaneuver","floor":25.0,"key":"SMITH"},{"data":"Phantasmal Killer","floor":32.0,"key":"SMITH"},{"floor":40.0,"key":"RECALL"},{"data":"Outmaneuver","floor":44.0,"key":"SMITH"},{"floor":49.0,"key":"REST"},{"data":"Madness","floor":52,"key":"SMITH"}],"neow_cost":"NONE","seed_source_timestamp":31007028187946,"circlet_count":0,"master_deck":["Defend_G","Defend_G","Defend_G","Defend_G","Strike_G","Strike_G","Survivor","Neutralize","Dagger Throw","Sucker Punch+1","Backstab+1","Backstab+1","Skewer+1","Skewer","Prepared","Malaise","Outmaneuver+1","Backflip","Dodge and Roll+1","Phantasmal Killer+1","Backflip","Backflip+1","Outmaneuver+1","Heel Hook","Finisher+1","Madness","Madness+1","Outmaneuver+1","Adrenaline"],"special_seed":0,"relics":["Ring of the Snake","Darkstone Periapt","Matryoshka","Ancient Tea Set","Ectoplasm","MutagenicStrength","Bag of Preparation","Ninja Scroll","Lantern","Unceasing Top","Runic Pyramid","Red Mask","Pantograph","Sundial"],"potions_floor_usage":[55],"damage_taken":[{"damage":0.0,"enemies":"Small Slimes","floor":1.0,"turns":4.0},{"damage":0.0,"enemies":"Cultist","floor":2.0,"turns":3.0},{"damage":0.0,"enemies":"Jaw Worm","floor":4.0,"turns":3.0},{"damage":29.0,"enemies":"Gremlin Nob","floor":7.0,"turns":5.0},{"damage":0.0,"enemies":"Exordium Wildlife","floor":10.0,"turns":2.0},{"damage":7.0,"enemies":"Lagavulin","floor":11.0,"turns":8.0},{"damage":0.0,"enemies":"3 Louse","floor":12.0,"turns":1.0},{"damage":0.0,"enemies":"Gremlin Gang","floor":14.0,"turns":3.0},{"damage":39.0,"enemies":"Hexaghost","floor":16.0,"turns":14.0},{"damage":0.0,"enemies":"3 Byrds","floor":18.0,"turns":5.0},{"damage":0.0,"enemies":"2 Thieves","floor":21.0,"turns":3.0},{"damage":7.0,"enemies":"Slavers","floor":28.0,"turns":5.0},{"damage":7.0,"enemies":"Centurion and Healer","floor":30.0,"turns":3.0},{"damage":1.0,"enemies":"Book of Stabbing","floor":31.0,"turns":5.0},{"damage":40.0,"enemies":"Collector","floor":33.0,"turns":6.0},{"damage":4.0,"enemies":"3 Shapes","floor":35.0,"turns":3.0},{"damage":0.0,"enemies":"Orb Walker","floor":36.0,"turns":3.0},{"damage":0.0,"enemies":"Sphere and 2 Shapes","floor":37.0,"turns":3.0},{"damage":2.0,"enemies":"Spire Growth","floor":42.0,"turns":3.0},{"damage":0.0,"enemies":"3 Darklings","floor":45.0,"turns":4.0},{"damage":23.0,"enemies":"Maw","floor":47.0,"turns":6.0},{"damage":18.0,"enemies":"Transient","floor":48.0,"turns":5.0},{"damage":57,"enemies":"Donu and Deca","floor":50,"turns":9},{"damage":33,"enemies":"Shield and Spear","floor":54,"turns":6},{"damage":78,"enemies":"The Heart","floor":55,"turns":6}],"seed_played":"7497409211898554874","potions_obtained":[{"floor":7.0,"key":"LiquidBronze"},{"floor":10.0,"key":"PowerPotion"},{"floor":11.0,"key":"SkillPotion"},{"floor":21.0,"key":"SkillPotion"},{"floor":33.0,"key":"Poison Potion"},{"floor":35.0,"key":"AttackPotion"},{"floor":37.0,"key":"GhostInAJar"}],"is_trial":false,"path_per_floor":["M","M","?","M","$","R","E","R","T","M","E","M","$","M","R","B",null,"M","?","?","M","$","R","$","R","T","$","E","?","M","E","R","B",null,"M","M","M","?","?","R","$","M","T","R","M","?","M","M","R","B",null,"R","$","E","B"],"character_chosen":"THE_SILENT","items_purchased":[],"campfire_rested":1,"item_purchase_floors":[],"current_hp_per_floor":[77,77,77,77,77,77,48,48,48,48,41,41,41,41,41,2,77,77,77,77,77,77,77,77,77,77,77,70,70,63,62,62,22,77,73,73,73,73,73,73,73,71,71,71,71,61,38,20,43,11,77,77,77,44,0],"gold":0,"neow_bonus":"TEN_PERCENT_HP_BONUS","is_prod":false,"is_daily":false,"chose_seed":false,"campfire_upgraded":8,"win_rate":0,"timestamp":1547094081,"path_taken":["M","M","?","M","$","R","E","R","T","M","E","M","?","M","R","BOSS","M","?","?","M","$","R","$","R","T","?","E","?","M","E","R","BOSS","M","M","?","?","?","R","$","M","T","R","M","?","M","M","R","BOSS","R","$","E","BOSS"],"build_version":"2019-01-03v4","purchased_purges":3,"victory":false,"max_hp_per_floor":[77,77,77,77,77,77,77,77,77,77,77,77,77,77,77,77,77,77,77,77,77,77,77,77,77,77,77,77,77,77,77,77,77,77,77,77,77,77,77,77,77,77,77,77,77,77,77,77,77,77,77,77,77,77,77],"card_choices":[{"not_picked":["Underhanded Strike","Calculated Gamble"],"picked":"Dagger Throw","floor":1.0},{"not_picked":["Dagger Throw","PiercingWail"],"picked":"Sucker Punch","floor":2.0},{"not_picked":["Bane","Slice","Venomology"],"picked":"SKIP","floor":4.0},{"not_picked":["Underhanded Strike","Deadly Poison"],"picked":"Backstab","floor":7.0},{"not_picked":["Noxious Fumes","Riddle With Holes"],"picked":"Backstab","floor":10.0},{"not_picked":["Slice","Deadly Poison"],"picked":"Skewer","floor":11.0},{"not_picked":["Burst","Acrobatics"],"picked":"Skewer","floor":12.0},{"not_picked":["Bane","Deflect"],"picked":"Prepared","floor":14.0},{"not_picked":["Die Die Die","After Image"],"picked":"Malaise","floor":16.0},{"not_picked":["Deadly Poison","Eviscerate+1"],"picked":"Outmaneuver","floor":18.0},{"not_picked":["Underhanded Strike","Outmaneuver+1"],"picked":"Dodge and Roll+1","floor":21.0},{"not_picked":["Outmaneuver","PiercingWail"],"picked":"Phantasmal Killer","floor":28.0},{"not_picked":["Deflect","Calculated Gamble","PiercingWail"],"picked":"SKIP","floor":30.0},{"not_picked":["Dagger Spray","Deflect"],"picked":"Backflip","floor":31.0},{"not_picked":["Deadly Poison+1","Blade Dance"],"picked":"Backflip+1","floor":35.0},{"not_picked":["Skewer","Dagger Spray"],"picked":"Outmaneuver","floor":36.0},{"not_picked":["Dagger Throw+1","Prepared"],"picked":"Heel Hook","floor":37.0},{"not_picked":["Blade Dance","Slice","Bane"],"picked":"SKIP","floor":42.0},{"not_picked":["Underhanded Strike","Skewer+1"],"picked":"Finisher+1","floor":45.0},{"not_picked":["Flying Knee","Quick Slash"],"picked":"Outmaneuver+1","floor":47.0},{"not_picked":["Quick Slash+1","Endless Agony"],"picked":"Adrenaline","floor":48.0},{"not_picked":["Dodge and Roll","Doppelganger","Expertise"],"picked":"SKIP","floor":54}],"player_experience":33724,"relics_obtained":[{"floor":7.0,"key":"Darkstone Periapt"},{"floor":9.0,"key":"Matryoshka"},{"floor":11.0,"key":"Ancient Tea Set"},{"floor":26.0,"key":"Bag of Preparation"},{"floor":26.0,"key":"Ninja Scroll"},{"floor":28.0,"key":"Lantern"},{"floor":31.0,"key":"Unceasing Top"},{"floor":43.0,"key":"Pantograph"},{"floor":54,"key":"Sundial"}],"event_choices":[{"damage_healed":0.0,"max_hp_gain":0.0,"max_hp_loss":0.0,"gold_gain":0.0,"event_name":"NoteForYourself","player_choice":"Ignored","floor":3.0,"gold_loss":0.0,"damage_taken":0.0},{"damage_healed":0.0,"max_hp_gain":0.0,"max_hp_loss":0.0,"gold_gain":0.0,"event_name":"The Library","player_choice":"Read","floor":19.0,"gold_loss":0.0,"damage_taken":0.0,"cards_obtained":["Backflip"]},{"damage_healed":0.0,"max_hp_gain":0.0,"max_hp_loss":0.0,"gold_gain":0.0,"event_name":"Drug Dealer","player_choice":"Inject Mutagens","floor":20.0,"gold_loss":0.0,"damage_taken":0.0,"relics_obtained":["MutagenicStrength"]},{"damage_healed":0.0,"max_hp_gain":0.0,"max_hp_loss":0.0,"gold_gain":100.0,"event_name":"Golden Shrine","player_choice":"Pray","floor":29.0,"gold_loss":0.0,"damage_taken":0.0},{"cards_removed":["Strike_G"],"damage_healed":0.0,"max_hp_gain":0.0,"max_hp_loss":0.0,"gold_gain":0.0,"event_name":"Falling","player_choice":"Removed Attack","floor":38.0,"gold_loss":0.0,"damage_taken":0.0},{"damage_healed":0.0,"max_hp_gain":0.0,"max_hp_loss":0.0,"gold_gain":0.0,"event_name":"Tomb of Lord Red Mask","player_choice":"Paid","floor":39.0,"gold_loss":21.0,"damage_taken":0.0,"relics_obtained":["Red Mask"]},{"damage_healed":0.0,"max_hp_gain":0.0,"max_hp_loss":0.0,"gold_gain":0.0,"event_name":"Winding Halls","player_choice":"Embrace Madness","floor":46.0,"gold_loss":0.0,"damage_taken":10.0,"cards_obtained":["Madness","Madness"]}],"is_beta":false,"boss_relics":[{"not_picked":["Lizard Tail","HoveringKite"],"picked":"Ectoplasm"},{"not_picked":["Black Star","Eternal Feather"],"picked":"Runic Pyramid"}],"items_purged_floors":[5,13,22],"is_endless":false,"potions_floor_spawned":[7,10,11,12,21,28,33,35,37,45,47],"killed_by":"The Heart","ascension_level":0}