{"gold_per_floor":[119,194,194,7,7,7,48,48,48,48,71,23,39,54,54,179,179,202,220,64,87,40,40,63,63,63,99,112,112,112,130,130,249,249,272,272,296,296,310,310,323,323,348,348,68,0,0,13,13,13],"floor_reached":50,"playtime":2858,"items_purged":["Injury"],"score":583,"play_id":"55c6670a-79a9-457c-876b-702bca8af46c","local_time":"20190420210714","is_ascension_mode":true,"campfire_choices":[{"data":"Neutralize","floor":6,"key":"SMITH"},{"data":"Accuracy","floor":8,"key":"SMITH"},{"data":"Blade Dance","floor":10,"key":"SMITH"},{"floor":15,"key":"REST"},{"floor":23,"key":"REST"},{"floor":25,"key":"REST"},{"data":"Infinite Blades","floor":30,"key":"SMITH"},{"floor":32,"key":"REST"},{"floor":40,"key":"REST"},{"data":"Choke","floor":42,"key":"SMITH"},{"data":"Well Laid Plans","floor":44,"key":"SMITH"},{"data":"Night Terror","floor":49,"key":"SMITH"}],"neow_cost":"NONE","seed_source_timestamp":23509675630129,"circlet_count":0,"master_deck":["Survivor","Neutralize+1","Deflect","Accuracy+1","Dark Shackles","Tactician","Blade Dance+1","Accuracy","Corpse Explosion","Dagger Throw","Finisher","Footwork","Dodge and Roll","Distraction","Backflip","Infinite Blades+1","Infinite Blades+1","Terror","Well Laid Plans+1","Expertise","Prepared","Venomology","Night Terror+1","Deadly Poison","Backstab","Underhanded Strike","Eviscerate+1","Crippling Poison","Bandage Up","Acrobatics","Poisoned Stab","Prepared","A Thousand Cuts","Cloak And Dagger","Catalyst+1","Quick Slash","Tools of the Trade","Bouncing Flask","Poisoned Stab","Tactician","Choke+1","Deadly Poison+1","Noxious Fumes"],"relics":["Ring of the Snake","NeowsBlessing","Golden Idol","Prayer Wheel","Meat on the Bone","Pandora\u0027s Box","Anchor","Tough Bandages","Centennial Puzzle","MutagenicStrength","HoveringKite","Ornamental Fan","Red Mask"],"potions_floor_usage":[14,16,16,18,19,24,27,27,33,48,50,50,50],"damage_taken":[{"damage":0,"enemies":"Small Slimes","floor":1,"turns":1},{"damage":0,"enemies":"Gremlin Nob","floor":7,"turns":2},{"damage":0,"enemies":"2 Louse","floor":11,"turns":2},{"damage":0,"enemies":"Jaw Worm","floor":13,"turns":3},{"damage":19,"enemies":"Lots of Slimes","floor":14,"turns":3},{"damage":19,"enemies":"Hexaghost","floor":16,"turns":12},{"damage":19,"enemies":"2 Thieves","floor":18,"turns":4},{"damage":10,"enemies":"Spheric Guardian","floor":19,"turns":3},{"damage":22,"enemies":"Snecko","floor":24,"turns":5},{"damage":36,"enemies":"Slavers","floor":27,"turns":5},{"damage":8,"enemies":"Centurion and Healer","floor":28,"turns":7},{"damage":15,"enemies":"Snake Plant","floor":31,"turns":4},{"damage":17,"enemies":"Champ","floor":33,"turns":11},{"damage":9,"enemies":"3 Shapes","floor":35,"turns":5},{"damage":3,"enemies":"Orb Walker","floor":37,"turns":3},{"damage":11,"enemies":"Spire Growth","floor":39,"turns":4},{"damage":5,"enemies":"Maw","floor":41,"turns":6},{"damage":3,"enemies":"Jaw Worm Horde","floor":48,"turns":4},{"damage":76,"enemies":"Awakened One","floor":50,"turns":7}],"seed_played":"-6565078080760276443","potions_obtained":[{"floor":7,"key":"SpeedPotion"},{"floor":11,"key":"Regen Potion"},{"floor":14,"key":"PowerPotion"},{"floor":16,"key":"Block Potion"},{"floor":18,"key":"AttackPotion"},{"floor":24,"key":"Block Potion"},{"floor":28,"key":"LiquidBronze"},{"floor":39,"key":"GhostInAJar"},{"floor":48,"key":"PowerPotion"}],"is_trial":false,"path_per_floor":["M","?","?","$","?","R","E","R","T","R","M","$","M","M","R","B",null,"M","M","$","T","$","R","M","R","T","E","M","?","R","M","R","B",null,"M","?","M","?","M","R","M","R","T","R","$","?","$","M","R","B"],"character_chosen":"THE_SILENT","items_purchased":["Accuracy","Dark Shackles","Tactician","Dagger Throw","Bandage Up","Acrobatics","Ornamental Fan","Noxious Fumes"],"campfire_rested":5,"item_purchase_floors":[4,4,4,12,20,22,45,45],"current_hp_per_floor":[70,59,59,59,59,59,59,59,59,59,59,59,59,52,70,51,70,51,41,41,41,41,62,44,65,65,45,41,41,41,42,63,50,70,61,61,58,58,47,68,67,67,67,67,67,67,67,64,64,0],"gold":13,"neow_bonus":"THREE_ENEMY_KILL","is_prod":false,"is_daily":false,"chose_seed":false,"campfire_upgraded":7,"win_rate":0,"timestamp":1555758434,"path_taken":["M","?","?","$","?","R","E","R","T","R","?","?","M","M","R","BOSS","M","M","$","?","?","R","M","R","T","E","M","?","R","M","R","BOSS","M","?","?","?","?","R","?","R","T","R","$","?","?","M","R","BOSS"],"build_version":"2019-01-23","purchased_purges":1,"victory":false,"max_hp_per_floor":[70,70,70,70,70,70,70,70,70,70,70,70,70,70,70,70,70,70,70,70,70,70,70,70,70,70,70,70,70,70,70,70,70,70,70,70,70,70,70,70,70,70,70,70,70,70,70,70,70,70],"card_choices":[{"not_picked":["Backflip","Sucker Punch"],"picked":"Deflect","floor":1},{"not_picked":["Bane","Dash"],"picked":"Blade Dance","floor":7},{"not_picked":["Concentrate","Endless Agony"],"picked":"Accuracy","floor":11},{"not_picked":["Leg Sweep","Slice"],"picked":"Corpse Explosion","floor":11},{"not_picked":["Quick Slash","Distraction"],"picked":"Finisher","floor":13},{"not_picked":["Dagger Throw","Tactician"],"picked":"Footwork","floor":13},{"not_picked":["All Out Attack","Prepared"],"picked":"Dodge and Roll","floor":14},{"not_picked":["Deflect","PiercingWail"],"picked":"Distraction","floor":14},{"not_picked":["Choke","Eviscerate"],"picked":"Backstab","floor":18},{"not_picked":["Blade Dance+1","Dodge and Roll"],"picked":"Underhanded Strike","floor":18},{"not_picked":["Riddle With Holes","Expertise"],"picked":"Eviscerate+1","floor":19},{"not_picked":["Dash","Slice"],"picked":"Crippling Poison","floor":19},{"not_picked":["Cloak And Dagger","Setup"],"picked":"Poisoned Stab","floor":24},{"not_picked":["All Out Attack","Dash"],"picked":"Prepared","floor":24},{"not_picked":["Endless Agony","PiercingWail"],"picked":"A Thousand Cuts","floor":27},{"not_picked":["Backflip+1","Sucker Punch"],"picked":"Cloak And Dagger","floor":28},{"not_picked":["Infinite Blades","Leg Sweep","Slice"],"picked":"SKIP","floor":28},{"not_picked":["Flechettes","Acrobatics"],"picked":"Catalyst+1","floor":31},{"not_picked":["Dash","Sucker Punch"],"picked":"Quick Slash","floor":31},{"not_picked":["A Thousand Cuts","Unload"],"picked":"Tools of the Trade","floor":33},{"not_picked":["Dodge and Roll","Slice+1"],"picked":"Bouncing Flask","floor":35},{"not_picked":["Acrobatics","Prepared"],"picked":"Poisoned Stab","floor":35},{"not_picked":["Backflip+1","Prepared"],"picked":"Tactician","floor":37},{"not_picked":["Slice+1","Grand Finale","Riddle With Holes+1"],"picked":"SKIP","floor":37},{"not_picked":["Accuracy+1","Concentrate","Prepared+1"],"picked":"SKIP","floor":39},{"not_picked":["Dash","Skewer+1","Blade Dance"],"picked":"SKIP","floor":39},{"not_picked":["Setup+1","Concentrate"],"picked":"Choke","floor":41},{"not_picked":["Quick Slash+1","PiercingWail"],"picked":"Deadly Poison+1","floor":41},{"not_picked":["Bane+1","Grand Finale","Underhanded Strike"],"picked":"SKIP","floor":48},{"not_picked":["Acrobatics","Choke","Bane+1"],"picked":"SKIP","floor":48}],"player_experience":354539,"relics_obtained":[{"floor":7,"key":"Prayer Wheel"},{"floor":9,"key":"Meat on the Bone"},{"floor":21,"key":"Anchor"},{"floor":26,"key":"Tough Bandages"},{"floor":27,"key":"Centennial Puzzle"}],"event_choices":[{"damage_healed":0,"gold_gain":75,"player_choice":"Gather Gold","damage_taken":11,"max_hp_gain":0,"max_hp_loss":0,"event_name":"World of Goop","floor":2,"gold_loss":0},{"damage_healed":0,"gold_gain":0,"player_choice":"Take Wound","damage_taken":0,"relics_obtained":["Golden Idol"],"max_hp_gain":0,"max_hp_loss":0,"event_name":"Golden Idol","floor":3,"gold_loss":0,"cards_obtained":["Injury"]},{"damage_healed":0,"gold_gain":0,"player_choice":"Leave","damage_taken":0,"max_hp_gain":0,"max_hp_loss":0,"event_name":"The Cleric","floor":5,"gold_loss":0},{"damage_healed":0,"gold_gain":0,"player_choice":"Inject Mutagens","damage_taken":0,"relics_obtained":["MutagenicStrength"],"max_hp_gain":0,"max_hp_loss":0,"event_name":"Drug Dealer","floor":29,"gold_loss":0},{"damage_healed":0,"gold_gain":0,"player_choice":"Upgraded","damage_taken":0,"max_hp_gain":0,"max_hp_loss":0,"event_name":"Upgrade Shrine","floor":36,"gold_loss":0,"cards_upgraded":["Infinite Blades"]},{"damage_healed":0,"gold_gain":0,"player_choice":"Bought 0 Potions","damage_taken":0,"max_hp_gain":0,"max_hp_loss":0,"event_name":"The Woman in Blue","floor":38,"gold_loss":0},{"damage_healed":0,"gold_gain":0,"player_choice":"Paid","damage_taken":0,"relics_obtained":["Red Mask"],"max_hp_gain":0,"max_hp_loss":0,"event_name":"Tomb of Lord Red Mask","floor":46,"gold_loss":68}],"is_beta":false,"boss_relics":[{"not_picked":["Eternal Feather","Calling Bell"],"picked":"Pandora\u0027s Box"},{"not_picked":["Snecko Eye","White Beast Statue"],"picked":"HoveringKite"}],"items_purged_floors":[20],"is_endless":false,"potions_floor_spawned":[7,11,14,16,18,24,28,39,48],"killed_by":"Awakened One","ascension_level":1}