{"gold_per_floor":[113,131,231,247,265,294,294,305,354,354,381,331,331,342,342,342],"floor_reached":16,"playtime":634,"items_purged":[],"score":164,"play_id":"92635e07-34c8-4e48-86f4-2878a86f0bb5","local_time":"20190120134436","is_ascension_mode":true,"campfire_choices":[{"floor":7,"key":"REST"},{"floor":10,"key":"REST"},{"floor":13,"key":"REST"},{"floor":15,"key":"REST"}],"neow_cost":"NONE","seed_source_timestamp":0,"circlet_count":0,"master_deck":["Defend_G","Defend_G","Defend_G","Defend_G","Defend_G","Strike_G","Strike_G","Strike_G","Strike_G","Survivor","Neutralize","Underhanded Strike","Acrobatics","Outmaneuver","Concentrate","Underhanded Strike"],"special_seed":0,"relics":["Fusion Hammer","Pen Nib","Juzu Bracelet","Ninja Scroll"],"potions_floor_usage":[6,6,11,11],"damage_taken":[{"damage":0.0,"enemies":"2 Louse","floor":1.0,"turns":4.0},{"damage":0.0,"enemies":"Cultist","floor":2.0,"turns":4.0},{"damage":4.0,"enemies":"Jaw Worm","floor":4.0,"turns":4.0},{"damage":3.0,"enemies":"3 Louse","floor":5.0,"turns":4.0},{"damage":53,"enemies":"Lagavulin","floor":6,"turns":12},{"damage":26,"enemies":"Large Slime","floor":8,"turns":8},{"damage":0,"enemies":"Gremlin Nob","floor":11,"turns":2},{"damage":0,"enemies":"Exordium Thugs","floor":14,"turns":3},{"damage":73,"enemies":"The Guardian","floor":16,"turns":13}],"seed_played":"1839528576372786779","potions_obtained":[{"floor":1.0,"key":"Ancient Potion"},{"floor":4.0,"key":"FearPotion"},{"floor":5.0,"key":"Regen Potion"},{"floor":6,"key":"FearPotion"},{"floor":8,"key":"Poison Potion"}],"is_trial":false,"path_per_floor":["M","M","?","M","M","E","R","M","T","R","E","?","R","M","R","B"],"character_chosen":"THE_SILENT","items_purchased":[],"campfire_rested":4,"item_purchase_floors":[],"current_hp_per_floor":[70,70,70,66,63,15,36,10,10,31,31,31,52,52,70,0],"gold":342,"neow_bonus":"BOSS_RELIC","is_prod":false,"is_daily":false,"chose_seed":false,"campfire_upgraded":0,"win_rate":0,"timestamp":1548009876,"path_taken":["M","M","?","?","?","E","R","M","T","R","E","?","R","M","R","BOSS"],"build_version":"2019-01-17v2","purchased_purges":0,"victory":false,"max_hp_per_floor":[70,70,70,70,70,70,70,70,70,70,70,70,70,70,70,70],"card_choices":[{"not_picked":["Infinite Blades","Flechettes","Choke"],"picked":"SKIP","floor":1.0},{"not_picked":["Blade Dance","Cloak And Dagger"],"picked":"Underhanded Strike","floor":2.0},{"not_picked":["Envenom","Quick Slash"],"picked":"Acrobatics","floor":4.0},{"not_picked":["Bane","Accuracy"],"picked":"Outmaneuver","floor":5.0},{"not_picked":["Bane","Wraith Form v2"],"picked":"Concentrate","floor":6},{"not_picked":["Backflip","Backstab"],"picked":"Underhanded Strike","floor":8},{"not_picked":["Predator","Blade Dance","Deadly Poison"],"picked":"SKIP","floor":11},{"not_picked":["Masterful Stab","Setup","Burst"],"picked":"SKIP","floor":14}],"player_experience":100085,"relics_obtained":[{"floor":6,"key":"Pen Nib"},{"floor":9,"key":"Juzu Bracelet"},{"floor":11,"key":"Ninja Scroll"}],"event_choices":[{"damage_healed":0.0,"max_hp_gain":0.0,"max_hp_loss":0.0,"gold_gain":100.0,"event_name":"Golden Shrine","player_choice":"Pray","floor":3.0,"gold_loss":0.0,"damage_taken":0.0},{"cards_removed":["Strike_G"],"damage_healed":0,"gold_gain":0,"player_choice":"Card Removal","damage_taken":0,"max_hp_gain":0,"max_hp_loss":0,"event_name":"The Cleric","floor":12,"gold_loss":50}],"is_beta":false,"boss_relics":[],"items_purged_floors":[],"is_endless":false,"potions_floor_spawned":[1,4,5,6,8],"killed_by":"The Guardian","ascension_level":4}