{"gold_per_floor":[16,16,16,26,42,72,86,86,86,100,46,46],"floor_reached":12,"playtime":729,"items_purged":[],"score":96,"play_id":"6c405fd6-4caa-4048-98bf-7ccb23553a51","local_time":"20190120120648","is_ascension_mode":true,"campfire_choices":[{"data":"Noxious Fumes","floor":8,"key":"SMITH"}],"neow_cost":"NO_GOLD","seed_source_timestamp":262907205564822,"circlet_count":0,"master_deck":["Defend_G","Defend_G","Defend_G","Defend_G","Strike_G","Strike_G","Strike_G","Strike_G","Strike_G","Survivor","Neutralize","Crippling Poison","Sucker Punch","Backflip","Venomology","Noxious Fumes+1","Leg Sweep","Bane"],"special_seed":0,"relics":["Ring of the Snake","Du-Vu Doll","Letter Opener","Sundial"],"potions_floor_usage":[6,10,10,12,12],"damage_taken":[{"damage":2,"enemies":"Small Slimes","floor":1,"turns":5},{"damage":0,"enemies":"Cultist","floor":4,"turns":4},{"damage":1,"enemies":"Jaw Worm","floor":5,"turns":4},{"damage":26,"enemies":"Gremlin Nob","floor":6,"turns":6},{"damage":1,"enemies":"Blue Slaver","floor":7,"turns":6},{"damage":10,"enemies":"Large Slime","floor":10,"turns":5},{"damage":22,"enemies":"Lagavulin","floor":12,"turns":6}],"seed_played":"-4590809235671890230","potions_obtained":[{"floor":1,"key":"GhostInAJar"},{"floor":6,"key":"Poison Potion"}],"is_trial":false,"path_per_floor":["M","?","?","M","M","E","M","R","T","M","$","E"],"character_chosen":"THE_SILENT","items_purchased":["Bane"],"campfire_rested":0,"item_purchase_floors":[11],"current_hp_per_floor":[68,61,54,54,53,27,26,26,26,16,16,0],"gold":46,"neow_bonus":"ONE_RARE_RELIC","is_prod":false,"is_daily":false,"chose_seed":false,"campfire_upgraded":1,"win_rate":0,"timestamp":1548004008,"path_taken":["M","?","?","?","M","E","M","R","T","M","$","E"],"build_version":"2019-01-17v2","purchased_purges":0,"victory":false,"max_hp_per_floor":[70,70,70,70,70,70,70,70,70,70,70,70],"card_choices":[{"not_picked":["Dagger Throw","Cloak And Dagger"],"picked":"Crippling Poison","floor":1},{"not_picked":["Dagger Spray","Outmaneuver"],"picked":"Sucker Punch","floor":4},{"not_picked":["Outmaneuver","Setup"],"picked":"Backflip","floor":5},{"not_picked":["Underhanded Strike","Outmaneuver"],"picked":"Venomology","floor":6},{"not_picked":["Calculated Gamble","Dagger Spray"],"picked":"Noxious Fumes","floor":7},{"not_picked":["Outmaneuver","Riddle With Holes"],"picked":"Leg Sweep","floor":10}],"player_experience":98555,"relics_obtained":[{"floor":6,"key":"Letter Opener"},{"floor":9,"key":"Sundial"}],"event_choices":[{"cards_removed":["Defend_G"],"damage_healed":0,"gold_gain":0,"player_choice":"Card Removal","damage_taken":7,"max_hp_gain":0,"max_hp_loss":0,"event_name":"Golden Wing","floor":2,"gold_loss":0},{"damage_healed":0,"gold_gain":0,"player_choice":"Damaged","damage_taken":7,"max_hp_gain":0,"max_hp_loss":0,"event_name":"Wheel of Change","floor":3,"gold_loss":0}],"is_beta":false,"boss_relics":[],"items_purged_floors":[],"is_endless":false,"potions_floor_spawned":[1,6],"killed_by":"Lagavulin","ascension_level":4}