{"gold_per_floor":[115,115,128,128,148,148,24,51,51,51,79,79,113,113,113,212,212,233,233,233,233,258,293,293,293,293,317,317,134,168,168,168,259,259,283,159,159,180,196,196,220,220,267,286,301,80,96,429,429,429],"floor_reached":51,"playtime":2452,"items_purged":["Writhe"],"score":1158,"play_id":"47f782bd-e78b-4384-b7eb-28aa764f9cd8","local_time":"20190713163408","is_ascension_mode":true,"campfire_choices":[{"data":"Flex","floor":6,"key":"SMITH"},{"data":"Shockwave","floor":10,"key":"SMITH"},{"data":"Iron Wave","floor":12,"key":"SMITH"},{"data":"Carnage","floor":15,"key":"SMITH"},{"data":"Fiend Fire","floor":25,"key":"SMITH"},{"data":"Pommel Strike","floor":28,"key":"SMITH"},{"data":"Discovery","floor":32,"key":"SMITH"},{"data":"Clash","floor":40,"key":"SMITH"},{"data":"RitualDagger","floor":42,"key":"SMITH"},{"data":"Whirlwind","floor":49,"key":"SMITH"}],"neow_cost":"NONE","seed_source_timestamp":178427453233702,"circlet_count":0,"master_deck":["AscendersBane","Strike_R+1","Strike_R+1","Strike_R+1","Defend_R+1","Defend_R+1","Defend_R+1","Defend_R+1","Flex+1","Carnage+1","Headbutt","Shockwave+1","Iron Wave+1","Pommel Strike+1","Clash+1","Fiend Fire+1","RitualDagger+1","Discovery+1","Berserk+1","Discovery+1","Double Tap","Magnetism+1","Whirlwind+1"],"relics":["Burning Blood","Art of War","Kunai","Potion Belt","Odd Mushroom","Blue Candle","Coffee Dripper","Anchor","Smiling Mask","Frozen Egg 2","Strawberry","Red Mask","Empty Cage","Omamori"],"potions_floor_usage":[8,13,23,30,33,33,39,47,50,50,50],"damage_taken":[{"damage":11,"enemies":"Jaw Worm","floor":1,"turns":4},{"damage":8,"enemies":"2 Louse","floor":3,"turns":3},{"damage":0,"enemies":"Small Slimes","floor":5,"turns":3},{"damage":20,"enemies":"3 Sentries","floor":8,"turns":6},{"damage":9,"enemies":"The Mushroom Lair","floor":11,"turns":4},{"damage":12,"enemies":"Gremlin Nob","floor":13,"turns":4},{"damage":24,"enemies":"The Guardian","floor":16,"turns":8},{"damage":5,"enemies":"Spheric Guardian","floor":18,"turns":3},{"damage":1,"enemies":"Chosen","floor":22,"turns":4},{"damage":15,"enemies":"Slavers","floor":23,"turns":4},{"damage":9,"enemies":"Masked Bandits","floor":30,"turns":3},{"damage":49,"enemies":"Automaton","floor":33,"turns":10},{"damage":7,"enemies":"3 Darklings","floor":35,"turns":3},{"damage":2,"enemies":"3 Shapes","floor":38,"turns":3},{"damage":5,"enemies":"Spire Growth","floor":39,"turns":3},{"damage":29,"enemies":"Maw","floor":41,"turns":7},{"damage":13,"enemies":"Writhing Mass","floor":44,"turns":6},{"damage":0,"enemies":"Transient","floor":45,"turns":5},{"damage":4,"enemies":"Maw","floor":47,"turns":6},{"damage":66,"enemies":"Donu and Deca","floor":50,"turns":8}],"seed_played":"-7629636481296220096","potions_obtained":[{"floor":1,"key":"Explosive Potion"},{"floor":5,"key":"Block Potion"},{"floor":16,"key":"PowerPotion"},{"floor":22,"key":"Fire Potion"},{"floor":23,"key":"Energy Potion"},{"floor":35,"key":"SteroidPotion"},{"floor":41,"key":"BloodPotion"}],"is_trial":false,"path_per_floor":["M","?","M","?","M","R","$","E","T","R","?","R","E","?","R","B",null,"M","?","?","?","M","E","?","R","T","T","R","$","?","?","R","B",null,"M","$","?","M","M","R","M","R","T","M","M","$","M","?","R","B",null],"character_chosen":"IRONCLAD","items_purchased":["Headbutt","Shockwave","Discovery","SpeedPotion","Dexterity Potion","Regen Potion","Swift Potion","Magnetism+1"],"campfire_rested":0,"item_purchase_floors":[7,7,29,29,36,36,46,46],"current_hp_per_floor":[63,68,66,66,72,72,72,58,58,58,55,55,49,49,49,31,62,63,63,57,57,62,53,53,53,53,60,60,60,57,57,57,14,63,62,62,62,66,76,76,53,53,53,46,52,52,73,73,73,13],"gold":429,"neow_bonus":"RANDOM_COMMON_RELIC","is_prod":false,"is_daily":false,"chose_seed":false,"campfire_upgraded":10,"win_rate":0,"timestamp":1563003248,"path_taken":["M","?","M","?","M","R","$","E","T","R","?","R","E","?","R","BOSS","M","?","?","?","?","E","?","R","T","?","R","$","?","?","R","BOSS","M","$","?","M","M","R","?","R","T","M","M","$","M","?","R","BOSS"],"build_version":"2019-07-01","purchased_purges":1,"victory":true,"max_hp_per_floor":[75,80,80,80,80,80,80,80,80,80,80,80,80,72,72,72,72,72,72,72,72,72,72,72,72,72,79,79,79,79,79,79,79,79,79,79,79,79,79,79,79,79,79,79,79,79,79,79,79,79],"card_choices":[{"not_picked":["Second Wind","Thunderclap","Searing Blow"],"picked":"SKIP","floor":1},{"not_picked":["Perfected Strike","Sword Boomerang"],"picked":"Flex","floor":3},{"not_picked":["Havoc","Sever Soul","Cleave"],"picked":"SKIP","floor":5},{"not_picked":["Clash","Perfected Strike"],"picked":"Iron Wave","floor":8},{"not_picked":["Seeing Red","Sword Boomerang"],"picked":"Pommel Strike","floor":11},{"not_picked":["Infernal Blade","Evolve"],"picked":"Clash","floor":13},{"not_picked":["Juggernaut","Exhume"],"picked":"Fiend Fire","floor":16},{"not_picked":["Bloodletting","Pummel","Evolve"],"picked":"SKIP","floor":18},{"not_picked":["Bloodletting","Pummel","Evolve"],"picked":"SKIP","floor":18},{"not_picked":["Heavy Blade","Dual Wield","Anger"],"picked":"SKIP","floor":22},{"not_picked":["Heavy Blade","Dual Wield","Anger"],"picked":"SKIP","floor":22},{"not_picked":["Pommel Strike","Power Through","Berserk"],"picked":"SKIP","floor":23},{"not_picked":["Brutality+1","Fiend Fire"],"picked":"Berserk+1","floor":33},{"not_picked":["Heavy Blade","Anger","Dropkick"],"picked":"SKIP","floor":35},{"not_picked":["Thunderclap","Body Slam","Cleave"],"picked":"SKIP","floor":38},{"not_picked":["Havoc","Evolve+1","Thunderclap"],"picked":"SKIP","floor":39},{"not_picked":["Havoc","Evolve+1","Thunderclap"],"picked":"SKIP","floor":39},{"not_picked":["Headbutt","Pommel Strike","Entrench"],"picked":"SKIP","floor":41},{"not_picked":["Havoc+1","Armaments+1","Headbutt"],"picked":"SKIP","floor":44},{"not_picked":["Thunderclap","Havoc"],"picked":"Double Tap","floor":45},{"not_picked":["Twin Strike","Cleave"],"picked":"Whirlwind","floor":47}],"player_experience":1116399,"relics_obtained":[{"floor":8,"key":"Kunai"},{"floor":9,"key":"Potion Belt"},{"floor":11,"key":"Odd Mushroom"},{"floor":13,"key":"Blue Candle"},{"floor":23,"key":"Smiling Mask"},{"floor":26,"key":"Frozen Egg 2"},{"floor":27,"key":"Strawberry"},{"floor":30,"key":"Red Mask"},{"floor":43,"key":"Omamori"}],"event_choices":[{"damage_healed":0,"gold_gain":0,"player_choice":"Donut","damage_taken":0,"max_hp_gain":5,"max_hp_loss":0,"event_name":"Big Fish","floor":2,"gold_loss":0},{"damage_healed":0,"gold_gain":0,"cards_transformed":["Strike_R"],"player_choice":"Change","damage_taken":0,"max_hp_gain":0,"max_hp_loss":0,"event_name":"Living Wall","floor":4,"gold_loss":0,"cards_obtained":["Carnage"]},{"damage_healed":0,"gold_gain":0,"player_choice":"Fought Mushrooms","damage_taken":0,"max_hp_gain":0,"max_hp_loss":0,"event_name":"Mushrooms","floor":11,"gold_loss":0},{"damage_healed":0,"gold_gain":0,"player_choice":"Lose Max HP","damage_taken":0,"relics_obtained":["Golden Idol"],"max_hp_gain":0,"max_hp_loss":8,"event_name":"Golden Idol","floor":14,"gold_loss":0},{"damage_healed":0,"gold_gain":0,"player_choice":"Simplicity","damage_taken":0,"max_hp_gain":0,"max_hp_loss":0,"event_name":"Back to Basics","floor":19,"gold_loss":0,"cards_upgraded":["Strike_R","Strike_R","Strike_R","Strike_R","Defend_R","Defend_R","Defend_R","Defend_R"]},{"damage_healed":0,"gold_gain":0,"player_choice":"Joined the Cult","damage_taken":6,"max_hp_gain":0,"max_hp_loss":0,"event_name":"Nest","floor":20,"gold_loss":0,"cards_obtained":["RitualDagger"]},{"damage_healed":0,"gold_gain":0,"player_choice":"Opened","damage_taken":0,"relics_obtained":["Anchor"],"max_hp_gain":0,"max_hp_loss":0,"event_name":"The Mausoleum","floor":21,"gold_loss":0,"cards_obtained":["Writhe"]},{"damage_healed":0,"gold_gain":0,"player_choice":"Ignored","damage_taken":0,"max_hp_gain":0,"max_hp_loss":0,"event_name":"Ghosts","floor":24,"gold_loss":0},{"damage_healed":0,"gold_gain":0,"player_choice":"Fought Bandits","damage_taken":0,"max_hp_gain":0,"max_hp_loss":0,"event_name":"Masked Bandits","floor":30,"gold_loss":0},{"damage_healed":0,"gold_gain":0,"player_choice":"Ignored","damage_taken":0,"max_hp_gain":0,"max_hp_loss":0,"event_name":"Cursed Tome","floor":31,"gold_loss":0},{"damage_healed":0,"gold_gain":0,"player_choice":"Copied","damage_taken":0,"max_hp_gain":0,"max_hp_loss":0,"event_name":"Duplicator","floor":37,"gold_loss":0,"cards_obtained":["Discovery"]},{"damage_healed":0,"gold_gain":333,"player_choice":"Gave Idol","damage_taken":0,"max_hp_gain":0,"max_hp_loss":0,"event_name":"The Moai Head","floor":48,"relics_lost":["Golden Idol"],"gold_loss":0}],"is_beta":false,"boss_relics":[{"not_picked":["Orrery","Mark of Pain"],"picked":"Coffee Dripper"},{"not_picked":["Runic Dome","Cursed Key"],"picked":"Empty Cage"}],"items_purged_floors":[29],"is_endless":false,"potions_floor_spawned":[1,5,16,22,23,35,41],"ascension_level":15}