{"gold_per_floor":[118,118,118,132,145,145,171,183,219,248,271,283,328,351,363,375],"floor_reached":16,"playtime":699,"items_purged":[],"score":224,"play_id":"d65d45dd-5023-4da7-adec-626a9b05ec2a","local_time":"20190704182757","is_ascension_mode":true,"campfire_choices":[{"data":"Bash","floor":6.0,"key":"SMITH"},{"floor":8.0,"key":"REST"},{"data":"Iron Wave","floor":12.0,"key":"SMITH"},{"data":"Whirlwind","floor":15,"key":"SMITH"}],"neow_cost":"TEN_PERCENT_HP_LOSS","seed_source_timestamp":0,"circlet_count":0,"master_deck":["AscendersBane","Strike_R","Strike_R+1","Strike_R","Strike_R+1","Defend_R+1","Defend_R+1","Defend_R","Defend_R","Bash+1","Shrug It Off","Heavy Blade","Metallicize","Iron Wave+1","Reckless Charge","Evolve","Whirlwind+1"],"special_seed":0,"relics":["Burning Blood","Ginger","MawBank","Dream Catcher","War Paint"],"potions_floor_usage":[13],"damage_taken":[{"damage":9.0,"enemies":"Jaw Worm","floor":1.0,"turns":4.0},{"damage":6.0,"enemies":"Cultist","floor":4.0,"turns":5.0},{"damage":3.0,"enemies":"2 Louse","floor":5.0,"turns":4.0},{"damage":40.0,"enemies":"Lagavulin","floor":7.0,"turns":8.0},{"damage":8.0,"enemies":"Exordium Wildlife","floor":10.0,"turns":9.0},{"damage":6.0,"enemies":"Red Slaver","floor":11.0,"turns":3.0},{"damage":19,"enemies":"Gremlin Nob","floor":13,"turns":4},{"damage":8,"enemies":"Looter","floor":14,"turns":3},{"damage":20,"enemies":"Hexaghost","floor":16,"turns":7}],"seed_played":"908556972219015","potions_obtained":[{"floor":7.0,"key":"Explosive Potion"},{"floor":10.0,"key":"FearPotion"}],"is_trial":false,"path_per_floor":["M","?","?","M","M","R","E","R","T","M","M","R","E","M","R","B"],"character_chosen":"IRONCLAD","items_purchased":[],"campfire_rested":1,"item_purchase_floors":[],"current_hp_per_floor":[65,45,45,45,48,48,14,34,34,32,32,32,19,17,17,0],"gold":375,"neow_bonus":"ONE_RARE_RELIC","is_prod":false,"is_daily":false,"chose_seed":false,"campfire_upgraded":3,"win_rate":0,"timestamp":1562279277,"path_taken":["M","?","?","M","?","R","E","R","T","M","?","R","E","M","R","BOSS"],"build_version":"2019-06-30","purchased_purges":0,"victory":false,"max_hp_per_floor":[68,68,68,68,68,68,68,68,68,68,68,68,68,68,68,68],"card_choices":[{"not_picked":["Headbutt","Armaments"],"picked":"Shrug It Off","floor":1.0},{"not_picked":["Intimidate","Perfected Strike"],"picked":"Heavy Blade","floor":4.0},{"not_picked":["Twin Strike","Body Slam"],"picked":"Metallicize","floor":5.0},{"not_picked":["Clash","Flex"],"picked":"Iron Wave","floor":7.0},{"not_picked":["Sword Boomerang","Clothesline"],"picked":"Reckless Charge","floor":10.0},{"not_picked":["Iron Wave","Blood for Blood","Intimidate"],"picked":"SKIP","floor":11.0},{"not_picked":["Thunderclap","Power Through"],"picked":"Evolve","floor":13},{"not_picked":["True Grit","Havoc"],"picked":"Whirlwind","floor":14}],"player_experience":3137943,"relics_obtained":[{"floor":7.0,"key":"MawBank"},{"floor":9.0,"key":"Dream Catcher"},{"floor":13,"key":"War Paint"}],"event_choices":[{"damage_healed":0.0,"max_hp_gain":0.0,"max_hp_loss":0.0,"gold_gain":0.0,"event_name":"Shining Light","player_choice":"Entered Light","floor":2.0,"gold_loss":0.0,"damage_taken":20.0,"cards_upgraded":["Strike_R","Strike_R"]},{"cards_removed":["Strike_R"],"damage_healed":0.0,"max_hp_gain":0.0,"max_hp_loss":0.0,"gold_gain":0.0,"event_name":"Bonfire Elementals","player_choice":"Offered Basic","floor":3.0,"gold_loss":0.0,"damage_taken":0.0}],"is_beta":true,"boss_relics":[],"items_purged_floors":[],"is_endless":false,"potions_floor_spawned":[7,10,11],"killed_by":"Hexaghost","ascension_level":20}