{"gold_per_floor":[110,110,127,139,159,159,175,175,175,201,12,12,12,24,24,24],"floor_reached":16,"playtime":440,"items_purged":[],"score":153,"play_id":"785fc76a-f98a-47f7-8124-54709acddf17","local_time":"20190604101130","is_ascension_mode":true,"campfire_choices":[{"data":"True Grit","floor":6,"key":"SMITH"},{"data":"Burning Pact","floor":8,"key":"SMITH"},{"data":"Offering","floor":12,"key":"SMITH"},{"floor":15,"key":"REST"}],"neow_cost":"NONE","seed_source_timestamp":38298152360428,"circlet_count":0,"master_deck":["AscendersBane","Strike_R","Strike_R","Strike_R","Strike_R","Strike_R","Defend_R","Defend_R","Defend_R","Defend_R","Bash","True Grit+1","Pain","Spot Weakness","Rampage","Cleave","Burning Pact+1","Offering","Offering+1"],"relics":["Burning Blood","NeowsBlessing","WarpedTongs","Bird Faced Urn","Dodecahedron"],"potions_floor_usage":[5,16],"damage_taken":[{"damage":0,"enemies":"Small Slimes","floor":1,"turns":1},{"damage":1,"enemies":"Cultist","floor":3,"turns":1},{"damage":0,"enemies":"Jaw Worm","floor":4,"turns":1},{"damage":12,"enemies":"Exordium Thugs","floor":5,"turns":4},{"damage":15,"enemies":"Looter","floor":7,"turns":3},{"damage":33,"enemies":"Lagavulin","floor":10,"turns":8},{"damage":22,"enemies":"2 Fungi Beasts","floor":14,"turns":3},{"damage":49,"enemies":"Hexaghost","floor":16,"turns":9}],"seed_played":"8374373954379804767","potions_obtained":[{"floor":3,"key":"Explosive Potion"}],"is_trial":false,"path_per_floor":["M","?","M","M","M","R","M","R","T","E","$","R","$","M","R","B"],"character_chosen":"IRONCLAD","items_purchased":["Offering","Weak Potion"],"campfire_rested":1,"item_purchase_floors":[11,11],"current_hp_per_floor":[78,78,80,80,74,74,65,65,65,38,38,38,38,22,46,0],"gold":24,"neow_bonus":"THREE_ENEMY_KILL","is_prod":false,"is_daily":false,"chose_seed":false,"campfire_upgraded":3,"win_rate":0,"timestamp":1559607090,"path_taken":["M","?","M","M","M","R","M","R","T","E","$","R","?","M","R","BOSS"],"build_version":"2019-01-23","purchased_purges":0,"victory":false,"max_hp_per_floor":[80,80,80,80,80,80,80,80,80,80,80,80,80,80,80,80],"card_choices":[{"not_picked":["Iron Wave","Warcry"],"picked":"True Grit","floor":1},{"not_picked":["Thunderclap","Combust"],"picked":"Spot Weakness","floor":3},{"not_picked":["Dual Wield","Flex"],"picked":"Rampage","floor":4},{"not_picked":["Armaments","Heavy Blade"],"picked":"Cleave","floor":5},{"not_picked":["Flex","Hemokinesis"],"picked":"Burning Pact","floor":7},{"not_picked":["Feel No Pain","Pummel"],"picked":"Offering","floor":10},{"not_picked":["Sword Boomerang","Combust","Clash"],"picked":"SKIP","floor":14}],"player_experience":815509,"relics_obtained":[{"floor":9,"key":"Bird Faced Urn"},{"floor":10,"key":"Dodecahedron"}],"event_choices":[{"damage_healed":0,"gold_gain":0,"player_choice":"Rummage","damage_taken":0,"relics_obtained":["WarpedTongs"],"max_hp_gain":0,"max_hp_loss":0,"event_name":"Accursed Blacksmith","floor":2,"gold_loss":0,"cards_obtained":["Pain"]}],"is_beta":false,"boss_relics":[],"items_purged_floors":[],"is_endless":false,"potions_floor_spawned":[3],"killed_by":"Hexaghost","ascension_level":10}