{"gold_per_floor":[118,50,70,82,102,102,116,116,116,116,64,64,83,9,9,111,111,128,128,139,16,31,31],"floor_reached":23,"playtime":4646,"items_purged":["Strike_R"],"score":229,"play_id":"9f52c1ab-b6ff-4421-8f50-d2d50b9d6f8b","local_time":"20190503000738","is_ascension_mode":true,"campfire_choices":[{"data":"Cleave","floor":6,"key":"SMITH"},{"data":"Clothesline","floor":8,"key":"SMITH"},{"data":"Rampage","floor":10,"key":"SMITH"},{"data":"Body Slam","floor":12,"key":"SMITH"},{"data":"Bloodletting","floor":15,"key":"SMITH"}],"neow_cost":"NONE","seed_source_timestamp":42201807053468,"circlet_count":0,"master_deck":["Strike_R","Strike_R","Strike_R","Strike_R","Defend_R","Defend_R","Defend_R","Defend_R","Bash","Clothesline+1","Rampage+1","Cleave+1","Shockwave","Heavy Blade","Power Through","Body Slam+1","Bloodletting+1","Flex","Double Tap","Pommel Strike+1","Infernal Blade","Shrug It Off","Sentinel"],"relics":["Burning Blood","Torii","Runic Dome","Kunai"],"potions_floor_usage":[5,16,16,16,20,23],"damage_taken":[{"damage":1,"enemies":"Cultist","floor":1,"turns":3},{"damage":0,"enemies":"2 Louse","floor":3,"turns":2},{"damage":4,"enemies":"Small Slimes","floor":4,"turns":4},{"damage":3,"enemies":"Gremlin Gang","floor":5,"turns":2},{"damage":16,"enemies":"Blue Slaver","floor":7,"turns":5},{"damage":16,"enemies":"Exordium Wildlife","floor":13,"turns":6},{"damage":50,"enemies":"Hexaghost","floor":16,"turns":15},{"damage":25,"enemies":"Chosen","floor":18,"turns":5},{"damage":16,"enemies":"2 Thieves","floor":20,"turns":3},{"damage":25,"enemies":"Centurion and Healer","floor":22,"turns":7},{"damage":65,"enemies":"Gremlin Leader","floor":23,"turns":10}],"seed_played":"-1358021901588873445","potions_obtained":[{"floor":3,"key":"SpeedPotion"},{"floor":4,"key":"Explosive Potion"},{"floor":13,"key":"Block Potion"},{"floor":16,"key":"Energy Potion"},{"floor":18,"key":"BloodPotion"},{"floor":20,"key":"Regen Potion"}],"is_trial":false,"path_per_floor":["M","$","M","M","M","R","M","R","T","R","$","R","M","$","R","B",null,"M","T","M","$","M","E"],"character_chosen":"IRONCLAD","items_purchased":["Rampage","Body Slam","Flex","PowerPotion","Shrug It Off"],"campfire_rested":0,"item_purchase_floors":[2,11,14,14,21],"current_hp_per_floor":[88,88,88,88,88,88,78,78,78,78,78,78,68,68,68,24,72,53,53,51,51,32,0],"gold":31,"neow_bonus":"TEN_PERCENT_HP_BONUS","is_prod":false,"is_daily":false,"chose_seed":false,"campfire_upgraded":5,"win_rate":0,"timestamp":1556806058,"path_taken":["M","?","M","M","M","R","M","R","T","R","$","R","?","?","R","BOSS","M","?","M","$","M","E"],"build_version":"2019-01-23","purchased_purges":1,"victory":false,"max_hp_per_floor":[88,88,88,88,88,88,88,88,88,88,88,88,88,88,88,88,88,88,88,88,88,88,88],"card_choices":[{"not_picked":["Wild Strike","Twin Strike"],"picked":"Clothesline","floor":1},{"not_picked":["Clash","Body Slam"],"picked":"Cleave","floor":3},{"not_picked":["Clothesline","Iron Wave"],"picked":"Shockwave","floor":4},{"not_picked":["Thunderclap","Iron Wave"],"picked":"Heavy Blade","floor":5},{"not_picked":["Hemokinesis","Flex"],"picked":"Power Through","floor":7},{"not_picked":["Second Wind","Heavy Blade"],"picked":"Bloodletting","floor":13},{"not_picked":["Fiend Fire","Impervious"],"picked":"Double Tap","floor":16},{"not_picked":["Heavy Blade","Anger"],"picked":"Pommel Strike+1","floor":18},{"not_picked":["Perfected Strike","Body Slam"],"picked":"Infernal Blade","floor":20},{"not_picked":["Perfected Strike","Ghostly Armor"],"picked":"Sentinel","floor":22}],"player_experience":584161,"relics_obtained":[{"floor":9,"key":"Torii"},{"floor":19,"key":"Kunai"}],"event_choices":[],"is_beta":false,"boss_relics":[{"not_picked":["White Beast Statue","Pandora\u0027s Box"],"picked":"Runic Dome"}],"items_purged_floors":[21],"is_endless":false,"potions_floor_spawned":[3,4,13,16,18,20],"killed_by":"Gremlin Leader","ascension_level":5}