{"gold_per_floor":[110,110,34,45,45,79,79,96,96,96,19,29,63,125,125,229,229,240,12,16,0,0,0,31,31,31,31,45,6,39,15,15,15],"floor_reached":33,"playtime":1182,"items_purged":[],"score":361,"play_id":"4e989b34-fc8f-4f35-823a-dc43cac88bb4","local_time":"20190430181725","is_ascension_mode":true,"campfire_choices":[{"data":"White Noise","floor":7,"key":"SMITH"},{"data":"Dualcast","floor":10,"key":"SMITH"},{"data":"Go for the Eyes","floor":15,"key":"SMITH"},{"data":"Genetic Algorithm","floor":23,"key":"SMITH"},{"floor":25,"key":"REST"},{"floor":32,"key":"REST"}],"neow_cost":"NONE","seed_source_timestamp":36859077394052,"circlet_count":0,"master_deck":["Strike_B","Strike_B","Defend_B","Defend_B","Defend_B","Defend_B","Zap+1","Dualcast+1","Conserve Battery","Self Repair","White Noise+1","Double Energy","Leap","Aggregate","Doom and Gloom","Core Surge","Go for the Eyes+1","Seek","Genetic Algorithm+1","Defragment+1","Cold Snap","Sunder","Reboot","Stack","Melter+1","Doom and Gloom","Buffer+1","Coolheaded"],"relics":["Cracked Core","NeowsBlessing","Ornamental Fan","Frozen Egg 2","Smiling Mask","Omamori","Nuclear Battery","Vajra","Sundial","Symbiotic Virus","Ancient Tea Set"],"potions_floor_usage":[13,13,13,30,33],"damage_taken":[{"damage":0,"enemies":"Small Slimes","floor":1,"turns":1},{"damage":0,"enemies":"Cultist","floor":4,"turns":1},{"damage":0,"enemies":"3 Sentries","floor":6,"turns":1},{"damage":0,"enemies":"2 Louse","floor":8,"turns":2},{"damage":10,"enemies":"Looter","floor":12,"turns":4},{"damage":27,"enemies":"Gremlin Nob","floor":13,"turns":4},{"damage":14,"enemies":"Lagavulin Event","floor":14,"turns":5},{"damage":18,"enemies":"Hexaghost","floor":16,"turns":11},{"damage":0,"enemies":"Chosen","floor":18,"turns":5},{"damage":13,"enemies":"2 Thieves","floor":20,"turns":4},{"damage":48,"enemies":"Book of Stabbing","floor":24,"turns":6},{"damage":9,"enemies":"Cultist and Chosen","floor":28,"turns":6},{"damage":16,"enemies":"Slavers","floor":30,"turns":4},{"damage":65,"enemies":"Collector","floor":33,"turns":10}],"seed_played":"-5698378658363258038","potions_obtained":[{"floor":1,"key":"Swift Potion"},{"floor":8,"key":"Block Potion"},{"floor":12,"key":"GamblersBrew"},{"floor":14,"key":"Strength Potion"},{"floor":24,"key":"FocusPotion"},{"floor":30,"key":"Explosive Potion"}],"is_trial":false,"path_per_floor":["M","?","$","M","?","E","R","M","T","R","$","M","E","?","R","B",null,"M","$","M","?","?","R","E","R","T","$","M","$","E","$","R","B"],"character_chosen":"DEFECT","items_purchased":["Self Repair","Aggregate","Defragment+1","Vajra","Doom and Gloom","Coolheaded"],"campfire_rested":2,"item_purchase_floors":[3,11,19,19,29,31],"current_hp_per_floor":[75,75,75,75,75,75,75,75,75,75,75,72,52,45,45,27,75,75,75,69,69,69,69,28,50,50,50,48,48,39,39,61,0],"gold":15,"neow_bonus":"THREE_ENEMY_KILL","is_prod":false,"is_daily":false,"chose_seed":false,"campfire_upgraded":4,"win_rate":0,"timestamp":1556612245,"path_taken":["M","?","$","?","?","E","R","M","T","R","$","M","E","?","R","BOSS","M","$","M","?","?","R","E","R","T","$","M","?","E","?","R","BOSS"],"build_version":"2019-01-23","purchased_purges":0,"victory":false,"max_hp_per_floor":[75,75,75,75,75,75,75,75,75,75,75,75,75,75,75,75,75,75,75,75,75,75,75,75,75,75,75,75,75,75,75,75,75],"card_choices":[{"not_picked":["Hello World","Streamline"],"picked":"Conserve Battery","floor":1},{"not_picked":["Rebound","Gash"],"picked":"White Noise","floor":4},{"not_picked":["Go for the Eyes","Gash"],"picked":"Double Energy","floor":6},{"not_picked":["Rip and Tear","Static Discharge"],"picked":"Leap","floor":8},{"not_picked":["Conserve Battery","Tempest"],"picked":"Doom and Gloom","floor":12},{"not_picked":["Cold Snap","Aggregate"],"picked":"Core Surge","floor":13},{"not_picked":["Beam Cell","Sweeping Beam"],"picked":"Go for the Eyes","floor":14},{"not_picked":["Fission","Amplify"],"picked":"Seek","floor":16},{"not_picked":["Sweeping Beam","Fusion"],"picked":"Genetic Algorithm","floor":18},{"not_picked":["Beam Cell","Gash"],"picked":"Cold Snap","floor":20},{"not_picked":["Streamline+1","Beam Cell"],"picked":"Stack","floor":24},{"not_picked":["Ball Lightning","Steam+1"],"picked":"Melter+1","floor":28},{"not_picked":["Steam","Lockon"],"picked":"Buffer+1","floor":30}],"player_experience":539330,"relics_obtained":[{"floor":6,"key":"Ornamental Fan"},{"floor":9,"key":"Frozen Egg 2"},{"floor":13,"key":"Smiling Mask"},{"floor":24,"key":"Sundial"},{"floor":26,"key":"Symbiotic Virus"},{"floor":30,"key":"Ancient Tea Set"}],"event_choices":[{"damage_healed":0,"gold_gain":0,"player_choice":"Bought 0 Potions","damage_taken":0,"max_hp_gain":0,"max_hp_loss":0,"event_name":"The Woman in Blue","floor":2,"gold_loss":0},{"damage_healed":0,"gold_gain":0,"player_choice":"Grow","damage_taken":0,"max_hp_gain":0,"max_hp_loss":0,"event_name":"Living Wall","floor":5,"gold_loss":0,"cards_upgraded":["Zap"]},{"damage_healed":0,"gold_gain":0,"player_choice":"Searched \u00273\u0027 times","damage_taken":0,"relics_obtained":["Omamori"],"max_hp_gain":0,"max_hp_loss":0,"event_name":"Dead Adventurer","floor":14,"gold_loss":0},{"damage_healed":0,"gold_gain":0,"player_choice":"Paid Fearfully","damage_taken":0,"max_hp_gain":0,"max_hp_loss":0,"event_name":"Masked Bandits","floor":21,"gold_loss":16},{"damage_healed":0,"gold_gain":0,"cards_transformed":["Strike_B","Strike_B"],"player_choice":"Became Test Subject","damage_taken":0,"max_hp_gain":0,"max_hp_loss":0,"event_name":"Drug Dealer","floor":22,"gold_loss":0,"cards_obtained":["Sunder","Reboot"]}],"is_beta":false,"boss_relics":[{"not_picked":["Runic Pyramid","White Beast Statue"],"picked":"Nuclear Battery"}],"items_purged_floors":[],"is_endless":false,"potions_floor_spawned":[1,8,12,14,24,30],"killed_by":"Collector","ascension_level":3}