{"gold_per_floor":[116,116,136,57,57,90,90,121,121,47,63,63,94,105,105,200,200,210,210],"floor_reached":19,"playtime":592,"items_purged":[],"score":231,"play_id":"46f281d5-2e8c-4adb-a8fe-f6a344971021","local_time":"20190116013828","is_ascension_mode":true,"campfire_choices":[{"data":"Heatsinks","floor":7,"key":"SMITH"},{"floor":15,"key":"REST"}],"neow_cost":"NONE","seed_source_timestamp":559869788816025,"circlet_count":0,"master_deck":["Strike_B","Strike_B","Strike_B","Strike_B","Defend_B","Defend_B","Defend_B","Defend_B","Zap","Dualcast","White Noise+1","Heatsinks+1","Self Repair","FTL","Storm","Defragment","Regret","Ball Lightning+1","Double Energy"],"relics":["Cracked Core","NeowsBlessing","Ancient Tea Set","Potion Belt","Emotion Chip","Molten Egg 2","Letter Opener","Boot","Runic Pyramid"],"potions_floor_usage":[8,8,16,19],"damage_taken":[{"damage":0,"enemies":"2 Louse","floor":1,"turns":1},{"damage":0,"enemies":"Cultist","floor":3,"turns":1},{"damage":0,"enemies":"Gremlin Nob","floor":6,"turns":1},{"damage":32,"enemies":"Lagavulin","floor":8,"turns":6},{"damage":2,"enemies":"Jaw Worm","floor":11,"turns":3},{"damage":27,"enemies":"3 Sentries","floor":13,"turns":4},{"damage":6,"enemies":"Red Slaver","floor":14,"turns":3},{"damage":38,"enemies":"The Guardian","floor":16,"turns":10},{"damage":59,"enemies":"3 Byrds","floor":18,"turns":4},{"damage":30,"enemies":"Colosseum Slavers","floor":19,"turns":2}],"seed_played":"4130118686422872421","potions_obtained":[{"floor":1,"key":"Energy Potion"},{"floor":3,"key":"SkillPotion"},{"floor":8,"key":"Poison Potion"},{"floor":18,"key":"Dexterity Potion"}],"is_trial":false,"path_per_floor":["M","?","M","$","T","E","R","E","T","$","M","?","E","M","R","B",null,"M","?"],"character_chosen":"DEFECT","items_purchased":["Self Repair","Defragment"],"campfire_rested":1,"item_purchase_floors":[4,10],"current_hp_per_floor":[75,75,75,75,75,75,75,50,50,50,48,48,28,22,44,13,75,23,0],"gold":210,"neow_bonus":"THREE_ENEMY_KILL","is_prod":false,"is_daily":false,"chose_seed":false,"campfire_upgraded":1,"win_rate":0,"timestamp":1547620708,"path_taken":["M","?","M","?","?","E","R","E","T","$","?","?","E","M","R","BOSS","M","?"],"build_version":"2019-01-10","purchased_purges":0,"victory":false,"max_hp_per_floor":[75,75,75,75,75,75,75,75,75,75,75,75,75,75,75,75,75,75,75],"card_choices":[{"not_picked":["Doom and Gloom","Sunder"],"picked":"White Noise","floor":1},{"not_picked":["Lockon","Undo"],"picked":"Heatsinks","floor":3},{"not_picked":["Cold Snap","Recycle"],"picked":"FTL","floor":6},{"not_picked":["Go for the Eyes","Turbo"],"picked":"Storm","floor":8},{"not_picked":["Sweeping Beam+1","Rip and Tear+1","Coolheaded"],"picked":"SKIP","floor":11},{"not_picked":["Sunder+1","Steam"],"picked":"Ball Lightning+1","floor":13},{"not_picked":["Ball Lightning+1","Heatsinks"],"picked":"Double Energy","floor":14},{"not_picked":["Doom and Gloom+1","Rebound+1","Redo"],"picked":"SKIP","floor":18}],"player_experience":79412,"relics_obtained":[{"floor":5,"key":"Ancient Tea Set"},{"floor":6,"key":"Potion Belt"},{"floor":8,"key":"Emotion Chip"},{"floor":9,"key":"Molten Egg 2"},{"floor":13,"key":"Boot"}],"event_choices":[{"damage_healed":0,"gold_gain":0,"player_choice":"Upgraded","damage_taken":0,"max_hp_gain":0,"max_hp_loss":0,"event_name":"Upgrade Shrine","floor":2,"gold_loss":0,"cards_upgraded":["White Noise"]},{"damage_healed":0,"gold_gain":0,"player_choice":"Box","damage_taken":0,"relics_obtained":["Letter Opener"],"max_hp_gain":0,"max_hp_loss":0,"event_name":"Big Fish","floor":12,"gold_loss":0,"cards_obtained":["Regret"]},{"damage_healed":0,"gold_gain":0,"player_choice":"Fight","damage_taken":0,"max_hp_gain":0,"max_hp_loss":0,"event_name":"Colosseum","floor":19,"gold_loss":0}],"is_beta":false,"boss_relics":[{"not_picked":["Runic Dome","Tiny House"],"picked":"Runic Pyramid"}],"items_purged_floors":[],"is_endless":false,"potions_floor_spawned":[1,3,8,18],"killed_by":"Colosseum Slavers","ascension_level":2}