{"gold_per_floor":[110,129,60,74,74,105,105,145,190,190,204,229,229,247,247,366,366,389,413,407,164,208,247,265,265,289,289,289,307,330,354,354,354],"floor_reached":33,"playtime":1622,"items_purged":[],"score":279,"play_id":"4bea4200-c798-4a27-94c6-f1584761cbf8","local_time":"20190108160400","is_ascension_mode":false,"campfire_choices":[{"data":"Loop","floor":7,"key":"SMITH"},{"floor":15,"key":"REST"},{"floor":25,"key":"REST"},{"data":"Redo","floor":27,"key":"SMITH"},{"floor":32,"key":"REST"}],"neow_cost":"NONE","seed_source_timestamp":1135084856880665,"circlet_count":0,"master_deck":["Strike_B","Strike_B","Strike_B","Defend_B","Defend_B","Zap","Dualcast","Tempest","Melter","Loop+1","Redo+1","Reinforced Body","Glacier","Iron Wave","Conserve Battery","Hologram","Beam Cell","Electrodynamics","Chaos","Ball Lightning","Capacitor","Sweeping Beam","Double Energy","Redo","Barrage","Buffer","FTL+1","Rainbow","Stack+1"],"relics":["Cracked Core","Golden Idol","Matryoshka","Pen Nib","Anchor","Strawberry","Empty Cage","Potion Belt","PreservedInsect","Bronze Scales","Red Mask","Boot","Bag of Preparation"],"potions_floor_usage":[33,33],"damage_taken":[{"damage":8,"enemies":"Small Slimes","floor":1,"turns":3},{"damage":1,"enemies":"Cultist","floor":2,"turns":3},{"damage":5,"enemies":"2 Louse","floor":4,"turns":2},{"damage":29,"enemies":"3 Sentries","floor":6,"turns":7},{"damage":24,"enemies":"Gremlin Nob","floor":8,"turns":5},{"damage":5,"enemies":"Gremlin Gang","floor":11,"turns":5},{"damage":2,"enemies":"Exordium Thugs","floor":12,"turns":6},{"damage":14,"enemies":"Exordium Wildlife","floor":14,"turns":5},{"damage":20,"enemies":"Hexaghost","floor":16,"turns":13},{"damage":10,"enemies":"3 Byrds","floor":18,"turns":4},{"damage":0,"enemies":"2 Thieves","floor":20,"turns":4},{"damage":23,"enemies":"Masked Bandits","floor":22,"turns":5},{"damage":17,"enemies":"Slavers","floor":23,"turns":4},{"damage":0,"enemies":"Chosen and Byrds","floor":24,"turns":4},{"damage":0,"enemies":"Cultist and Chosen","floor":29,"turns":4},{"damage":14,"enemies":"Snake Plant","floor":30,"turns":4},{"damage":50,"enemies":"3 Cultists","floor":31,"turns":5},{"damage":31,"enemies":"Collector","floor":33,"turns":3}],"seed_played":"6282104583905480033","potions_obtained":[{"floor":1,"key":"SteroidPotion"},{"floor":2,"key":"Dexterity Potion"},{"floor":8,"key":"GamblersBrew"},{"floor":23,"key":"Strength Potion"},{"floor":24,"key":"Explosive Potion"}],"is_trial":false,"path_per_floor":["M","M","$","M","?","E","R","E","T","?","M","M","?","M","R","B",null,"M","T","M","$","?","E","M","R","T","R","?","M","M","M","R","B"],"character_chosen":"DEFECT","items_purchased":["Loop","Capacitor","Sweeping Beam","Bronze Scales"],"campfire_rested":3,"item_purchase_floors":[3,21,21,21],"current_hp_per_floor":[74,73,73,68,68,39,39,15,22,22,17,15,15,1,27,7,89,79,79,79,79,56,39,39,65,65,65,65,65,51,1,27,0],"gold":354,"neow_bonus":"TEN_PERCENT_HP_BONUS","is_prod":false,"is_daily":false,"chose_seed":false,"campfire_upgraded":2,"win_rate":0.0,"timestamp":1546981440,"path_taken":["M","M","$","M","?","E","R","E","T","?","M","?","?","M","R","BOSS","M","?","M","$","?","E","M","R","T","R","?","M","M","?","R","BOSS"],"build_version":"2019-01-03v4","purchased_purges":0,"victory":false,"max_hp_per_floor":[82,82,82,82,82,82,82,82,89,89,89,89,89,89,89,89,89,89,89,89,89,89,89,89,89,89,89,89,89,89,89,89,89],"card_choices":[{"not_picked":["Gash","Defragment"],"picked":"Tempest","floor":1},{"not_picked":["Hello World","Steam Power"],"picked":"Melter","floor":2},{"not_picked":["Barrage","Fusion"],"picked":"Redo","floor":4},{"not_picked":["Blizzard","Redo"],"picked":"Reinforced Body","floor":6},{"not_picked":["Fusion","Compile Driver"],"picked":"Glacier","floor":8},{"not_picked":["Tempest","Barrage"],"picked":"Conserve Battery","floor":11},{"not_picked":["Streamline","Undo","Compile Driver"],"picked":"SKIP","floor":12},{"not_picked":["Sweeping Beam","Undo"],"picked":"Beam Cell","floor":14},{"not_picked":["All For One","Fission"],"picked":"Electrodynamics","floor":16},{"not_picked":["Stack","Sweeping Beam"],"picked":"Chaos","floor":18},{"not_picked":["Skim","Rebound"],"picked":"Ball Lightning","floor":20},{"not_picked":["Coolheaded+1","Barrage"],"picked":"Double Energy","floor":22},{"not_picked":["Conserve Battery","Compile Driver"],"picked":"Redo","floor":23},{"not_picked":["Gash","Stack"],"picked":"Barrage","floor":24},{"not_picked":["Darkness","Leap"],"picked":"FTL+1","floor":29},{"not_picked":["Storm","Barrage"],"picked":"Rainbow","floor":30},{"not_picked":["Steam","Genetic Algorithm"],"picked":"Stack+1","floor":31}],"player_experience":17800,"relics_obtained":[{"floor":6,"key":"Matryoshka"},{"floor":8,"key":"Pen Nib"},{"floor":9,"key":"Anchor"},{"floor":9,"key":"Strawberry"},{"floor":19,"key":"Potion Belt"},{"floor":19,"key":"PreservedInsect"},{"floor":22,"key":"Red Mask"},{"floor":23,"key":"Boot"},{"floor":26,"key":"Bag of Preparation"}],"event_choices":[{"damage_healed":0,"gold_gain":0,"player_choice":"Take Wound","damage_taken":0,"relics_obtained":["Golden Idol"],"max_hp_gain":0,"max_hp_loss":0,"event_name":"Golden Idol","floor":5,"gold_loss":0,"cards_obtained":["Injury"]},{"cards_removed":["Strike_B"],"damage_healed":0,"gold_gain":0,"player_choice":"Took Card","damage_taken":0,"max_hp_gain":0,"max_hp_loss":0,"event_name":"NoteForYourself","floor":10,"gold_loss":0,"cards_obtained":["Iron Wave"]},{"damage_healed":0,"gold_gain":0,"cards_transformed":["Defend_B"],"player_choice":"Transformed","damage_taken":0,"max_hp_gain":0,"max_hp_loss":0,"event_name":"Transmorgrifier","floor":13,"gold_loss":0,"cards_obtained":["Hologram"]},{"damage_healed":0,"gold_gain":0,"player_choice":"Fought Bandits","damage_taken":0,"max_hp_gain":0,"max_hp_loss":0,"event_name":"Masked Bandits","floor":22,"gold_loss":0},{"damage_healed":0,"gold_gain":0,"player_choice":"1 cards matched","damage_taken":0,"max_hp_gain":0,"max_hp_loss":0,"event_name":"Match and Keep!","floor":28,"gold_loss":0,"cards_obtained":["Buffer"]}],"is_beta":false,"boss_relics":[{"not_picked":["Velvet Choker","White Beast Statue"],"picked":"Empty Cage"}],"items_purged_floors":[],"is_endless":false,"potions_floor_spawned":[1,2,8,12,23,24,30],"killed_by":"Collector","ascension_level":0}