{"gold_per_floor":[113,123,138,63,74,107,125,125,148,168,186,214,224,77,77,174,174,188,217,232,232,34,34,34,66,113,113,142,142,159,170,170,266,266,276,276,70,83,83,113,113,147,147,161,161,161,171,202,202,202,202,202,16,49,49],"floor_reached":56,"playtime":11900,"items_purged":["Writhe","Strike_G","A Thousand Cuts+1"],"score":1390,"play_id":"4cb2436f-4e0e-4d12-a452-65ce44e69544","local_time":"20190711184650","is_ascension_mode":true,"campfire_choices":[{"data":"Survivor","floor":8.0,"key":"SMITH"},{"data":"Noxious Fumes","floor":15.0,"key":"SMITH"},{"data":"Footwork","floor":23.0,"key":"SMITH"},{"data":"Prepared","floor":27.0,"key":"SMITH"},{"data":"Backflip","floor":29.0,"key":"SMITH"},{"data":"Well Laid Plans","floor":32.0,"key":"SMITH"},{"data":"Backflip","floor":41.0,"key":"SMITH"},{"floor":45.0,"key":"RECALL"},{"data":"Calculated Gamble","floor":49.0,"key":"SMITH"},{"data":"Malaise","floor":52,"key":"SMITH"}],"neow_cost":"CURSE","seed_source_timestamp":0,"circlet_count":0,"master_deck":["Defend_G","Defend_G","Defend_G","Defend_G","Survivor+1","Neutralize","After Image","Deadly Poison","Prepared+1","Backflip","Poisoned Stab","Backflip+1","Well Laid Plans+1","Noxious Fumes+1","Dodge and Roll","After Image","PiercingWail+1","Flying Knee+1","Crippling Poison+1","Footwork+1","Acrobatics+1","Backflip+1","Adrenaline","Noxious Fumes+1","Backflip+1","Malaise+1","Crippling Poison","Calculated Gamble+1","Well Laid Plans"],"special_seed":0,"relics":["Ring of the Snake","Pear","Snake Skull","Astrolabe","Red Mask","Bag of Marbles","Orichalcum","Lantern","Velvet Choker","DollysMirror","Ancient Tea Set","The Specimen","Happy Flower","Thread and Needle"],"potions_floor_usage":[55,55],"damage_taken":[{"damage":6.0,"enemies":"Cultist","floor":1.0,"turns":5.0},{"damage":1.0,"enemies":"Jaw Worm","floor":2.0,"turns":5.0},{"damage":0.0,"enemies":"2 Louse","floor":3.0,"turns":4.0},{"damage":1.0,"enemies":"Red Slaver","floor":5.0,"turns":4.0},{"damage":13.0,"enemies":"Gremlin Nob","floor":6.0,"turns":4.0},{"damage":0.0,"enemies":"Exordium Thugs","floor":7.0,"turns":5.0},{"damage":0.0,"enemies":"2 Fungi Beasts","floor":10.0,"turns":5.0},{"damage":5.0,"enemies":"Lots of Slimes","floor":11.0,"turns":7.0},{"damage":5.0,"enemies":"Lagavulin","floor":12.0,"turns":10.0},{"damage":0.0,"enemies":"3 Louse","floor":13.0,"turns":4.0},{"damage":4.0,"enemies":"The Guardian","floor":16.0,"turns":8.0},{"damage":0.0,"enemies":"Shell Parasite","floor":18.0,"turns":6.0},{"damage":22.0,"enemies":"Masked Bandits","floor":19.0,"turns":5.0},{"damage":0.0,"enemies":"Spheric Guardian","floor":20.0,"turns":5.0},{"damage":0.0,"enemies":"Gremlin Leader","floor":25.0,"turns":7.0},{"damage":2.0,"enemies":"Book of Stabbing","floor":28.0,"turns":8.0},{"damage":0.0,"enemies":"Shelled Parasite and Fungi","floor":30.0,"turns":6.0},{"damage":0.0,"enemies":"Cultist and Chosen","floor":31.0,"turns":6.0},{"damage":14.0,"enemies":"Automaton","floor":33.0,"turns":10.0},{"damage":0.0,"enemies":"3 Shapes","floor":35.0,"turns":4.0},{"damage":0.0,"enemies":"Orb Walker","floor":38.0,"turns":5.0},{"damage":0.0,"enemies":"Giant Head","floor":40.0,"turns":9.0},{"damage":0.0,"enemies":"Nemesis","floor":42.0,"turns":9.0},{"damage":1.0,"enemies":"Spire Growth","floor":44.0,"turns":6.0},{"damage":2.0,"enemies":"Maw","floor":47.0,"turns":7.0},{"damage":3.0,"enemies":"Reptomancer","floor":48.0,"turns":5.0},{"damage":10.0,"enemies":"Donu and Deca","floor":50.0,"turns":9.0},{"damage":4,"enemies":"Shield and Spear","floor":54,"turns":7},{"damage":25,"enemies":"The Heart","floor":55,"turns":13}],"seed_played":"-414065080807521489","potions_obtained":[{"floor":2.0,"key":"PowerPotion"},{"floor":3.0,"key":"Poison Potion"},{"floor":5.0,"key":"Energy Potion"},{"floor":12.0,"key":"Swift Potion"},{"floor":13.0,"key":"GhostInAJar"},{"floor":19.0,"key":"GhostInAJar"},{"floor":28.0,"key":"GhostInAJar"},{"floor":33.0,"key":"Energy Potion"},{"floor":38.0,"key":"PowerPotion"},{"floor":39.0,"key":"EssenceOfSteel"},{"floor":39.0,"key":"GhostInAJar"},{"floor":47.0,"key":"GhostInAJar"},{"floor":48.0,"key":"FearPotion"}],"is_trial":false,"path_per_floor":["M","M","M","$","M","E","M","R","T","M","M","E","M","$","R","B",null,"M","?","M","?","$","R","$","E","T","R","E","R","M","M","R","B",null,"M","?","$","M","?","E","R","E","T","M","R","?","M","E","R","B",null,"R","$","E","B",null],"character_chosen":"THE_SILENT","items_purchased":["Dodge and Roll","Footwork","DollysMirror","Well Laid Plans","EssenceOfSteel","GamblersBrew"],"campfire_rested":0,"item_purchase_floors":[14,22,37,53,53,53],"current_hp_per_floor":[64,63,63,63,62,59,59,59,59,59,54,49,49,49,49,45,80,80,58,58,50,50,50,50,50,50,50,48,48,48,48,48,34,80,80,80,80,80,80,80,80,80,80,79,79,79,77,74,74,64,80,80,80,76,51],"gold":49,"neow_bonus":"THREE_RARE_CARDS","is_prod":false,"is_daily":false,"chose_seed":false,"campfire_upgraded":9,"win_rate":1,"timestamp":1562860010,"path_taken":["M","M","M","$","?","E","M","R","T","M","M","E","M","$","R","BOSS","M","?","M","?","$","R","$","E","T","R","E","R","M","M","R","BOSS","M","?","$","?","?","E","R","E","T","?","R","?","?","E","R","BOSS","R","$","E","BOSS"],"build_version":"2019-07-05","purchased_purges":3,"victory":true,"max_hp_per_floor":[70,70,70,70,70,80,80,80,80,80,80,80,80,80,80,80,80,80,80,80,80,80,80,80,80,80,80,80,80,80,80,80,80,80,80,80,80,80,80,80,80,80,80,80,80,80,80,80,80,80,80,80,80,80,80],"card_choices":[{"not_picked":["Phantasmal Killer","Die Die Die"],"picked":"After Image","floor":0.0},{"not_picked":["Caltrops","Poisoned Stab"],"picked":"Deadly Poison","floor":1.0},{"not_picked":["Quick Slash","Well Laid Plans"],"picked":"Prepared","floor":2.0},{"not_picked":["Bane","PiercingWail"],"picked":"Backflip","floor":3.0},{"not_picked":["Dodge and Roll","Endless Agony"],"picked":"Poisoned Stab","floor":5.0},{"not_picked":["Blade Dance","Deflect","Flying Knee"],"picked":"SKIP","floor":6.0},{"not_picked":["Poisoned Stab","All Out Attack","Quick Slash"],"picked":"SKIP","floor":7.0},{"not_picked":["Eviscerate","Quick Slash","Finisher"],"picked":"SKIP","floor":10.0},{"not_picked":["Glass Knife","Bouncing Flask"],"picked":"Backflip","floor":11.0},{"not_picked":["Skewer","Sucker Punch"],"picked":"Well Laid Plans","floor":12.0},{"not_picked":["Choke","Dodge and Roll"],"picked":"Noxious Fumes","floor":13.0},{"not_picked":["Bullet Time","Night Terror"],"picked":"After Image","floor":16.0},{"not_picked":["PiercingWail","Slice+1"],"picked":"Crippling Poison+1","floor":18.0},{"not_picked":["Choke","Dagger Throw","Catalyst"],"picked":"SKIP","floor":20.0},{"not_picked":["Dagger Throw","Caltrops+1","Dodge and Roll"],"picked":"SKIP","floor":25.0},{"not_picked":["Distraction","Heel Hook"],"picked":"Acrobatics+1","floor":28.0},{"not_picked":["Poisoned Stab","Terror","Outmaneuver"],"picked":"SKIP","floor":30.0},{"not_picked":["Quick Slash","Bane"],"picked":"Backflip","floor":31.0},{"not_picked":["After Image","Envenom"],"picked":"Adrenaline","floor":33.0},{"not_picked":["Dash+1","Deflect","Catalyst"],"picked":"SKIP","floor":35.0},{"not_picked":["Poisoned Stab+1","Backstab+1","Quick Slash"],"picked":"SKIP","floor":38.0},{"not_picked":["Tactician+1","Quick Slash+1"],"picked":"Backflip+1","floor":40.0},{"not_picked":["Poisoned Stab+1","Reflex+1"],"picked":"Malaise","floor":42.0},{"not_picked":["Caltrops+1","Dagger Throw+1","Flying Knee"],"picked":"SKIP","floor":44.0},{"not_picked":["Bouncing Flask","Deadly Poison+1","Poisoned Stab"],"picked":"SKIP","floor":47.0},{"not_picked":["PiercingWail+1","Dash"],"picked":"Calculated Gamble","floor":48.0},{"not_picked":["Skewer+1","All Out Attack","Dagger Throw+1"],"picked":"SKIP","floor":54}],"player_experience":125390,"relics_obtained":[{"floor":6.0,"key":"Pear"},{"floor":12.0,"key":"Snake Skull"},{"floor":19.0,"key":"Red Mask"},{"floor":25.0,"key":"Bag of Marbles"},{"floor":26.0,"key":"Orichalcum"},{"floor":28.0,"key":"Lantern"},{"floor":40.0,"key":"Ancient Tea Set"},{"floor":42.0,"key":"The Specimen"},{"floor":48.0,"key":"Happy Flower"},{"floor":54,"key":"Thread and Needle"}],"event_choices":[{"damage_healed":0.0,"max_hp_gain":0.0,"max_hp_loss":0.0,"gold_gain":0.0,"event_name":"Masked Bandits","player_choice":"Fought Bandits","floor":19.0,"gold_loss":0.0,"damage_taken":0.0},{"damage_healed":0.0,"max_hp_gain":0.0,"max_hp_loss":0.0,"gold_gain":0.0,"event_name":"Wheel of Change","player_choice":"Damaged","floor":21.0,"gold_loss":0.0,"damage_taken":8.0},{"cards_removed":["Strike_G"],"damage_healed":0.0,"max_hp_gain":0.0,"max_hp_loss":0.0,"gold_gain":0.0,"event_name":"Purifier","player_choice":"Purged","floor":36.0,"gold_loss":0.0,"damage_taken":0.0},{"damage_healed":0.0,"max_hp_gain":0.0,"max_hp_loss":0.0,"gold_gain":0.0,"event_name":"Lab","player_choice":"Got Potions","floor":39.0,"gold_loss":0.0,"damage_taken":0.0},{"damage_healed":0.0,"max_hp_gain":0.0,"max_hp_loss":0.0,"gold_gain":0.0,"cards_transformed":["Defend_G"],"event_name":"Transmorgrifier","player_choice":"Transformed","floor":46.0,"gold_loss":0.0,"damage_taken":0.0,"cards_obtained":["Crippling Poison"]}],"is_beta":false,"boss_relics":[{"not_picked":["Ectoplasm","Calling Bell"],"picked":"Astrolabe"},{"not_picked":["HoveringKite","Orrery"],"picked":"Velvet Choker"}],"items_purged_floors":[4,14,22],"is_endless":false,"potions_floor_spawned":[2,3,5,12,13,19,28,33,38,47,48,54],"ascension_level":1}