{"gold_per_floor":[216,216,366,17,34,63,63,77,77,77,77,105,18,18,18,92,92,92,92,63,63,63,63,9,9,9,9,9,9,9,9,9,9,9,9,9,9,9,9,9,9,9,9,9,9,9,9,9,9,9],"floor_reached":50,"playtime":2630,"items_purged":["Doubt"],"score":1195,"play_id":"e6ecc38d-ca05-4e31-a506-3e4d9d84a496","local_time":"20190705163854","is_ascension_mode":true,"campfire_choices":[{"data":"Apotheosis","floor":7.0,"key":"SMITH"},{"floor":10.0,"key":"REST"},{"data":"Juggernaut","floor":15.0,"key":"SMITH"},{"floor":25.0,"key":"REST"},{"data":"Inflame","floor":27.0,"key":"SMITH"},{"floor":29.0,"key":"REST"},{"floor":32.0,"key":"RECALL"},{"floor":41.0,"key":"REST"},{"data":"Metallicize","floor":47.0,"key":"SMITH"},{"data":"Feel No Pain","floor":49.0,"key":"SMITH"}],"neow_cost":"NONE","seed_source_timestamp":0,"circlet_count":0,"master_deck":["AscendersBane","Defend_R","Defend_R","Defend_R","Defend_R","Bash","Shockwave","Apotheosis+1","Inflame+1","Headbutt","Second Wind","Dropkick","Headbutt","Spot Weakness","Fiend Fire","Pommel Strike+1","RitualDagger","Shrug It Off","Bite","Bite","Bite","Bite","Bite","Exhume","Shrug It Off","Rage+1","Headbutt","Shrug It Off","Feed","Feed","Pommel Strike+1","Master of Strategy","Flame Barrier","Body Slam","Shrug It Off+1","Pommel Strike","Metallicize+1","Feel No Pain+1","Dark Embrace"],"special_seed":0,"relics":["Burning Blood","Shuriken","Meat on the Bone","Champion Belt","Ectoplasm","Dream Catcher","PreservedInsect","Regal Pillow","Juzu Bracelet","White Beast Statue","Bottled Lightning","Prayer Wheel","Oddly Smooth Stone"],"potions_floor_usage":[50],"damage_taken":[{"damage":9.0,"enemies":"Jaw Worm","floor":1.0,"turns":5.0},{"damage":8.0,"enemies":"2 Louse","floor":5.0,"turns":3.0},{"damage":32.0,"enemies":"Gremlin Nob","floor":6.0,"turns":4.0},{"damage":1.0,"enemies":"Cultist","floor":8.0,"turns":4.0},{"damage":39.0,"enemies":"3 Sentries","floor":12.0,"turns":7.0},{"damage":32.0,"enemies":"Hexaghost","floor":16.0,"turns":9.0},{"damage":35.0,"enemies":"Shell Parasite","floor":18.0,"turns":4.0},{"damage":22.0,"enemies":"Book of Stabbing","floor":23.0,"turns":4.0},{"damage":33.0,"enemies":"Gremlin Leader","floor":28.0,"turns":6.0},{"damage":23.0,"enemies":"3 Byrds","floor":30.0,"turns":6.0},{"damage":36.0,"enemies":"Slavers","floor":31.0,"turns":5.0},{"damage":55.0,"enemies":"Collector","floor":33.0,"turns":8.0},{"damage":11.0,"enemies":"3 Shapes","floor":35.0,"turns":3.0},{"damage":2.0,"enemies":"Orb Walker","floor":37.0,"turns":4.0},{"damage":74.0,"enemies":"Reptomancer","floor":40.0,"turns":7.0},{"damage":27.0,"enemies":"2 Orb Walkers","floor":42.0,"turns":5.0},{"damage":3.0,"enemies":"Jaw Worm Horde","floor":44.0,"turns":5.0},{"damage":40.0,"enemies":"Nemesis","floor":45.0,"turns":5.0},{"damage":1.0,"enemies":"3 Darklings","floor":46.0,"turns":7.0},{"damage":11.0,"enemies":"Spire Growth","floor":48.0,"turns":5.0},{"damage":90,"enemies":"Time Eater","floor":50,"turns":13}],"seed_played":"908556972219018","potions_obtained":[{"floor":1.0,"key":"Swift Potion"},{"floor":12.0,"key":"Weak Potion"},{"floor":28.0,"key":"FearPotion"},{"floor":31.0,"key":"GamblersBrew"},{"floor":35.0,"key":"Dexterity Potion"},{"floor":37.0,"key":"AttackPotion"},{"floor":40.0,"key":"SpeedPotion"},{"floor":42.0,"key":"Strength Potion"},{"floor":44.0,"key":"PowerPotion"}],"is_trial":false,"path_per_floor":["M","?","?","$","M","E","R","M","T","R","?","E","$","?","R","B",null,"M","?","$","?","?","E","$","R","T","R","E","R","M","E","R","B",null,"M","?","M","?","$","E","R","?","T","M","E","M","R","M","R","B"],"character_chosen":"IRONCLAD","items_purchased":["Apotheosis","Inflame","Spot Weakness","Shrug It Off","Shrug It Off"],"campfire_rested":4,"item_purchase_floors":[4,4,13,20,24],"current_hp_per_floor":[65,65,65,65,63,37,37,42,42,64,64,43,43,43,43,29,64,47,41,41,20,20,25,25,41,41,41,38,56,51,42,42,27,49,54,72,72,62,62,24,60,49,49,72,59,80,80,75,75,0],"gold":9,"neow_bonus":"HUNDRED_GOLD","is_prod":false,"is_daily":false,"chose_seed":false,"campfire_upgraded":5,"win_rate":0,"timestamp":1562359134,"path_taken":["M","?","?","?","M","E","R","?","T","R","?","E","$","?","R","BOSS","M","?","$","?","?","E","$","R","T","R","E","R","M","E","R","BOSS","M","?","M","?","$","E","R","?","T","M","E","M","R","M","R","BOSS"],"build_version":"2019-06-30","purchased_purges":1,"victory":false,"max_hp_per_floor":[75,75,75,75,75,75,75,75,75,75,75,75,75,75,75,75,75,75,75,75,80,56,56,56,56,56,56,56,56,56,56,56,56,56,62,72,72,72,72,72,72,76,76,84,84,88,88,88,88,88],"card_choices":[{"not_picked":["Blood for Blood","Clash"],"picked":"Shockwave","floor":1.0},{"not_picked":["Armaments","Shrug It Off"],"picked":"Headbutt","floor":5.0},{"not_picked":["Clash","Perfected Strike"],"picked":"Second Wind","floor":6.0},{"not_picked":["Flex","Wild Strike"],"picked":"Dropkick","floor":8.0},{"not_picked":["Evolve","Warcry"],"picked":"Headbutt","floor":12.0},{"not_picked":["Berserk","Double Tap"],"picked":"Fiend Fire","floor":16.0},{"not_picked":["Clothesline","Twin Strike"],"picked":"Pommel Strike+1","floor":18.0},{"not_picked":["Evolve+1","Warcry"],"picked":"Exhume","floor":23.0},{"not_picked":["Sword Boomerang+1","Flex"],"picked":"Rage+1","floor":25.0},{"not_picked":["Warcry","Dual Wield"],"picked":"Headbutt","floor":28.0},{"not_picked":["Sword Boomerang","Flex"],"picked":"Shrug It Off","floor":29.0},{"not_picked":["Clash","Flex","Carnage"],"picked":"SKIP","floor":30.0},{"not_picked":["Iron Wave","Corruption+1"],"picked":"Feed","floor":31.0},{"not_picked":["Exhume","Brutality"],"picked":"Feed","floor":33.0},{"not_picked":["Wild Strike","Thunderclap","Clash+1"],"picked":"SKIP","floor":35.0},{"not_picked":["Perfected Strike+1","Wild Strike"],"picked":"Pommel Strike+1","floor":37.0},{"not_picked":["Purity","Jack Of All Trades"],"picked":"Master of Strategy","floor":38.0},{"not_picked":["Sever Soul","Inflame"],"picked":"Flame Barrier","floor":40.0},{"not_picked":["Cleave","Warcry"],"picked":"Body Slam","floor":41.0},{"not_picked":["Iron Wave+1","Ghostly Armor"],"picked":"Shrug It Off+1","floor":42.0},{"not_picked":["Iron Wave+1","Body Slam"],"picked":"Pommel Strike","floor":44.0},{"not_picked":["Wild Strike","Uppercut","Bloodletting"],"picked":"SKIP","floor":44.0},{"not_picked":["Evolve","Iron Wave+1"],"picked":"Metallicize","floor":45.0},{"not_picked":["Perfected Strike","Pummel","Clash"],"picked":"SKIP","floor":46.0},{"not_picked":["Twin Strike","Reckless Charge","Clothesline"],"picked":"SKIP","floor":46.0},{"not_picked":["Anger+1","Cleave"],"picked":"Feel No Pain","floor":48.0},{"not_picked":["Dual Wield","True Grit"],"picked":"Dark Embrace","floor":48.0}],"player_experience":3149418,"relics_obtained":[{"floor":6.0,"key":"Shuriken"},{"floor":9.0,"key":"Meat on the Bone"},{"floor":12.0,"key":"Champion Belt"},{"floor":23.0,"key":"Dream Catcher"},{"floor":26.0,"key":"PreservedInsect"},{"floor":28.0,"key":"Regal Pillow"},{"floor":31.0,"key":"Juzu Bracelet"},{"floor":40.0,"key":"Bottled Lightning"},{"floor":42.0,"key":"Prayer Wheel"},{"floor":45.0,"key":"Oddly Smooth Stone"}],"event_choices":[{"damage_healed":0.0,"max_hp_gain":0.0,"max_hp_loss":0.0,"gold_gain":0.0,"event_name":"The Cleric","player_choice":"Leave","floor":2.0,"gold_loss":0.0,"damage_taken":0.0},{"damage_healed":0.0,"max_hp_gain":0.0,"max_hp_loss":0.0,"gold_gain":150.0,"event_name":"Liars Game","player_choice":"AGREE","floor":3.0,"gold_loss":0.0,"damage_taken":0.0,"cards_obtained":["Doubt"]},{"damage_healed":0.0,"max_hp_gain":0.0,"max_hp_loss":0.0,"gold_gain":0.0,"event_name":"Shining Light","player_choice":"Ignored","floor":11.0,"gold_loss":0.0,"damage_taken":0.0},{"damage_healed":0.0,"max_hp_gain":0.0,"max_hp_loss":0.0,"gold_gain":0.0,"cards_transformed":["Strike_R"],"event_name":"Living Wall","player_choice":"Change","floor":14.0,"gold_loss":0.0,"damage_taken":0.0,"cards_obtained":["Juggernaut"]},{"damage_healed":0.0,"max_hp_gain":0.0,"max_hp_loss":0.0,"gold_gain":0.0,"event_name":"Nest","player_choice":"Joined the Cult","floor":19.0,"gold_loss":0.0,"damage_taken":6.0,"cards_obtained":["RitualDagger"]},{"damage_healed":0.0,"max_hp_gain":5.0,"max_hp_loss":0.0,"gold_gain":0.0,"event_name":"Forgotten Altar","player_choice":"Shed Blood","floor":21.0,"gold_loss":0.0,"damage_taken":26.0},{"damage_healed":0.0,"max_hp_gain":0.0,"max_hp_loss":24.0,"gold_gain":0.0,"event_name":"Vampires","player_choice":"Became a vampire","floor":22.0,"gold_loss":0.0,"damage_taken":0.0,"cards_obtained":["Bite","Bite","Bite","Bite","Bite"]},{"cards_removed":["Juggernaut"],"damage_healed":8.0,"max_hp_gain":10.0,"max_hp_loss":0.0,"gold_gain":0.0,"event_name":"Bonfire Elementals","player_choice":"Offered Rare","floor":36.0,"gold_loss":0.0,"damage_taken":0.0},{"damage_healed":0.0,"max_hp_gain":0.0,"max_hp_loss":0.0,"gold_gain":0.0,"event_name":"SensoryStone","player_choice":"Memory 3","floor":38.0,"gold_loss":0.0,"damage_taken":10.0},{"damage_healed":0.0,"max_hp_gain":0.0,"max_hp_loss":0.0,"gold_gain":0.0,"event_name":"Mysterious Sphere","player_choice":"Fight","floor":42.0,"gold_loss":0.0,"damage_taken":0.0}],"is_beta":true,"boss_relics":[{"not_picked":["Pandora\u0027s Box","Busted Crown"],"picked":"Ectoplasm"},{"not_picked":["Tiny House","Orrery"],"picked":"White Beast Statue"}],"items_purged_floors":[4],"is_endless":false,"potions_floor_spawned":[1,12,18,28,31,35,37,40,42,44,45,46,48],"killed_by":"Time Eater","ascension_level":20}