{"gold_per_floor":[13,113,129,129,140,140,172,172,172,172,182,182],"floor_reached":12,"playtime":341,"items_purged":[],"score":115,"play_id":"f5d68997-3ba3-40bb-b68c-20d7619b3fd6","local_time":"20190119222343","is_ascension_mode":true,"campfire_choices":[{"data":"Disarm","floor":6,"key":"SMITH"},{"data":"Heavy Blade","floor":8,"key":"SMITH"},{"data":"Shrug It Off","floor":10,"key":"SMITH"}],"neow_cost":"NO_GOLD","seed_source_timestamp":213950175860645,"circlet_count":0,"master_deck":["Strike_R","Strike_R","Strike_R","Strike_R","Strike_R","Defend_R","Defend_R","Defend_R","Defend_R","Bash","Pummel","Shrug It Off+1","Disarm+1","Heavy Blade+1","Spot Weakness"],"relics":["Burning Blood","Calipers","Mummified Hand"],"potions_floor_usage":[11],"damage_taken":[{"damage":8,"enemies":"Jaw Worm","floor":1,"turns":4},{"damage":6,"enemies":"Cultist","floor":3,"turns":4},{"damage":0,"enemies":"2 Louse","floor":5,"turns":2},{"damage":61,"enemies":"3 Sentries","floor":7,"turns":15},{"damage":40,"enemies":"Lots of Slimes","floor":11,"turns":6},{"damage":8,"enemies":"Blue Slaver","floor":12,"turns":1}],"seed_played":"9104721475792147932","potions_obtained":[{"floor":1,"key":"Weak Potion"},{"floor":5,"key":"Ancient Potion"},{"floor":7,"key":"Ancient Potion"}],"is_trial":false,"path_per_floor":["M","?","M","?","M","R","E","R","T","R","M","M"],"character_chosen":"IRONCLAD","items_purchased":[],"campfire_rested":0,"item_purchase_floors":[],"current_hp_per_floor":[94,94,94,94,96,96,41,41,41,41,7,0],"gold":182,"neow_bonus":"TWENTY_PERCENT_HP_BONUS","is_prod":false,"is_daily":false,"chose_seed":false,"campfire_upgraded":3,"win_rate":0,"timestamp":1547954623,"path_taken":["M","?","?","?","?","R","E","R","T","R","M","M"],"build_version":"2019-01-17v2","purchased_purges":0,"victory":false,"max_hp_per_floor":[96,96,96,96,96,96,96,96,96,96,96,96],"card_choices":[{"not_picked":["Entrench","Sword Boomerang"],"picked":"Pummel","floor":1},{"not_picked":["Clash","Anger"],"picked":"Shrug It Off","floor":3},{"not_picked":["Pommel Strike","Twin Strike"],"picked":"Disarm","floor":5},{"not_picked":["Twin Strike","Disarm"],"picked":"Heavy Blade","floor":7},{"not_picked":["Flex","Clothesline"],"picked":"Spot Weakness","floor":11}],"player_experience":93354,"relics_obtained":[{"floor":7,"key":"Calipers"},{"floor":9,"key":"Mummified Hand"}],"event_choices":[{"damage_healed":0,"gold_gain":100,"player_choice":"Pray","damage_taken":0,"max_hp_gain":0,"max_hp_loss":0,"event_name":"Golden Shrine","floor":2,"gold_loss":0},{"damage_healed":0,"gold_gain":0,"player_choice":"Bought 0 Potions","damage_taken":0,"max_hp_gain":0,"max_hp_loss":0,"event_name":"The Woman in Blue","floor":4,"gold_loss":0}],"is_beta":false,"boss_relics":[],"items_purged_floors":[],"is_endless":false,"potions_floor_spawned":[1,5,7],"killed_by":"Blue Slaver","ascension_level":3}