{"gold_per_floor":[113,123,138,157,130,130,144,176,199,218,6,63,75,25,25,126,126,143,133,149,149,149,149,164,164],"floor_reached":25,"playtime":4797,"items_purged":[],"score":259,"play_id":"838e02f3-7028-4c15-ac65-18fb244a1b05","local_time":"20190708232252","is_ascension_mode":false,"campfire_choices":[{"data":"Hello World","floor":6,"key":"SMITH"},{"floor":15,"key":"REST"},{"floor":23,"key":"REST"}],"neow_cost":"NONE","seed_source_timestamp":15910635554900,"circlet_count":0,"master_deck":["Strike_B","Strike_B","Strike_B","Strike_B","Defend_B","Defend_B","Defend_B","Zap","Dualcast","Barrage","Conserve Battery","Leap","Multi-Cast","Leap","Chaos","Leap","Forethought","Leap","Go for the Eyes","Leap","Echo Form","Defragment","FTL","Force Field","Chaos","Double Energy"],"relics":["Runic Pyramid","Bottled Lightning","Juzu Bracelet","Kunai","Black Star","Boot"],"potions_floor_usage":[5,16,16,19,24],"damage_taken":[{"damage":2,"enemies":"2 Louse","floor":1,"turns":3},{"damage":1,"enemies":"Small Slimes","floor":2,"turns":3},{"damage":0,"enemies":"Cultist","floor":3,"turns":4},{"damage":1,"enemies":"Looter","floor":4,"turns":4},{"damage":6,"enemies":"Exordium Thugs","floor":5,"turns":5},{"damage":0,"enemies":"Blue Slaver","floor":7,"turns":3},{"damage":0,"enemies":"Lagavulin","floor":8,"turns":9},{"damage":13,"enemies":"Gremlin Gang","floor":10,"turns":7},{"damage":13,"enemies":"Lagavulin Event","floor":12,"turns":7},{"damage":3,"enemies":"2 Fungi Beasts","floor":13,"turns":4},{"damage":8,"enemies":"The Guardian","floor":16,"turns":12},{"damage":19,"enemies":"Spheric Guardian","floor":18,"turns":6},{"damage":16,"enemies":"2 Thieves","floor":19,"turns":5},{"damage":9,"enemies":"Snake Plant","floor":20,"turns":9},{"damage":48,"enemies":"3 Cultists","floor":24,"turns":8},{"damage":6,"enemies":"Gremlin Leader","floor":25,"turns":1}],"seed_played":"-6627927814610583335","potions_obtained":[{"floor":2,"key":"PowerPotion"},{"floor":7,"key":"SkillPotion"},{"floor":12,"key":"GamblersBrew"},{"floor":13,"key":"PowerPotion"},{"floor":16,"key":"Energy Potion"},{"floor":24,"key":"Strength Potion"}],"is_trial":false,"path_per_floor":["M","M","M","M","M","R","M","E","T","M","$","?","M","?","R","B",null,"M","M","M","?","?","R","M","E"],"character_chosen":"DEFECT","items_purchased":["Forethought","Leap","Heatsinks"],"campfire_rested":2,"item_purchase_floors":[11,11,11],"current_hp_per_floor":[73,72,72,71,65,65,65,65,65,52,52,39,36,36,58,50,75,56,40,31,31,31,53,5,0],"gold":164,"neow_bonus":"BOSS_RELIC","is_prod":false,"is_daily":false,"chose_seed":false,"campfire_upgraded":1,"win_rate":0.0,"timestamp":1562617372,"path_taken":["M","M","M","M","M","R","M","E","T","M","$","?","M","?","R","BOSS","M","M","M","?","?","R","M","E"],"build_version":"2019-07-05","purchased_purges":0,"victory":false,"max_hp_per_floor":[75,75,75,75,75,75,75,75,75,75,75,75,75,75,75,75,75,75,75,75,75,75,75,75,75],"card_choices":[{"not_picked":["Melter","Compile Driver"],"picked":"Barrage","floor":1},{"not_picked":["Hologram","Turbo"],"picked":"Conserve Battery","floor":2},{"not_picked":["Barrage","Darkness"],"picked":"Leap","floor":3},{"not_picked":["Sunder","Chill"],"picked":"Hello World","floor":4},{"not_picked":["Redo","Static Discharge"],"picked":"Multi-Cast","floor":5},{"not_picked":["Coolheaded","Compile Driver"],"picked":"Leap","floor":7},{"not_picked":["Beam Cell","Streamline"],"picked":"Chaos","floor":8},{"not_picked":["Steam","Streamline"],"picked":"Leap","floor":10},{"not_picked":["Sweeping Beam","Stack"],"picked":"Go for the Eyes","floor":12},{"not_picked":["Consume","Fission"],"picked":"Leap","floor":13},{"not_picked":["Machine Learning","Seek"],"picked":"Echo Form","floor":16},{"not_picked":["Rip and Tear","Barrage+1"],"picked":"Defragment","floor":18},{"not_picked":["Cold Snap","Coolheaded","Redo"],"picked":"SKIP","floor":19},{"not_picked":["Redo","Coolheaded"],"picked":"FTL","floor":20},{"not_picked":["Sweeping Beam","Rebound+1"],"picked":"Double Energy","floor":24}],"player_experience":110696,"relics_obtained":[{"floor":8,"key":"Bottled Lightning"},{"floor":9,"key":"Juzu Bracelet"},{"floor":12,"key":"Kunai"}],"event_choices":[{"damage_healed":0,"gold_gain":0,"player_choice":"Searched \u00271\u0027 times","damage_taken":0,"max_hp_gain":0,"max_hp_loss":0,"event_name":"Dead Adventurer","floor":12,"gold_loss":0},{"cards_removed":["Defend_B"],"damage_healed":0,"gold_gain":0,"player_choice":"Card Removal","damage_taken":0,"max_hp_gain":0,"max_hp_loss":0,"event_name":"The Cleric","floor":14,"gold_loss":50},{"damage_healed":0,"gold_gain":0,"player_choice":"Opened","damage_taken":0,"relics_obtained":["Boot"],"max_hp_gain":0,"max_hp_loss":0,"event_name":"The Mausoleum","floor":21,"gold_loss":0},{"damage_healed":0,"gold_gain":0,"cards_transformed":["Heatsinks","Hello World"],"player_choice":"Became Test Subject","damage_taken":0,"max_hp_gain":0,"max_hp_loss":0,"event_name":"Drug Dealer","floor":22,"gold_loss":0,"cards_obtained":["Force Field","Chaos"]}],"is_beta":false,"boss_relics":[{"not_picked":["Snecko Eye","Eternal Feather"],"picked":"Black Star"}],"items_purged_floors":[],"is_endless":false,"potions_floor_spawned":[2,7,12,13,16,24],"killed_by":"Gremlin Leader","ascension_level":0}