{"gold_per_floor":[368,382,32,32,42,76,76,106,133,161,180,180,208,221,221,295,295,305,505,515,526,526,526,526,526,553,50,84,84,101,134,134,208,208,222,273,59,74,74,74,101,151,151,162,190,190,218,218,218,218,218,218,218,53,86,86],"floor_reached":57,"playtime":6060,"items_purged":["Writhe"],"score":3088,"play_id":"b86e7d3e-ddc7-4433-b976-dd9d07774632","local_time":"20190520134206","is_ascension_mode":true,"campfire_choices":[{"floor":7.0,"key":"REST"},{"floor":12.0,"key":"REST"},{"data":"Caltrops","floor":15.0,"key":"SMITH"},{"data":"Wraith Form v2","floor":23.0,"key":"SMITH"},{"data":"Night Terror","floor":25.0,"key":"SMITH"},{"data":"Panacea","floor":29.0,"key":"SMITH"},{"data":"Noxious Fumes","floor":32.0,"key":"SMITH"},{"floor":40,"key":"RECALL"},{"data":"Night Terror","floor":49,"key":"SMITH"},{"data":"Footwork","floor":53,"key":"SMITH"}],"neow_cost":"CURSE","seed_source_timestamp":0,"circlet_count":0,"master_deck":["AscendersBane","Defend_G","Defend_G","Defend_G","Defend_G","Defend_G","Survivor","Neutralize","Cloak And Dagger","Skewer","Cloak And Dagger","Backflip","Wraith Form v2+1","Caltrops+1","Cloak And Dagger","Flying Knee","Footwork+1","Heel Hook","Night Terror+1","Backflip","Outmaneuver+1","Bite","Bite","Bite","Bite","Malaise","Heel Hook","Panacea+1","Escape Plan","Noxious Fumes+1","Night Terror+1","Outmaneuver+1","Blade Dance+1","Dodge and Roll","Backflip","Deflect","Finesse","Dark Shackles","Backflip"],"special_seed":0,"relics":["Ring of the Snake","Regal Pillow","Strawberry","Ornamental Fan","Art of War","Kunai","Bottled Flame","Runic Pyramid","Pear","PreservedInsect","Oddly Smooth Stone","Anchor","Dodecahedron","Sozu","Pocketwatch","Happy Flower","Juzu Bracelet","Nunchaku","Pen Nib","Vajra","Snake Skull"],"potions_floor_usage":[36,56],"damage_taken":[{"damage":10.0,"enemies":"Cultist","floor":1.0,"turns":5.0},{"damage":2.0,"enemies":"Jaw Worm","floor":2.0,"turns":4.0},{"damage":0.0,"enemies":"2 Louse","floor":5.0,"turns":2.0},{"damage":45.0,"enemies":"Gremlin Nob","floor":6.0,"turns":7.0},{"damage":11.0,"enemies":"3 Sentries","floor":10.0,"turns":9.0},{"damage":0.0,"enemies":"Lots of Slimes","floor":11.0,"turns":5.0},{"damage":47.0,"enemies":"Gremlin Nob","floor":13.0,"turns":5.0},{"damage":1.0,"enemies":"2 Fungi Beasts","floor":14.0,"turns":5.0},{"damage":18.0,"enemies":"Hexaghost","floor":16.0,"turns":11.0},{"damage":1.0,"enemies":"Shell Parasite","floor":18.0,"turns":10.0},{"damage":8.0,"enemies":"Spheric Guardian","floor":20.0,"turns":7.0},{"damage":5.0,"enemies":"Snake Plant","floor":21.0,"turns":6.0},{"damage":11.0,"enemies":"Gremlin Leader","floor":28.0,"turns":17.0},{"damage":0.0,"enemies":"Centurion and Healer","floor":30.0,"turns":11.0},{"damage":9.0,"enemies":"Book of Stabbing","floor":31.0,"turns":5.0},{"damage":0.0,"enemies":"Automaton","floor":33.0,"turns":18.0},{"damage":2.0,"enemies":"3 Darklings","floor":35.0,"turns":10.0},{"damage":32,"enemies":"2 Orb Walkers","floor":36,"turns":9},{"damage":0,"enemies":"Orb Walker","floor":38,"turns":7},{"damage":26,"enemies":"Reptomancer","floor":41,"turns":11},{"damage":2,"enemies":"Transient","floor":44,"turns":6},{"damage":0,"enemies":"Nemesis","floor":45,"turns":11},{"damage":0,"enemies":"Giant Head","floor":47,"turns":11},{"damage":62,"enemies":"Donu and Deca","floor":50,"turns":31},{"damage":0,"enemies":"Time Eater","floor":51,"turns":22},{"damage":53,"enemies":"Shield and Spear","floor":55,"turns":13},{"damage":21,"enemies":"The Heart","floor":56,"turns":17}],"seed_played":"908556972218914","potions_obtained":[{"floor":6.0,"key":"SkillPotion"},{"floor":10.0,"key":"Energy Potion"},{"floor":14.0,"key":"Swift Potion"},{"floor":16.0,"key":"GhostInAJar"},{"floor":18.0,"key":"SkillPotion"},{"floor":21.0,"key":"Swift Potion"}],"is_trial":false,"path_per_floor":["M","M","$","?","M","E","R","?","T","E","M","R","E","M","R","B",null,"M","?","M","M","?","R","?","R","T","$","E","R","M","E","R","B",null,"M","?","$","M","?","R","E","?","T","M","E","?","E","?","R","B","B",null,"R","$","E","B",null],"character_chosen":"THE_SILENT","items_purchased":["Cloak And Dagger","Backflip","Wraith Form v2","Regal Pillow","Malaise","Oddly Smooth Stone","Heel Hook","Panacea","Happy Flower","Dodge and Roll","Vajra"],"campfire_rested":2,"item_purchase_floors":[3,3,3,3,27,27,27,27,37,37,54],"current_hp_per_floor":[49,47,47,47,47,9,45,45,45,34,34,70,23,22,22,4,56,55,55,47,42,42,42,52,52,52,52,61,61,61,60,60,61,61,61,39,39,51,51,51,49,49,49,55,61,51,61,58,58,58,58,58,58,58,23,20],"gold":86,"neow_bonus":"TWO_FIFTY_GOLD","is_prod":false,"is_daily":false,"chose_seed":false,"campfire_upgraded":7,"win_rate":0,"timestamp":1558374126,"path_taken":["M","M","?","?","?","E","R","?","T","E","M","R","E","M","R","BOSS","M","?","?","M","?","R","?","R","T","$","E","R","M","E","R","BOSS","M","?","$","M","?","R","E","?","T","M","E","?","E","?","R","BOSS","BOSS","R","$","E","BOSS"],"build_version":"2019-05-07","purchased_purges":1,"victory":true,"max_hp_per_floor":[66,66,66,66,66,73,73,73,73,73,73,73,73,73,73,73,73,73,73,73,73,51,51,61,61,61,61,61,61,61,61,61,61,61,61,61,61,61,61,61,61,61,61,61,61,61,61,58,58,58,58,58,58,58,58,58],"card_choices":[{"not_picked":["Underhanded Strike","Bouncing Flask"],"picked":"Cloak And Dagger","floor":1.0},{"not_picked":["Blade Dance","Flying Knee"],"picked":"Skewer","floor":2.0},{"not_picked":["Deflect","Prepared"],"picked":"Caltrops","floor":5.0},{"not_picked":["Eviscerate","Dodge and Roll"],"picked":"Cloak And Dagger","floor":6.0},{"not_picked":["Riddle With Holes","Acrobatics"],"picked":"Flying Knee","floor":10.0},{"not_picked":["Dodge and Roll","Accuracy"],"picked":"Footwork","floor":11.0},{"not_picked":["Concentrate","Setup","Phantasmal Killer"],"picked":"SKIP","floor":13.0},{"not_picked":["Prepared","Calculated Gamble"],"picked":"Heel Hook","floor":14.0},{"not_picked":["Tools of the Trade","Grand Finale"],"picked":"Night Terror","floor":16.0},{"not_picked":["Underhanded Strike","Masterful Stab","Quick Slash+1"],"picked":"SKIP","floor":18.0},{"not_picked":["Flying Knee","Bane"],"picked":"Backflip","floor":20.0},{"not_picked":["Concentrate","Underhanded Strike"],"picked":"Outmaneuver+1","floor":21.0},{"not_picked":["All Out Attack","Well Laid Plans","Bane"],"picked":"SKIP","floor":28.0},{"not_picked":["Bullet Time","Prepared+1"],"picked":"Escape Plan","floor":30.0},{"not_picked":["Choke","Prepared"],"picked":"Noxious Fumes","floor":31.0},{"not_picked":["Grand Finale","Malaise"],"picked":"Night Terror","floor":33.0},{"not_picked":["Dagger Throw","Deflect"],"picked":"Outmaneuver+1","floor":35.0},{"not_picked":["Deadly Poison","Acrobatics"],"picked":"Blade Dance+1","floor":36},{"not_picked":["Tactician","Bouncing Flask","Quick Slash"],"picked":"SKIP","floor":38},{"not_picked":["Accuracy","Dagger Spray+1"],"picked":"Backflip","floor":41},{"not_picked":["Dagger Throw+1","Dagger Spray"],"picked":"Deflect","floor":44},{"not_picked":["Riddle With Holes","Skewer","Dagger Spray"],"picked":"SKIP","floor":45},{"not_picked":["Dark Shackles","Bandage Up"],"picked":"Finesse","floor":46},{"not_picked":["Bandage Up","Dramatic Entrance"],"picked":"Dark Shackles","floor":46},{"not_picked":["Acrobatics","Riddle With Holes","Sucker Punch"],"picked":"SKIP","floor":47},{"not_picked":["Noxious Fumes","Flying Knee"],"picked":"Backflip","floor":55}],"player_experience":2969617,"relics_obtained":[{"floor":6.0,"key":"Strawberry"},{"floor":9.0,"key":"Art of War"},{"floor":10.0,"key":"Kunai"},{"floor":13.0,"key":"Bottled Flame"},{"floor":26.0,"key":"PreservedInsect"},{"floor":28.0,"key":"Anchor"},{"floor":31.0,"key":"Dodecahedron"},{"floor":36,"key":"Pocketwatch"},{"floor":41,"key":"Juzu Bracelet"},{"floor":45,"key":"Nunchaku"},{"floor":47,"key":"Pen Nib"},{"floor":55,"key":"Snake Skull"}],"event_choices":[{"cards_removed":["Clumsy"],"damage_healed":0.0,"max_hp_gain":0.0,"max_hp_loss":0.0,"gold_gain":0.0,"event_name":"Purifier","player_choice":"Purged","floor":4.0,"gold_loss":0.0,"damage_taken":0.0},{"damage_healed":0.0,"max_hp_gain":0.0,"max_hp_loss":0.0,"gold_gain":30.0,"event_name":"Dead Adventurer","player_choice":"Searched \u00272\u0027 times","floor":8.0,"gold_loss":0.0,"damage_taken":0.0,"relics_obtained":["Ornamental Fan"]},{"damage_healed":0.0,"max_hp_gain":0.0,"max_hp_loss":0.0,"gold_gain":200.0,"event_name":"Wheel of Change","player_choice":"Gold","floor":19.0,"gold_loss":0.0,"damage_taken":0.0},{"damage_healed":0.0,"max_hp_gain":0.0,"max_hp_loss":22.0,"gold_gain":0.0,"event_name":"Vampires","player_choice":"Became a vampire","floor":22.0,"gold_loss":0.0,"damage_taken":0.0,"cards_obtained":["Bite","Bite","Bite","Bite","Bite"]},{"damage_healed":0.0,"max_hp_gain":0.0,"max_hp_loss":0.0,"gold_gain":0.0,"event_name":"The Mausoleum","player_choice":"Opened","floor":24.0,"gold_loss":0.0,"damage_taken":0.0,"relics_obtained":["Pear"],"cards_obtained":["Writhe"]},{"damage_healed":0,"gold_gain":0,"player_choice":"Fight","damage_taken":0,"max_hp_gain":0,"max_hp_loss":0,"event_name":"Mysterious Sphere","floor":36,"gold_loss":0},{"cards_removed":["Bite"],"damage_healed":0,"gold_gain":0,"player_choice":"Removed Attack","damage_taken":0,"max_hp_gain":0,"max_hp_loss":0,"event_name":"Falling","floor":39,"gold_loss":0},{"damage_healed":0,"gold_gain":50,"player_choice":"Pray","damage_taken":0,"max_hp_gain":0,"max_hp_loss":0,"event_name":"Golden Shrine","floor":42,"gold_loss":0},{"damage_healed":0,"gold_gain":0,"player_choice":"Memory 3","damage_taken":10,"max_hp_gain":0,"max_hp_loss":0,"event_name":"SensoryStone","floor":46,"gold_loss":0},{"damage_healed":0,"gold_gain":0,"player_choice":"Max HP","damage_taken":0,"max_hp_gain":0,"max_hp_loss":3,"event_name":"Winding Halls","floor":48,"gold_loss":0}],"is_beta":true,"boss_relics":[{"not_picked":["Busted Crown","Cursed Key"],"picked":"Runic Pyramid"},{"not_picked":["WristBlade","Lizard Tail"],"picked":"Sozu"}],"items_purged_floors":[27],"is_endless":false,"potions_floor_spawned":[6,10,14,16,18,21,33,35,44,45],"ascension_level":20}