{"gold_per_floor":[116,129,149,149,167,201,201,215,241,15,15,15],"floor_reached":12,"playtime":486,"items_purged":["Strike_G"],"score":136,"play_id":"ff8bead2-220e-4930-ac69-723a651b546e","local_time":"20190714053836","is_ascension_mode":true,"campfire_choices":[{"data":"Neutralize","floor":7,"key":"SMITH"}],"neow_cost":"NONE","seed_source_timestamp":12110334445812,"circlet_count":0,"master_deck":["AscendersBane","Strike_G","Strike_G","Strike_G","Strike_G","Defend_G","Defend_G","Defend_G","Defend_G","Defend_G","Survivor","Neutralize+1","Distraction","Sucker Punch","Footwork","Cloak And Dagger","Quick Slash","Leg Sweep","Flechettes","Backstab","Pain"],"relics":["Coffee Dripper","Oddly Smooth Stone","Regal Pillow","WarpedTongs"],"potions_floor_usage":[3,6],"damage_taken":[{"damage":1,"enemies":"Small Slimes","floor":1,"turns":4},{"damage":0,"enemies":"Cultist","floor":2,"turns":4},{"damage":4,"enemies":"2 Louse","floor":3,"turns":4},{"damage":16,"enemies":"Lots of Slimes","floor":5,"turns":7},{"damage":28,"enemies":"Lagavulin","floor":6,"turns":13},{"damage":2,"enemies":"Blue Slaver","floor":8,"turns":6},{"damage":28,"enemies":"Gremlin Nob","floor":12,"turns":4}],"seed_played":"3717036387844397343","potions_obtained":[{"floor":1,"key":"GamblersBrew"},{"floor":5,"key":"Regen Potion"},{"floor":8,"key":"Strength Potion"}],"is_trial":false,"path_per_floor":["M","M","M","?","M","E","R","M","T","$","?","E"],"character_chosen":"THE_SILENT","items_purchased":["Flechettes","Backstab"],"campfire_rested":0,"item_purchase_floors":[10,10],"current_hp_per_floor":[58,58,54,48,32,19,19,17,17,17,17,0],"gold":15,"neow_bonus":"BOSS_RELIC","is_prod":false,"is_daily":false,"chose_seed":false,"campfire_upgraded":1,"win_rate":0,"timestamp":1563046716,"path_taken":["M","M","M","?","M","E","R","?","T","$","?","E"],"build_version":"2019-07-05","purchased_purges":1,"victory":false,"max_hp_per_floor":[66,66,66,66,66,66,66,66,66,66,66,66],"card_choices":[{"not_picked":["Finisher","Prepared"],"picked":"Distraction","floor":1},{"not_picked":["Choke","Dodge and Roll"],"picked":"Sucker Punch","floor":2},{"not_picked":["Outmaneuver","Deadly Poison"],"picked":"Footwork","floor":3},{"not_picked":["Eviscerate","Sucker Punch"],"picked":"Cloak And Dagger","floor":5},{"not_picked":["Dodge and Roll","Setup"],"picked":"Quick Slash","floor":6},{"not_picked":["Flying Knee","Dagger Throw"],"picked":"Leg Sweep","floor":8}],"player_experience":981405,"relics_obtained":[{"floor":6,"key":"Oddly Smooth Stone"},{"floor":9,"key":"Regal Pillow"}],"event_choices":[{"damage_healed":0,"gold_gain":0,"player_choice":"Damaged","damage_taken":6,"max_hp_gain":0,"max_hp_loss":0,"event_name":"Wheel of Change","floor":4,"gold_loss":0},{"damage_healed":0,"gold_gain":0,"player_choice":"Rummage","damage_taken":0,"relics_obtained":["WarpedTongs"],"max_hp_gain":0,"max_hp_loss":0,"event_name":"Accursed Blacksmith","floor":11,"gold_loss":0,"cards_obtained":["Pain"]}],"is_beta":false,"boss_relics":[],"items_purged_floors":[10],"is_endless":false,"potions_floor_spawned":[1,5,8],"killed_by":"Gremlin Nob","ascension_level":14}