{"gold_per_floor":[18,31,31,54,72,72,103,278,304,8,8,46,46,71,71,192,192,215,231,231,251,9,9,19,19,19,19,51,51,51,69,69,172,172,190,203,1202,797,797,828,828,840,840,119,119,129,129,36,36,36],"floor_reached":51,"playtime":1865,"items_purged":["Doubt","Normality","Pain"],"score":907,"play_id":"2c5bf0e3-c8f3-4bc1-a8a8-138a2a09737a","local_time":"20190430221245","is_ascension_mode":true,"campfire_choices":[{"data":"Zap","floor":6,"key":"SMITH"},{"floor":13,"key":"REST"},{"floor":15,"key":"REST"},{"data":"Dualcast","floor":23,"key":"SMITH"},{"floor":25,"key":"REST"},{"floor":32,"key":"REST"},{"floor":41,"key":"REST"},{"data":"Redo","floor":45,"key":"SMITH"},{"floor":47,"key":"REST"},{"data":"Machine Learning","floor":49,"key":"SMITH"}],"neow_cost":"NO_GOLD","seed_source_timestamp":50281563468452,"circlet_count":0,"master_deck":["Strike_B","Strike_B","Strike_B","Strike_B","Defend_B","Defend_B+1","Defend_B","Defend_B","Zap+1","Dualcast+1","Loop","Coolheaded","Ball Lightning+1","Go for the Eyes","Machine Learning+1","Conserve Battery","Stack","Machine Learning","Leap","Ball Lightning+1","Turbo","Genetic Algorithm","Stack","Injury","Biased Cognition+1","Rebound","Buffer+1","Hologram","Echo Form+1","Redo+1","Aggregate","Heatsinks+1","Self Repair+1","Consume+1","Skim","Redo","Static Discharge+1","Steam Power"],"relics":["Cracked Core","Bloody Idol","Vajra","Smiling Mask","Cables","Bronze Scales","Cursed Key","Runic Capacitor","Oddly Smooth Stone","Frozen Egg 2","MutagenicStrength","Sozu","Frozen Eye","Spirit Poop","Question Card","Pocketwatch","Medical Kit","StoneCalendar","Darkstone Periapt"],"potions_floor_usage":[7,7,14,16,16,19,33,33,33],"damage_taken":[{"damage":2,"enemies":"Jaw Worm","floor":1,"turns":3},{"damage":10,"enemies":"2 Louse","floor":2,"turns":3},{"damage":11,"enemies":"Small Slimes","floor":4,"turns":3},{"damage":9,"enemies":"Blue Slaver","floor":5,"turns":3},{"damage":25,"enemies":"Gremlin Nob","floor":7,"turns":4},{"damage":12,"enemies":"3 Sentries","floor":12,"turns":6},{"damage":21,"enemies":"Exordium Thugs","floor":14,"turns":3},{"damage":21,"enemies":"Slime Boss","floor":16,"turns":9},{"damage":3,"enemies":"Chosen","floor":18,"turns":4},{"damage":9,"enemies":"Spheric Guardian","floor":19,"turns":4},{"damage":20,"enemies":"Chosen and Byrds","floor":21,"turns":5},{"damage":28,"enemies":"Cultist and Chosen","floor":24,"turns":5},{"damage":8,"enemies":"Gremlin Leader","floor":28,"turns":8},{"damage":5,"enemies":"Shelled Parasite and Fungi","floor":31,"turns":5},{"damage":20,"enemies":"Collector","floor":33,"turns":8},{"damage":0,"enemies":"Orb Walker","floor":35,"turns":3},{"damage":0,"enemies":"3 Shapes","floor":36,"turns":5},{"damage":59,"enemies":"Reptomancer","floor":40,"turns":7},{"damage":5,"enemies":"Spire Growth","floor":42,"turns":4},{"damage":29,"enemies":"Sphere and 2 Shapes","floor":46,"turns":5},{"damage":0,"enemies":"Time Eater","floor":50,"turns":8}],"seed_played":"230522350656516695","potions_obtained":[{"floor":1,"key":"Regen Potion"},{"floor":2,"key":"SteroidPotion"},{"floor":5,"key":"LiquidBronze"},{"floor":12,"key":"Regen Potion"},{"floor":14,"key":"LiquidBronze"},{"floor":16,"key":"Dexterity Potion"},{"floor":18,"key":"SpeedPotion"},{"floor":28,"key":"FocusPotion"},{"floor":31,"key":"FearPotion"}],"is_trial":false,"path_per_floor":["M","M","?","M","M","R","E","?","T","$","?","E","R","M","R","B",null,"M","M","?","M","$","R","M","R","T","?","E","?","?","M","R","B",null,"M","M","?","$","?","E","R","M","T","$","R","M","R","?","R","B",null],"character_chosen":"DEFECT","items_purchased":["Cables","Runic Capacitor","Genetic Algorithm","Redo","Aggregate","Heatsinks+1","Frozen Eye","Skim","Redo","Static Discharge+1","Medical Kit","StoneCalendar"],"campfire_rested":6,"item_purchase_floors":[10,22,22,38,38,38,38,44,44,44,44,44],"current_hp_per_floor":[87,77,77,66,57,57,41,41,41,41,25,13,37,25,49,28,82,79,70,70,55,55,55,32,56,56,56,53,53,53,53,77,62,82,82,82,82,82,82,28,52,62,62,62,62,48,72,72,72,72],"gold":36,"neow_bonus":"TWENTY_PERCENT_HP_BONUS","is_prod":false,"is_daily":false,"chose_seed":false,"campfire_upgraded":4,"win_rate":0,"timestamp":1556626365,"path_taken":["M","M","?","M","M","R","E","?","T","$","?","E","R","?","R","BOSS","M","M","?","M","?","R","M","R","T","?","E","?","?","?","R","BOSS","M","M","?","$","?","E","R","?","T","$","R","M","R","?","R","BOSS"],"build_version":"2019-01-23","purchased_purges":3,"victory":true,"max_hp_per_floor":[89,89,82,82,82,82,82,82,82,82,82,82,82,82,82,82,82,82,82,82,82,82,82,82,82,82,82,82,82,82,82,82,82,82,82,82,82,82,82,82,82,82,82,82,82,82,82,82,82,82],"card_choices":[{"not_picked":["Heatsinks","Static Discharge"],"picked":"Loop","floor":1},{"not_picked":["Rebound","Steam"],"picked":"Coolheaded","floor":2},{"not_picked":["Conserve Battery","Force Field"],"picked":"Ball Lightning","floor":4},{"not_picked":["Streamline","Force Field"],"picked":"Go for the Eyes","floor":5},{"not_picked":["Ball Lightning","Rebound"],"picked":"Machine Learning","floor":7},{"not_picked":["Barrage","Coolheaded"],"picked":"Conserve Battery","floor":12},{"not_picked":["Ball Lightning","Blizzard"],"picked":"Stack","floor":14},{"not_picked":["Reboot","Creative AI"],"picked":"Machine Learning","floor":16},{"not_picked":["Ball Lightning","Rip and Tear"],"picked":"Leap","floor":18},{"not_picked":["Streamline","Coolheaded"],"picked":"Ball Lightning+1","floor":19},{"not_picked":["Compile Driver","Stack"],"picked":"Turbo","floor":21},{"not_picked":["Conserve Battery","Turbo"],"picked":"Stack","floor":24},{"not_picked":["Redo","Turbo+1"],"picked":"Biased Cognition","floor":28},{"not_picked":["Reinforced Body","Conserve Battery"],"picked":"Rebound","floor":31},{"not_picked":["Amplify","Reboot"],"picked":"Buffer+1","floor":33},{"not_picked":["Turbo+1","Steam+1"],"picked":"Hologram","floor":35},{"not_picked":["Beam Cell+1","Compile Driver+1"],"picked":"Echo Form+1","floor":36},{"not_picked":["Go for the Eyes+1","Cold Snap"],"picked":"Self Repair+1","floor":40},{"not_picked":["Gash+1","Barrage","Loop+1"],"picked":"Consume+1","floor":42},{"not_picked":["Auto Shields","Rebound","Leap"],"picked":"Steam Power","floor":46}],"player_experience":543260,"relics_obtained":[{"floor":7,"key":"Vajra"},{"floor":9,"key":"Smiling Mask"},{"floor":12,"key":"Bronze Scales"},{"floor":26,"key":"Oddly Smooth Stone"},{"floor":28,"key":"Frozen Egg 2"},{"floor":40,"key":"Question Card"},{"floor":43,"key":"Pocketwatch"}],"event_choices":[{"damage_healed":0,"gold_gain":0,"player_choice":"Lose Max HP","damage_taken":0,"relics_obtained":["Golden Idol"],"max_hp_gain":0,"max_hp_loss":7,"event_name":"Golden Idol","floor":3,"gold_loss":0},{"damage_healed":0,"gold_gain":175,"player_choice":"AGREE","damage_taken":0,"max_hp_gain":0,"max_hp_loss":0,"event_name":"Liars Game","floor":8,"gold_loss":0,"cards_obtained":["Doubt"]},{"damage_healed":0,"gold_gain":0,"player_choice":"Entered Light","damage_taken":16,"max_hp_gain":0,"max_hp_loss":0,"event_name":"Shining Light","floor":11,"gold_loss":0,"cards_upgraded":["Defend_B","Ball Lightning"]},{"damage_healed":0,"gold_gain":0,"player_choice":"Gave Idol","damage_taken":0,"relics_obtained":["Bloody Idol"],"max_hp_gain":0,"max_hp_loss":0,"event_name":"Forgotten Altar","floor":20,"relics_lost":["Golden Idol"],"gold_loss":0},{"damage_healed":0,"gold_gain":0,"player_choice":"Ignored","damage_taken":0,"max_hp_gain":0,"max_hp_loss":0,"event_name":"Ghosts","floor":27,"gold_loss":0},{"damage_healed":0,"gold_gain":0,"player_choice":"Ignored","damage_taken":0,"max_hp_gain":0,"max_hp_loss":0,"event_name":"Vampires","floor":29,"gold_loss":0},{"damage_healed":0,"gold_gain":0,"player_choice":"Inject Mutagens","damage_taken":0,"relics_obtained":["MutagenicStrength"],"max_hp_gain":0,"max_hp_loss":0,"event_name":"Drug Dealer","floor":30,"gold_loss":0},{"damage_healed":0,"gold_gain":999,"player_choice":"Gold","damage_taken":0,"max_hp_gain":0,"max_hp_loss":0,"event_name":"MindBloom","floor":37,"gold_loss":0,"cards_obtained":["Normality","Normality"]},{"cards_removed":["Normality"],"damage_healed":0,"gold_gain":0,"player_choice":"Offered Curse","damage_taken":0,"relics_obtained":["Spirit Poop"],"max_hp_gain":0,"max_hp_loss":0,"event_name":"Bonfire Elementals","floor":39,"gold_loss":0},{"damage_healed":0,"gold_gain":0,"player_choice":"Paid Gold","damage_taken":0,"relics_obtained":["Darkstone Periapt"],"max_hp_gain":0,"max_hp_loss":0,"event_name":"WeMeetAgain","floor":48,"gold_loss":93}],"is_beta":false,"boss_relics":[{"not_picked":["Pandora\u0027s Box","Runic Dome"],"picked":"Cursed Key"},{"not_picked":["Tiny House","Busted Crown"],"picked":"Sozu"}],"items_purged_floors":[10,38,44],"is_endless":false,"potions_floor_spawned":[1,2,5,12,14,16,18,28,31],"ascension_level":3}