{"gold_per_floor":[117,82,96,106,58,58,87,87,112,112,112,128,128,146,146,265,265,289,314,439,354,367,408,408,408,408,408,408,428,81,122,122,253,253,266,11,11,36,36,69,83,127,150,181,181],"floor_reached":45,"playtime":2403,"items_purged":[],"score":737,"play_id":"6e72c872-cb24-442b-9970-f3f9e1b21ce6","local_time":"20190122090954","is_ascension_mode":true,"campfire_choices":[{"data":"Go for the Eyes","floor":6.0,"key":"SMITH"},{"data":"Hologram","floor":8.0,"key":"SMITH"},{"data":"Zap","floor":13.0,"key":"SMITH"},{"floor":15.0,"key":"REST"},{"floor":25.0,"key":"REST"},{"floor":28.0,"key":"REST"},{"floor":32,"key":"REST"}],"neow_cost":"PERCENT_DAMAGE","seed_source_timestamp":423443190664606,"circlet_count":0,"master_deck":["Zap+1","Dualcast","All For One","Go for the Eyes+1","FTL","Go for the Eyes","Hologram+1","Streamline","Redo","Gash","Electrodynamics","Buffer","Consume+1","Hyperbeam","Glacier","All For One","Echo Form","Reboot","Fission+1","Beam Cell","Gash","Steam","Leap","Rebound","Double Energy+1","Panache+1","White Noise+1","Parasite"],"special_seed":0,"relics":["Cracked Core","Dream Catcher","Lantern","Golden Idol","Pandora\u0027s Box","Torii","Shuriken","Kunai","Happy Flower","Strawberry","MutagenicStrength","Vajra","Frozen Eye","Ice Cream","Nuclear Battery","Letter Opener","Bottled Tornado","War Paint","Centennial Puzzle","DataDisk"],"potions_floor_usage":[],"damage_taken":[{"damage":7.0,"enemies":"Jaw Worm","floor":1.0,"turns":3.0},{"damage":0.0,"enemies":"Small Slimes","floor":3.0,"turns":3.0},{"damage":1.0,"enemies":"2 Louse","floor":4.0,"turns":2.0},{"damage":12.0,"enemies":"Gremlin Nob","floor":7.0,"turns":4.0},{"damage":8.0,"enemies":"Large Slime","floor":12.0,"turns":6.0},{"damage":8.0,"enemies":"Blue Slaver","floor":14.0,"turns":2.0},{"damage":0.0,"enemies":"Slime Boss","floor":16.0,"turns":5.0},{"damage":2.0,"enemies":"Chosen","floor":18.0,"turns":4.0},{"damage":7.0,"enemies":"3 Byrds","floor":19.0,"turns":3.0},{"damage":18.0,"enemies":"Colosseum Slavers","floor":20.0,"turns":4.0},{"damage":25.0,"enemies":"Colosseum Nobs","floor":20.0,"turns":4.0},{"damage":14.0,"enemies":"Centurion and Healer","floor":22.0,"turns":3.0},{"damage":5.0,"enemies":"Book of Stabbing","floor":23.0,"turns":5.0},{"damage":7,"enemies":"Snake Plant","floor":29,"turns":3},{"damage":42,"enemies":"Slavers","floor":31,"turns":4},{"damage":9,"enemies":"Automaton","floor":33,"turns":7},{"damage":14,"enemies":"Orb Walker","floor":35,"turns":5},{"damage":9,"enemies":"3 Darklings","floor":38,"turns":2},{"damage":3,"enemies":"Nemesis","floor":40,"turns":6},{"damage":0,"enemies":"Maw","floor":41,"turns":5},{"damage":1,"enemies":"Giant Head","floor":42,"turns":4},{"damage":54,"enemies":"Nemesis","floor":44,"turns":3},{"damage":6,"enemies":"Writhing Mass","floor":45,"turns":2}],"seed_played":"-5650477729648258440","potions_obtained":[{"floor":1.0,"key":"Block Potion"},{"floor":3.0,"key":"Block Potion"},{"floor":18.0,"key":"Dexterity Potion"},{"floor":31,"key":"FearPotion"},{"floor":38,"key":"LiquidBronze"},{"floor":41,"key":"Strength Potion"}],"is_trial":false,"path_per_floor":["M","?","M","M","$","R","E","R","T","?","?","M","R","M","R","B",null,"M","M","?","?","M","E","$","R","T","?","R","M","$","E","R","B",null,"M","$","?","M","?","E","M","E","T","E","M"],"character_chosen":"DEFECT","items_purchased":["Go for the Eyes","Vajra","Frozen Eye","Letter Opener"],"campfire_rested":4,"item_purchase_floors":[5,30,30,36],"current_hp_per_floor":[47,65,65,64,64,64,52,52,52,52,34,26,26,18,40,40,75,73,66,23,23,9,4,4,26,33,33,57,50,50,8,32,23,82,68,68,68,59,59,56,56,55,55,1,0],"gold":181,"neow_bonus":"THREE_RARE_CARDS","is_prod":false,"is_daily":false,"chose_seed":false,"campfire_upgraded":3,"win_rate":0,"timestamp":1548166194,"path_taken":["M","?","M","M","$","R","E","R","T","?","?","M","R","M","R","BOSS","M","M","?","?","M","E","$","R","T","?","R","M","?","E","R","BOSS","M","$","?","M","?","E","M","E","T","E","M"],"build_version":"2019-01-17v2","purchased_purges":0,"victory":false,"max_hp_per_floor":[75,75,75,75,75,75,75,75,75,75,75,75,75,75,75,75,75,75,75,75,75,75,75,75,75,82,82,82,82,82,82,82,82,82,82,82,82,82,82,82,82,82,82,82,82],"card_choices":[{"not_picked":["Core Surge","Amplify"],"picked":"All For One","floor":0.0},{"not_picked":["BootSequence","Barrage","Sunder"],"picked":"SKIP","floor":1.0},{"not_picked":["Conserve Battery","FTL"],"picked":"Go for the Eyes","floor":3.0},{"not_picked":["Steam","Recycle"],"picked":"FTL","floor":4.0},{"not_picked":["Darkness","Leap"],"picked":"Hologram","floor":7.0},{"not_picked":["Steam","Capacitor"],"picked":"Streamline","floor":12.0},{"not_picked":["Consume","Go for the Eyes"],"picked":"Redo","floor":14.0},{"not_picked":["Skim","Aggregate"],"picked":"Gash","floor":15.0},{"not_picked":["Reboot","Biased Cognition"],"picked":"Electrodynamics","floor":16.0},{"not_picked":["Turbo","Go for the Eyes","Aggregate"],"picked":"SKIP","floor":18.0},{"not_picked":["Force Field","Cold Snap"],"picked":"Beam Cell","floor":19.0},{"not_picked":["Sweeping Beam","Redo+1"],"picked":"Gash","floor":20.0},{"not_picked":["Static Discharge+1","Streamline"],"picked":"Steam","floor":22.0},{"not_picked":["Biased Cognition","Streamline","Coolheaded"],"picked":"SKIP","floor":23.0},{"not_picked":["Beam Cell","Heatsinks"],"picked":"Leap","floor":25.0},{"not_picked":["Coolheaded+1","Static Discharge"],"picked":"Rebound","floor":29},{"not_picked":["Buffer","Barrage"],"picked":"Double Energy+1","floor":31},{"not_picked":["Steam+1","Hologram","Ball Lightning"],"picked":"SKIP","floor":35},{"not_picked":["Good Instincts","Discovery"],"picked":"Panache","floor":37},{"not_picked":["Ball Lightning","Streamline"],"picked":"White Noise+1","floor":38},{"not_picked":["Aggregate+1","Steam+1","Turbo+1"],"picked":"SKIP","floor":40},{"not_picked":["Barrage+1","Ball Lightning+1","Steam+1"],"picked":"SKIP","floor":41},{"not_picked":["Fusion+1","Chaos+1","Seek"],"picked":"SKIP","floor":42},{"not_picked":["Redo+1","Double Energy+1","Go for the Eyes+1"],"picked":"SKIP","floor":44}],"player_experience":102978,"relics_obtained":[{"floor":7.0,"key":"Dream Catcher"},{"floor":9.0,"key":"Lantern"},{"floor":20.0,"key":"Torii"},{"floor":20.0,"key":"Shuriken"},{"floor":23.0,"key":"Happy Flower"},{"floor":26.0,"key":"Strawberry"},{"floor":31,"key":"Ice Cream"},{"floor":40,"key":"Bottled Tornado"},{"floor":42,"key":"War Paint"},{"floor":43,"key":"Centennial Puzzle"},{"floor":44,"key":"DataDisk"}],"event_choices":[{"damage_healed":18.0,"max_hp_gain":0.0,"max_hp_loss":0.0,"gold_gain":0.0,"event_name":"The Cleric","player_choice":"Healed","floor":2.0,"gold_loss":35.0,"damage_taken":0.0},{"damage_healed":0.0,"max_hp_gain":0.0,"max_hp_loss":0.0,"gold_gain":0.0,"event_name":"Liars Game","player_choice":"Ignored","floor":10.0,"gold_loss":0.0,"damage_taken":0.0},{"damage_healed":0.0,"max_hp_gain":0.0,"max_hp_loss":0.0,"gold_gain":0.0,"event_name":"Golden Idol","player_choice":"Take Damage","floor":11.0,"gold_loss":0.0,"damage_taken":18.0,"relics_obtained":["Golden Idol"]},{"damage_healed":0.0,"max_hp_gain":0.0,"max_hp_loss":0.0,"gold_gain":0.0,"event_name":"Colosseum","player_choice":"Fight","floor":20.0,"gold_loss":0.0,"damage_taken":0.0},{"damage_healed":0.0,"max_hp_gain":0.0,"max_hp_loss":0.0,"gold_gain":0.0,"event_name":"Colosseum","player_choice":"Fought Nobs","floor":20.0,"gold_loss":0.0,"damage_taken":0.0},{"damage_healed":0.0,"max_hp_gain":0.0,"max_hp_loss":0.0,"gold_gain":0.0,"event_name":"Addict","player_choice":"Obtained Relic","floor":21.0,"gold_loss":85.0,"damage_taken":0.0,"relics_obtained":["Kunai"]},{"damage_healed":0.0,"max_hp_gain":0.0,"max_hp_loss":0.0,"gold_gain":0.0,"event_name":"Drug Dealer","player_choice":"Inject Mutagens","floor":27.0,"gold_loss":0.0,"damage_taken":0.0,"relics_obtained":["MutagenicStrength"]},{"damage_healed":0,"gold_gain":0,"player_choice":"Memory 1","damage_taken":0,"max_hp_gain":0,"max_hp_loss":0,"event_name":"SensoryStone","floor":37,"gold_loss":0},{"damage_healed":0,"gold_gain":0,"player_choice":"Forge","damage_taken":0,"max_hp_gain":0,"max_hp_loss":0,"event_name":"Accursed Blacksmith","floor":39,"gold_loss":0,"cards_upgraded":["Panache"]}],"is_beta":false,"boss_relics":[{"not_picked":["Fusion Hammer","Ectoplasm"],"picked":"Pandora\u0027s Box"},{"not_picked":["Cursed Key","Snecko Eye"],"picked":"Nuclear Battery"}],"items_purged_floors":[],"is_endless":false,"potions_floor_spawned":[1,3,18,19,31,38,41],"killed_by":"Writhing Mass","ascension_level":4}