{"gold_per_floor":[119,139,139,139,139,177,177,196,219,251,263,296,50,64,64,183,183,203,118,118,143,159,159,223,8,33,33,208,258,56,74,74,197,197,211,386,436,145,211,211,211,261,285,359,209,234,253,278,278,278],"floor_reached":51,"playtime":5542,"items_purged":["Strike_B","Strike_B","Zap","Strike_B"],"score":1064,"play_id":"b4893eee-8c88-44fb-b17d-f8f9a3ca167c","local_time":"20190316105552","is_ascension_mode":true,"campfire_choices":[{"data":"Defragment","floor":7.0,"key":"SMITH"},{"data":"Gash","floor":11.0,"key":"SMITH"},{"data":"Gash","floor":15.0,"key":"SMITH"},{"floor":23.0,"key":"REST"},{"data":"Secret Weapon","floor":27.0,"key":"SMITH"},{"data":"Scrape","floor":32.0,"key":"SMITH"},{"data":"Apotheosis","floor":40.0,"key":"SMITH"},{"data":"Machine Learning","floor":41.0,"key":"SMITH"},{"data":"Capacitor","floor":49,"key":"SMITH"}],"neow_cost":"NONE","seed_source_timestamp":292038402964012,"circlet_count":0,"master_deck":["Defend_B","Defend_B","Defend_B","Defend_B","Dualcast","White Noise","Defragment+1","Self Repair","Gash+1","Gash","Gash+1","Flash of Steel","Capacitor+1","Chill","All For One","Skim","Scrape+1","Secret Weapon+1","Machine Learning+1","Apotheosis+1","All For One"],"special_seed":0,"relics":["FrozenCore","NeowsBlessing","Golden Idol","Dream Catcher","MawBank","Art of War","SsserpentHead","PreservedInsect","FossilizedHelix","Mummified Hand","Runic Capacitor","Sozu","WingedGreaves","Lantern"],"potions_floor_usage":[],"damage_taken":[{"damage":0.0,"enemies":"Small Slimes","floor":1.0,"turns":1.0},{"damage":0.0,"enemies":"2 Louse","floor":2.0,"turns":1.0},{"damage":0.0,"enemies":"Lagavulin","floor":6.0,"turns":1.0},{"damage":2.0,"enemies":"Jaw Worm","floor":8.0,"turns":2.0},{"damage":12.0,"enemies":"Looter","floor":10.0,"turns":4.0},{"damage":18.0,"enemies":"Red Slaver","floor":12.0,"turns":4.0},{"damage":11.0,"enemies":"Blue Slaver","floor":14.0,"turns":3.0},{"damage":32.0,"enemies":"Slime Boss","floor":16.0,"turns":7.0},{"damage":12.0,"enemies":"Shell Parasite","floor":18.0,"turns":4.0},{"damage":10.0,"enemies":"2 Thieves","floor":21.0,"turns":5.0},{"damage":6.0,"enemies":"Snecko","floor":22.0,"turns":7.0},{"damage":10.0,"enemies":"Snake Plant","floor":24.0,"turns":5.0},{"damage":19.0,"enemies":"Colosseum Slavers","floor":28.0,"turns":3.0},{"damage":3.0,"enemies":"Colosseum Nobs","floor":28.0,"turns":3.0},{"damage":0.0,"enemies":"Sentry and Sphere","floor":31.0,"turns":5.0},{"damage":0.0,"enemies":"Collector","floor":33.0,"turns":6.0},{"damage":12.0,"enemies":"3 Darklings","floor":35.0,"turns":3.0},{"damage":18.0,"enemies":"Mind Bloom Boss Battle","floor":36.0,"turns":4.0},{"damage":0.0,"enemies":"3 Shapes","floor":39.0,"turns":5.0},{"damage":0.0,"enemies":"Maw","floor":44.0,"turns":5.0},{"damage":0,"enemies":"Jaw Worm Horde","floor":46,"turns":4},{"damage":11,"enemies":"Writhing Mass","floor":47,"turns":4},{"damage":0,"enemies":"Maw","floor":48,"turns":4},{"damage":0,"enemies":"Donu and Deca","floor":50,"turns":6}],"seed_played":"5459154632197461527","potions_obtained":[{"floor":1.0,"key":"Explosive Potion"},{"floor":6.0,"key":"SkillPotion"},{"floor":12.0,"key":"Fire Potion"},{"floor":21.0,"key":"Energy Potion"},{"floor":22.0,"key":"EssenceOfSteel"},{"floor":28.0,"key":"Regen Potion"}],"is_trial":false,"path_per_floor":["M","M","?","?","?","E","R","M","T","M","R","M","$","M","R","B",null,"M","?","?","M","M","R","M","$","T","R","?","?","$","M","R","B",null,"M","?","?","$","M","R","R","?","T","M","$","M","M","M","R","B",null],"character_chosen":"DEFECT","items_purchased":["Gash","Flash of Steel","Capacitor","Secret Weapon","Runic Capacitor","Apotheosis"],"campfire_rested":1,"item_purchase_floors":[13,13,13,25,30,38],"current_hp_per_floor":[68,68,61,61,61,61,61,59,59,54,54,43,43,39,39,14,55,50,50,50,47,48,68,65,65,65,65,64,64,64,69,69,69,69,64,53,53,53,63,63,63,63,63,69,69,69,58,68,68,69],"gold":278,"neow_bonus":"THREE_ENEMY_KILL","is_prod":false,"is_daily":false,"chose_seed":false,"campfire_upgraded":8,"win_rate":0,"timestamp":1552751752,"path_taken":["M","M","?","?","?","E","R","M","T","M","R","?","$","M","R","BOSS","M","?","?","M","M","R","?","?","T","R","?","?","$","M","R","BOSS","M","?","?","$","?","R","R","?","T","?","$","M","M","M","R","BOSS"],"build_version":"2019-01-23","purchased_purges":4,"victory":true,"max_hp_per_floor":[75,75,75,75,69,69,69,69,69,69,69,69,69,69,69,69,69,69,69,69,69,69,69,69,69,69,69,69,69,69,69,69,69,69,69,69,69,69,69,69,69,69,69,69,69,69,69,69,69,69],"card_choices":[{"not_picked":["Rebound","Darkness"],"picked":"White Noise","floor":1.0},{"not_picked":["Beam Cell","Steam","Compile Driver"],"picked":"SKIP","floor":2.0},{"not_picked":["Core Surge","Capacitor"],"picked":"Defragment","floor":6.0},{"not_picked":["Fusion","Conserve Battery"],"picked":"Self Repair","floor":8.0},{"not_picked":["Beam Cell","Stack"],"picked":"Gash","floor":10.0},{"not_picked":["Echo Form","Turbo"],"picked":"Gash","floor":12.0},{"not_picked":["Genetic Algorithm","Beam Cell"],"picked":"Chill","floor":14.0},{"not_picked":["Meteor Strike","Biased Cognition"],"picked":"All For One","floor":16.0},{"not_picked":["Ball Lightning+1","Conserve Battery","Leap"],"picked":"SKIP","floor":18.0},{"not_picked":["Streamline","Go for the Eyes+1"],"picked":"Skim","floor":21.0},{"not_picked":["Loop","Redo+1","Auto Shields"],"picked":"SKIP","floor":22.0},{"not_picked":["Streamline+1","Sweeping Beam+1"],"picked":"Scrape","floor":23.0},{"not_picked":["Steam Power","Ball Lightning","Genetic Algorithm"],"picked":"SKIP","floor":24.0},{"not_picked":["Glacier","Reinforced Body","Darkness"],"picked":"SKIP","floor":31.0},{"not_picked":["Seek","Electrodynamics"],"picked":"Machine Learning","floor":33.0},{"not_picked":["Cold Snap","Recycle","Stack+1"],"picked":"SKIP","floor":35.0},{"not_picked":["Barrage","Go for the Eyes+1","Static Discharge+1"],"picked":"SKIP","floor":39.0},{"not_picked":["Stack+1","Genetic Algorithm","Loop"],"picked":"SKIP","floor":44.0},{"not_picked":["Loop","Auto Shields+1"],"picked":"All For One","floor":46},{"not_picked":["Rebound+1","Hologram","Go for the Eyes+1"],"picked":"SKIP","floor":47},{"not_picked":["Conserve Battery","Beam Cell","Loop+1"],"picked":"SKIP","floor":48}],"player_experience":476184,"relics_obtained":[{"floor":6.0,"key":"Dream Catcher"},{"floor":9.0,"key":"MawBank"},{"floor":26.0,"key":"PreservedInsect"},{"floor":28.0,"key":"FossilizedHelix"},{"floor":28.0,"key":"Mummified Hand"},{"floor":36.0,"key":"WingedGreaves"},{"floor":43.0,"key":"Lantern"}],"event_choices":[{"cards_removed":["Strike_B"],"damage_healed":0.0,"max_hp_gain":0.0,"max_hp_loss":0.0,"gold_gain":0.0,"event_name":"Golden Wing","player_choice":"Card Removal","floor":3.0,"gold_loss":0.0,"damage_taken":7.0},{"damage_healed":0.0,"max_hp_gain":0.0,"max_hp_loss":0.0,"gold_gain":0.0,"event_name":"Shining Light","player_choice":"Ignored","floor":4.0,"gold_loss":0.0,"damage_taken":0.0},{"damage_healed":0.0,"max_hp_gain":0.0,"max_hp_loss":6.0,"gold_gain":0.0,"event_name":"Golden Idol","player_choice":"Lose Max HP","floor":5.0,"gold_loss":0.0,"damage_taken":0.0,"relics_obtained":["Golden Idol"]},{"damage_healed":0.0,"max_hp_gain":0.0,"max_hp_loss":0.0,"gold_gain":0.0,"event_name":"Addict","player_choice":"Obtained Relic","floor":19.0,"gold_loss":85.0,"damage_taken":0.0,"relics_obtained":["Art of War"]},{"damage_healed":0.0,"max_hp_gain":0.0,"max_hp_loss":0.0,"gold_gain":0.0,"event_name":"FaceTrader","player_choice":"Trade","floor":20.0,"gold_loss":0.0,"damage_taken":0.0,"relics_obtained":["SsserpentHead"]},{"damage_healed":0.0,"max_hp_gain":0.0,"max_hp_loss":0.0,"gold_gain":0.0,"event_name":"Colosseum","player_choice":"Fight","floor":28.0,"gold_loss":0.0,"damage_taken":0.0},{"damage_healed":0.0,"max_hp_gain":0.0,"max_hp_loss":0.0,"gold_gain":0.0,"event_name":"Colosseum","player_choice":"Fought Nobs","floor":28.0,"gold_loss":0.0,"damage_taken":0.0},{"damage_healed":0.0,"max_hp_gain":0.0,"max_hp_loss":0.0,"gold_gain":0.0,"event_name":"Vampires","player_choice":"Ignored","floor":29.0,"gold_loss":0.0,"damage_taken":0.0},{"damage_healed":0.0,"max_hp_gain":0.0,"max_hp_loss":0.0,"gold_gain":0.0,"event_name":"MindBloom","player_choice":"Fight","floor":36.0,"gold_loss":0.0,"damage_taken":0.0},{"damage_healed":0.0,"max_hp_gain":0.0,"max_hp_loss":0.0,"gold_gain":0.0,"event_name":"Lab","player_choice":"Got Potions","floor":37.0,"gold_loss":0.0,"damage_taken":0.0},{"damage_healed":0.0,"max_hp_gain":0.0,"max_hp_loss":0.0,"gold_gain":0.0,"event_name":"The Woman in Blue","player_choice":"Bought 0 Potions","floor":42.0,"gold_loss":0.0,"damage_taken":0.0}],"is_beta":false,"boss_relics":[{"not_picked":["Orrery","Black Star"],"picked":"FrozenCore"},{"not_picked":["Snecko Eye","Velvet Choker"],"picked":"Sozu"}],"items_purged_floors":[13,25,38,45],"is_endless":false,"potions_floor_spawned":[1,6,12,21,22,28,35,47],"ascension_level":8}