{"gold_per_floor":[113,133,133,35,35,65,65,81,152,152,167,187,150,183,183,183],"floor_reached":16,"playtime":537,"items_purged":[],"score":135,"play_id":"c31a1a34-abe5-4900-9982-ba4115511610","local_time":"20190326165448","is_ascension_mode":false,"campfire_choices":[{"data":"Armaments","floor":7,"key":"SMITH"},{"data":"Bash","floor":10,"key":"SMITH"},{"data":"Hemokinesis","floor":15,"key":"SMITH"}],"neow_cost":"NONE","seed_source_timestamp":77503105749201,"circlet_count":0,"master_deck":["Strike_R","Strike_R","Strike_R","Strike_R","Defend_R","Defend_R+1","Defend_R+1","Defend_R","Bash+1","Armaments+1","Shrug It Off","Panacea","Carnage","Dropkick","Anger","Hemokinesis+1","Dual Wield","Combust","Anger"],"relics":["Burning Blood","NeowsBlessing","War Paint","Paper Frog","Potion Belt"],"potions_floor_usage":[16],"damage_taken":[{"damage":0,"enemies":"Jaw Worm","floor":1,"turns":1},{"damage":0,"enemies":"Cultist","floor":2,"turns":1},{"damage":0,"enemies":"Gremlin Nob","floor":6,"turns":1},{"damage":0,"enemies":"Small Slimes","floor":8,"turns":3},{"damage":17,"enemies":"Exordium Thugs","floor":11,"turns":4},{"damage":2,"enemies":"Large Slime","floor":12,"turns":5},{"damage":18,"enemies":"Lagavulin","floor":14,"turns":5},{"damage":62,"enemies":"Slime Boss","floor":16,"turns":6}],"seed_played":"8205017404082910139","potions_obtained":[{"floor":12,"key":"PowerPotion"}],"is_trial":false,"path_per_floor":["M","M","?","$","?","E","R","M","T","R","M","M","$","E","R","B"],"character_chosen":"IRONCLAD","items_purchased":["Panacea","Combust"],"campfire_rested":0,"item_purchase_floors":[4,13],"current_hp_per_floor":[80,80,80,80,80,80,80,80,80,80,69,73,73,61,61,0],"gold":183,"neow_bonus":"THREE_ENEMY_KILL","is_prod":false,"is_daily":false,"chose_seed":false,"campfire_upgraded":3,"win_rate":0,"timestamp":1553583288,"path_taken":["M","M","?","$","?","E","R","M","T","R","M","?","$","E","R","BOSS"],"build_version":"2019-01-23","purchased_purges":0,"victory":false,"max_hp_per_floor":[80,80,80,80,80,80,80,80,80,80,80,80,80,80,80,80],"card_choices":[{"not_picked":["True Grit","Clothesline"],"picked":"Armaments","floor":1},{"not_picked":["Power Through","Headbutt"],"picked":"Shrug It Off","floor":2},{"not_picked":["Shockwave","Rupture"],"picked":"Dropkick","floor":6},{"not_picked":["Pummel","Pommel Strike"],"picked":"Anger","floor":8},{"not_picked":["Havoc","Uppercut"],"picked":"Hemokinesis","floor":11},{"not_picked":["Exhume","Sever Soul"],"picked":"Dual Wield","floor":12},{"not_picked":["Second Wind","Burning Pact"],"picked":"Anger","floor":14}],"player_experience":180514,"relics_obtained":[{"floor":6,"key":"War Paint"},{"floor":9,"key":"Paper Frog"},{"floor":14,"key":"Potion Belt"}],"event_choices":[{"damage_healed":0,"gold_gain":0,"cards_transformed":["Strike_R"],"player_choice":"Change","damage_taken":0,"max_hp_gain":0,"max_hp_loss":0,"event_name":"Living Wall","floor":3,"gold_loss":0,"cards_obtained":["Brutality"]},{"damage_healed":0,"gold_gain":0,"cards_transformed":["Brutality"],"player_choice":"Transformed","damage_taken":0,"max_hp_gain":0,"max_hp_loss":0,"event_name":"Transmorgrifier","floor":5,"gold_loss":0,"cards_obtained":["Carnage"]}],"is_beta":false,"boss_relics":[],"items_purged_floors":[],"is_endless":false,"potions_floor_spawned":[12],"killed_by":"Slime Boss","ascension_level":0}