{"gold_per_floor":[118,136,156,156,176,176,216,216,241,8,26,62,90,126,126,215,215,234,1,15,15,65,65,65,65,65,109,109,144,144],"floor_reached":30,"playtime":5193,"items_purged":[],"score":693,"play_id":"1554de13-d02b-45f0-b6fb-b93eb36e2cac","local_time":"20190420103457","is_ascension_mode":true,"campfire_choices":[{"data":"Noxious Fumes","floor":6,"key":"SMITH"},{"floor":8,"key":"REST"},{"floor":15,"key":"REST"},{"data":"After Image","floor":23,"key":"SMITH"},{"floor":25,"key":"REST"},{"data":"Cloak And Dagger","floor":28,"key":"SMITH"}],"neow_cost":"NONE","seed_source_timestamp":0,"circlet_count":0,"master_deck":["AscendersBane","Defend_G+1","Defend_G+1","Defend_G+1","Defend_G+1","Defend_G+1","Strike_G+1","Strike_G+1","Strike_G+1","Strike_G+1","Strike_G+1","Survivor","Neutralize","Backflip","Deflect","Sucker Punch","Flying Knee","After Image+1","Noxious Fumes+1","Leg Sweep","Dodge and Roll","Dodge and Roll","Heel Hook","Panache","Dodge and Roll","Endless Agony","Cloak And Dagger+1","Corpse Explosion","Cloak And Dagger","Finesse","Escape Plan","Footwork","Acrobatics","Cloak And Dagger","Slice+1"],"special_seed":0,"relics":["Golden Idol","Juzu Bracelet","PreservedInsect","Bag of Marbles","Odd Mushroom","Kunai","Sozu","Nloth\u0027s Gift","Question Card","Molten Egg 2","Unceasing Top"],"potions_floor_usage":[7,7,11,12,14],"damage_taken":[{"damage":4.0,"enemies":"Cultist","floor":1.0,"turns":4.0},{"damage":0.0,"enemies":"2 Louse","floor":2.0,"turns":3.0},{"damage":6.0,"enemies":"Jaw Worm","floor":3.0,"turns":6.0},{"damage":9,"enemies":"2 Fungi Beasts","floor":5,"turns":5},{"damage":30,"enemies":"Gremlin Nob","floor":7,"turns":5},{"damage":6,"enemies":"3 Louse","floor":11,"turns":3},{"damage":0,"enemies":"3 Sentries","floor":12,"turns":8},{"damage":16,"enemies":"The Mushroom Lair","floor":13,"turns":5},{"damage":0,"enemies":"Lagavulin","floor":14,"turns":7},{"damage":18,"enemies":"The Guardian","floor":16,"turns":13},{"damage":3,"enemies":"3 Byrds","floor":18,"turns":5},{"damage":32,"enemies":"Chosen","floor":20,"turns":8},{"damage":4,"enemies":"Book of Stabbing","floor":27,"turns":7},{"damage":10,"enemies":"Gremlin Leader","floor":29,"turns":7},{"damage":20,"enemies":"Snake Plant","floor":30,"turns":4}],"seed_played":"25958770634830","potions_obtained":[{"floor":2.0,"key":"Block Potion"},{"floor":3,"key":"SkillPotion"},{"floor":11,"key":"EssenceOfSteel"},{"floor":13,"key":"Energy Potion"},{"floor":16,"key":"Explosive Potion"}],"is_trial":false,"path_per_floor":["M","M","M","?","M","R","E","R","T","$","M","E","?","E","R","B",null,"M","$","M","?","?","R","?","R","T","E","R","E","M"],"character_chosen":"THE_SILENT","items_purchased":["Panache","Fire Potion","Finesse","Escape Plan","Footwork"],"campfire_rested":3,"item_purchase_floors":[10,10,19,19,19],"current_hp_per_floor":[55,55,49,49,40,40,10,28,28,28,22,22,6,6,24,6,47,44,44,12,12,12,12,12,30,30,26,26,16,0],"gold":144,"neow_bonus":"BOSS_RELIC","is_prod":false,"is_daily":false,"chose_seed":false,"campfire_upgraded":3,"win_rate":0,"timestamp":1555770897,"path_taken":["M","M","?","?","M","R","E","R","T","$","M","E","?","E","R","BOSS","M","$","M","?","?","R","?","R","T","E","R","E","M"],"build_version":"2019-04-04","purchased_purges":0,"victory":false,"max_hp_per_floor":[66,66,66,60,60,60,60,60,60,60,60,60,60,60,60,60,60,60,60,60,60,60,60,60,60,60,60,60,60,60],"card_choices":[{"not_picked":["Heel Hook","Predator"],"picked":"Backflip","floor":0.0},{"not_picked":["Underhanded Strike","Leg Sweep"],"picked":"Deflect","floor":0.0},{"not_picked":["Outmaneuver","Deadly Poison"],"picked":"Sucker Punch","floor":0.0},{"not_picked":["Predator","Caltrops"],"picked":"Flying Knee","floor":0.0},{"not_picked":["Infinite Blades","PiercingWail"],"picked":"After Image","floor":0.0},{"not_picked":["Skewer","Acrobatics"],"picked":"Noxious Fumes","floor":1.0},{"not_picked":["Poisoned Stab","Reflex"],"picked":"Leg Sweep","floor":2.0},{"not_picked":["Flechettes","Bouncing Flask"],"picked":"Dodge and Roll","floor":3},{"not_picked":["Tactician","Underhanded Strike"],"picked":"Dodge and Roll","floor":5},{"not_picked":["Endless Agony","Tactician"],"picked":"Heel Hook","floor":7},{"not_picked":["Masterful Stab","PiercingWail"],"picked":"Dodge and Roll","floor":11},{"not_picked":["Underhanded Strike","Prepared","Sucker Punch"],"picked":"SKIP","floor":12},{"not_picked":["Acrobatics","Tactician"],"picked":"Endless Agony","floor":13},{"not_picked":["A Thousand Cuts","Dagger Throw"],"picked":"Cloak And Dagger","floor":14},{"not_picked":["Unload","Doppelganger"],"picked":"Corpse Explosion","floor":16},{"not_picked":["Setup","Bane+1"],"picked":"Cloak And Dagger","floor":18},{"not_picked":["Sucker Punch","Expertise"],"picked":"Acrobatics","floor":20},{"not_picked":["Terror","Blade Dance","Deflect"],"picked":"Cloak And Dagger","floor":27},{"not_picked":["Venomology","Acrobatics","Dagger Spray+1"],"picked":"Slice+1","floor":29}],"player_experience":2763483,"relics_obtained":[{"floor":7,"key":"Juzu Bracelet"},{"floor":9,"key":"PreservedInsect"},{"floor":12,"key":"Bag of Marbles"},{"floor":13,"key":"Odd Mushroom"},{"floor":14,"key":"Kunai"},{"floor":26,"key":"Question Card"},{"floor":27,"key":"Molten Egg 2"},{"floor":29,"key":"Unceasing Top"}],"event_choices":[{"damage_healed":0,"gold_gain":0,"player_choice":"Lose Max HP","damage_taken":0,"relics_obtained":["Golden Idol"],"max_hp_gain":0,"max_hp_loss":6,"event_name":"Golden Idol","floor":4,"gold_loss":0},{"damage_healed":0,"gold_gain":0,"player_choice":"Fought Mushrooms","damage_taken":0,"max_hp_gain":0,"max_hp_loss":0,"event_name":"Mushrooms","floor":13,"gold_loss":0},{"damage_healed":0,"gold_gain":0,"player_choice":"Simplicity","damage_taken":0,"max_hp_gain":0,"max_hp_loss":0,"event_name":"Back to Basics","floor":21,"gold_loss":0,"cards_upgraded":["Defend_G","Defend_G","Defend_G","Defend_G","Defend_G","Strike_G","Strike_G","Strike_G","Strike_G","Strike_G"]},{"damage_healed":0,"gold_gain":50,"player_choice":"Stole From Cult","damage_taken":0,"max_hp_gain":0,"max_hp_loss":0,"event_name":"Nest","floor":22,"gold_loss":0},{"damage_healed":0,"gold_gain":0,"player_choice":"Traded Relic","damage_taken":0,"relics_obtained":["Nloth\u0027s Gift"],"max_hp_gain":0,"max_hp_loss":0,"event_name":"N\u0027loth","floor":24,"relics_lost":["Orrery"],"gold_loss":0}],"is_beta":true,"boss_relics":[{"not_picked":["Snecko Eye","Tiny House"],"picked":"Sozu"}],"items_purged_floors":[],"is_endless":false,"potions_floor_spawned":[2,3,11,13,16,18,20],"killed_by":"Snake Plant","ascension_level":20}