{"gold_per_floor":[215,12,12,31,41,41,59,72,72,100,120,50,63,75,75,171,171,190,115,130,130,148,148,213,225,225,225,242,242,242,254,254,254],"floor_reached":33,"playtime":1429,"items_purged":[],"score":273,"play_id":"f3f7e510-aaf8-47db-9eb0-267a633fd8ae","local_time":"20190328151834","is_ascension_mode":false,"campfire_choices":[{"data":"Bash","floor":6,"key":"SMITH"},{"floor":15,"key":"REST"},{"floor":23,"key":"RECALL"},{"floor":27,"key":"REST"},{"floor":30,"key":"REST"},{"floor":32,"key":"REST"}],"neow_cost":"NONE","seed_source_timestamp":3941875978035,"circlet_count":0,"master_deck":["Strike_R","Strike_R","Strike_R","Strike_R","Strike_R","Defend_R","Defend_R","Defend_R","Bash+1","Thunderclap","Twin Strike","Inflame","Uppercut","Flex","Perfected Strike","Pommel Strike","Shrug It Off","Armaments","Wild Strike","Bludgeon","Anger+1","Shrug It Off+1","J.A.X.","Metallicize","Blood for Blood","Shrug It Off+1","Spot Weakness","Cleave+1"],"relics":["Burning Blood","Sling","PreservedInsect","Ornamental Fan","Sozu","Tiny Chest","Vajra","Enchiridion"],"potions_floor_usage":[7,10,11,16,16,22],"damage_taken":[{"damage":0,"enemies":"2 Louse","floor":1,"turns":2},{"damage":6,"enemies":"Cultist","floor":4,"turns":4},{"damage":7,"enemies":"Small Slimes","floor":5,"turns":3},{"damage":3,"enemies":"3 Louse","floor":7,"turns":4},{"damage":14,"enemies":"Blue Slaver","floor":8,"turns":4},{"damage":14,"enemies":"Gremlin Nob","floor":10,"turns":3},{"damage":14,"enemies":"Gremlin Gang","floor":11,"turns":4},{"damage":11,"enemies":"3 Louse","floor":13,"turns":3},{"damage":8,"enemies":"Red Slaver","floor":14,"turns":3},{"damage":65,"enemies":"The Guardian","floor":16,"turns":10},{"damage":0,"enemies":"Spheric Guardian","floor":18,"turns":3},{"damage":0,"enemies":"3 Byrds","floor":20,"turns":5},{"damage":24,"enemies":"Snake Plant","floor":22,"turns":3},{"damage":27,"enemies":"Gremlin Leader","floor":24,"turns":7},{"damage":11,"enemies":"Cultist and Chosen","floor":25,"turns":6},{"damage":17,"enemies":"Centurion and Healer","floor":28,"turns":6},{"damage":9,"enemies":"Snake Plant","floor":31,"turns":2},{"damage":78,"enemies":"Collector","floor":33,"turns":9}],"seed_played":"5581378811008178969","potions_obtained":[{"floor":4,"key":"SpeedPotion"},{"floor":8,"key":"Strength Potion"},{"floor":10,"key":"SkillPotion"},{"floor":11,"key":"Strength Potion"},{"floor":13,"key":"SneckoOil"},{"floor":14,"key":"SkillPotion"}],"is_trial":false,"path_per_floor":["M","$","?","M","M","R","M","M","T","E","M","$","M","M","R","B",null,"M","?","M","?","M","R","E","M","T","R","M","?","R","M","R","B"],"character_chosen":"IRONCLAD","items_purchased":["Sling","Pommel Strike","Shrug It Off"],"campfire_rested":4,"item_purchase_floors":[2,12,12],"current_hp_per_floor":[80,80,80,80,79,79,80,72,72,64,56,56,51,49,73,14,80,80,80,80,80,62,62,41,36,36,60,49,33,57,54,78,0],"gold":254,"neow_bonus":"HUNDRED_GOLD","is_prod":false,"is_daily":false,"chose_seed":false,"campfire_upgraded":1,"win_rate":0,"timestamp":1553750314,"path_taken":["M","$","?","M","M","R","M","M","T","E","M","$","?","?","R","BOSS","M","?","M","?","M","R","E","M","T","R","M","?","R","M","R","BOSS"],"build_version":"2019-01-23","purchased_purges":0,"victory":false,"max_hp_per_floor":[80,80,80,80,80,80,80,80,80,80,80,80,80,80,80,80,80,80,80,80,80,80,80,80,80,80,80,80,80,80,80,80,80],"card_choices":[{"not_picked":["Iron Wave","Sentinel"],"picked":"Cleave","floor":1},{"not_picked":["Clash","Heavy Blade"],"picked":"Thunderclap","floor":4},{"not_picked":["Reckless Charge","Seeing Red"],"picked":"Twin Strike","floor":5},{"not_picked":["Burning Pact","Sword Boomerang"],"picked":"Inflame","floor":7},{"not_picked":["Clothesline","Seeing Red"],"picked":"Uppercut","floor":8},{"not_picked":["True Grit","Burning Pact"],"picked":"Flex","floor":10},{"not_picked":["Power Through","Iron Wave"],"picked":"Perfected Strike","floor":11},{"not_picked":["Whirlwind","Clash"],"picked":"Armaments","floor":13},{"not_picked":["Clash","Clothesline"],"picked":"Wild Strike","floor":14},{"not_picked":["Immolate","Brutality"],"picked":"Bludgeon","floor":16},{"not_picked":["Headbutt+1","Reckless Charge"],"picked":"Anger+1","floor":18},{"not_picked":["Sword Boomerang","Anger"],"picked":"Shrug It Off+1","floor":20},{"not_picked":["Whirlwind+1","Armaments"],"picked":"Metallicize","floor":22},{"not_picked":["Armaments","Juggernaut"],"picked":"Blood for Blood","floor":24},{"not_picked":["Iron Wave","Wild Strike"],"picked":"Shrug It Off+1","floor":25},{"not_picked":["Wild Strike","Havoc"],"picked":"Spot Weakness","floor":28},{"not_picked":["Second Wind","Battle Trance"],"picked":"Cleave+1","floor":31}],"player_experience":228713,"relics_obtained":[{"floor":10,"key":"Ornamental Fan"},{"floor":24,"key":"Tiny Chest"},{"floor":26,"key":"Vajra"},{"floor":29,"key":"Enchiridion"}],"event_choices":[{"cards_removed":["Cleave"],"damage_healed":0,"gold_gain":0,"player_choice":"Gave Card","damage_taken":0,"relics_obtained":["PreservedInsect"],"max_hp_gain":0,"max_hp_loss":0,"event_name":"WeMeetAgain","floor":3,"gold_loss":0},{"cards_removed":["Defend_R"],"damage_healed":0,"gold_gain":0,"player_choice":"Gave Gold","damage_taken":0,"max_hp_gain":0,"max_hp_loss":0,"event_name":"Beggar","floor":19,"gold_loss":75},{"damage_healed":0,"gold_gain":0,"player_choice":"Obtain J.A.X.","damage_taken":0,"max_hp_gain":0,"max_hp_loss":0,"event_name":"Drug Dealer","floor":21,"gold_loss":0,"cards_obtained":["J.A.X."]},{"damage_healed":0,"gold_gain":0,"player_choice":"Obtained Book","damage_taken":16,"max_hp_gain":0,"max_hp_loss":0,"event_name":"Cursed Tome","floor":29,"gold_loss":0}],"is_beta":false,"boss_relics":[{"not_picked":["Philosopher\u0027s Stone","Runic Pyramid"],"picked":"Sozu"}],"items_purged_floors":[],"is_endless":false,"potions_floor_spawned":[4,8,10,11,13,14,22,24,28],"killed_by":"Collector","ascension_level":0}