{"gold_per_floor":[117,129,149,164,184,184,204,219,219,71,90,90,165,180,180,276,276],"floor_reached":17,"playtime":930,"items_purged":["Strike_R"],"score":153,"play_id":"ce79835e-1e6e-45bf-b21c-3733a482bccb","local_time":"20190717063801","is_ascension_mode":false,"campfire_choices":[{"data":"Flex","floor":6,"key":"SMITH"},{"data":"Flex","floor":12,"key":"SMITH"},{"floor":15,"key":"REST"}],"neow_cost":"NONE","seed_source_timestamp":53516373678044,"circlet_count":0,"master_deck":["Strike_R","Strike_R","Strike_R","Strike_R","Defend_R","Defend_R","Defend_R","Defend_R","Bash","Sword Boomerang","Twin Strike","Flex+1","Cleave","Armaments","Flex+1","Heavy Blade","Berserk"],"relics":["Runic Cube"],"potions_floor_usage":[14,16],"damage_taken":[{"damage":5,"enemies":"Cultist","floor":1,"turns":4},{"damage":1,"enemies":"Jaw Worm","floor":2,"turns":4},{"damage":1,"enemies":"2 Louse","floor":3,"turns":3},{"damage":6,"enemies":"Blue Slaver","floor":4,"turns":4},{"damage":16,"enemies":"Exordium Thugs","floor":5,"turns":4},{"damage":13,"enemies":"Large Slime","floor":7,"turns":6},{"damage":0,"enemies":"Exordium Wildlife","floor":8,"turns":2},{"damage":0,"enemies":"Looter","floor":11,"turns":3},{"damage":0,"enemies":"3 Louse","floor":14,"turns":1},{"damage":32,"enemies":"Hexaghost","floor":16,"turns":6}],"seed_played":"-6369464686682516986","potions_obtained":[{"floor":7,"key":"Energy Potion"},{"floor":11,"key":"Fire Potion"},{"floor":16,"key":"BloodPotion"}],"is_trial":false,"path_per_floor":["M","M","M","M","M","R","M","M","T","$","M","R","?","M","R","B",null],"character_chosen":"IRONCLAD","items_purchased":["Flex","Heavy Blade"],"campfire_rested":1,"item_purchase_floors":[10,10],"current_hp_per_floor":[75,74,73,67,51,51,38,38,38,38,38,38,27,27,51,19,19],"gold":276,"neow_bonus":"BOSS_RELIC","is_prod":false,"is_daily":false,"chose_seed":false,"campfire_upgraded":2,"win_rate":0,"timestamp":1563338281,"path_taken":["M","M","M","M","M","R","M","?","T","$","M","R","?","M","R","BOSS"],"build_version":"2019-07-05","purchased_purges":1,"victory":false,"max_hp_per_floor":[80,80,80,80,80,80,80,80,80,80,80,80,80,80,80,80,80],"card_choices":[{"not_picked":["Headbutt","Havoc"],"picked":"Sword Boomerang","floor":1},{"not_picked":["Power Through","Clash"],"picked":"Twin Strike","floor":2},{"not_picked":["Sentinel","Anger"],"picked":"Flex","floor":3},{"not_picked":["Reckless Charge","Warcry"],"picked":"Cleave","floor":4},{"not_picked":["Pommel Strike","Fire Breathing","Juggernaut"],"picked":"SKIP","floor":5},{"not_picked":["Reckless Charge","Fire Breathing"],"picked":"Armaments","floor":7},{"not_picked":["Cleave","Second Wind","Iron Wave"],"picked":"SKIP","floor":8},{"not_picked":["True Grit","Metallicize","Clash"],"picked":"SKIP","floor":11},{"not_picked":["Pommel Strike","Juggernaut","Headbutt"],"picked":"SKIP","floor":14},{"not_picked":["Exhume","Immolate"],"picked":"Berserk","floor":16}],"player_experience":197612,"relics_obtained":[],"event_choices":[{"damage_healed":0,"gold_gain":75,"player_choice":"Gather Gold","damage_taken":11,"max_hp_gain":0,"max_hp_loss":0,"event_name":"World of Goop","floor":13,"gold_loss":0}],"is_beta":false,"boss_relics":[],"items_purged_floors":[10],"is_endless":false,"potions_floor_spawned":[7,11,16],"ascension_level":0}