{"gold_per_floor":[112,123,139,159,171,171,203,223,223,173,232,232,249,275,275,348,348,348,303,303,230,230,230,230,230,230,230,230,230,230,145,145,145],"floor_reached":33,"playtime":1895,"items_purged":[],"score":492,"play_id":"7f603dee-c24d-4792-9d8a-411325c5b6b0","local_time":"20190717185035","is_ascension_mode":true,"campfire_choices":[{"data":"Immolate","floor":6.0,"key":"SMITH"},{"data":"Spot Weakness","floor":12.0,"key":"SMITH"},{"data":"Flame Barrier","floor":15.0,"key":"SMITH"},{"floor":23.0,"key":"REST"},{"data":"Bash","floor":25.0,"key":"SMITH"},{"floor":32,"key":"REST"}],"neow_cost":"NONE","seed_source_timestamp":0,"circlet_count":0,"master_deck":["AscendersBane","Strike_R","Strike_R+1","Strike_R+1","Strike_R","Strike_R","Defend_R","Defend_R","Defend_R","Defend_R","Bash+1","Immolate+1","Infernal Blade","Spot Weakness+1","Flame Barrier+1","Burning Pact","Shrug It Off","Impervious","True Grit+1","Armaments+1","Double Tap+1","Iron Wave+1","Warcry+1","Carnage","Shrug It Off+1","Uppercut"],"special_seed":0,"relics":["Burning Blood","Art of War","Toxic Egg 2","Tiny Chest","Whetstone","Ectoplasm","Gambling Chip","Boot","GremlinMask"],"potions_floor_usage":[33],"damage_taken":[{"damage":0.0,"enemies":"Cultist","floor":1.0,"turns":2.0},{"damage":9.0,"enemies":"Jaw Worm","floor":2.0,"turns":3.0},{"damage":2.0,"enemies":"2 Louse","floor":3.0,"turns":3.0},{"damage":20.0,"enemies":"Exordium Thugs","floor":4.0,"turns":3.0},{"damage":4.0,"enemies":"Red Slaver","floor":5.0,"turns":3.0},{"damage":24.0,"enemies":"Gremlin Nob","floor":7.0,"turns":4.0},{"damage":0.0,"enemies":"2 Fungi Beasts","floor":8.0,"turns":1.0},{"damage":5.0,"enemies":"3 Sentries","floor":11.0,"turns":6.0},{"damage":3.0,"enemies":"3 Louse","floor":13.0,"turns":2.0},{"damage":33.0,"enemies":"The Guardian","floor":16.0,"turns":12.0},{"damage":11.0,"enemies":"Shell Parasite","floor":18.0,"turns":9.0},{"damage":11.0,"enemies":"2 Thieves","floor":19.0,"turns":4.0},{"damage":8.0,"enemies":"3 Cultists","floor":22.0,"turns":5.0},{"damage":34.0,"enemies":"Book of Stabbing","floor":24.0,"turns":6.0},{"damage":6,"enemies":"Centurion and Healer","floor":27,"turns":4},{"damage":36,"enemies":"Shelled Parasite and Fungi","floor":29,"turns":5},{"damage":0,"enemies":"3 Cultists","floor":30,"turns":3},{"damage":47,"enemies":"Automaton","floor":33,"turns":10}],"seed_played":"-2480013368892381078","potions_obtained":[{"floor":1.0,"key":"SpeedPotion"},{"floor":2.0,"key":"Regen Potion"},{"floor":7.0,"key":"EssenceOfSteel"},{"floor":8.0,"key":"LiquidBronze"}],"is_trial":false,"path_per_floor":["M","M","M","M","M","R","E","M","T","$","E","R","M","T","R","B",null,"M","M","?","$","M","R","E","R","T","M","?","M","M","$","R","B"],"character_chosen":"IRONCLAD","items_purchased":["True Grit+1","Carnage","Block Potion","Uppercut"],"campfire_rested":2,"item_purchase_floors":[10,21,31,31],"current_hp_per_floor":[74,71,75,61,63,63,45,51,51,51,52,52,55,55,55,28,63,58,53,53,53,51,73,45,45,45,45,45,15,21,21,43,0],"gold":145,"neow_bonus":"ONE_RANDOM_RARE_CARD","is_prod":false,"is_daily":false,"chose_seed":false,"campfire_upgraded":4,"win_rate":0,"timestamp":1563360635,"path_taken":["M","M","M","M","M","R","E","M","T","$","E","R","M","?","R","BOSS","M","M","?","?","M","R","E","R","T","M","?","?","M","$","R","BOSS"],"build_version":"2019-07-05","purchased_purges":0,"victory":false,"max_hp_per_floor":[75,75,75,75,75,75,75,75,75,75,75,75,75,75,75,75,75,75,75,75,75,75,75,75,75,75,75,75,75,75,75,75,75],"card_choices":[{"not_picked":["Sever Soul","Anger"],"picked":"Infernal Blade","floor":1.0},{"not_picked":["Sever Soul","Rage","Clash"],"picked":"SKIP","floor":2.0},{"not_picked":["Twin Strike","Ghostly Armor"],"picked":"Spot Weakness","floor":3.0},{"not_picked":["Headbutt","Havoc"],"picked":"Flame Barrier","floor":4.0},{"not_picked":["Flame Barrier","Anger"],"picked":"Burning Pact","floor":5.0},{"not_picked":["Searing Blow","Headbutt"],"picked":"Shrug It Off","floor":7.0},{"not_picked":["Cleave","Carnage"],"picked":"Impervious","floor":8.0},{"not_picked":["Spot Weakness+1","Immolate","Flame Barrier+1"],"picked":"SKIP","floor":11.0},{"not_picked":["Pommel Strike","Cleave"],"picked":"Armaments+1","floor":13.0},{"not_picked":["Barricade","Dark Embrace"],"picked":"Double Tap+1","floor":16.0},{"not_picked":["Dual Wield+1","Disarm+1"],"picked":"Iron Wave","floor":18.0},{"not_picked":["Havoc+1","Pommel Strike"],"picked":"Warcry+1","floor":19.0},{"not_picked":["Burning Pact+1","Clothesline","Cleave"],"picked":"SKIP","floor":22.0},{"not_picked":["Inflame","Hemokinesis","Bludgeon"],"picked":"SKIP","floor":24.0},{"not_picked":["Inflame","Hemokinesis","Bludgeon"],"picked":"SKIP","floor":24.0},{"not_picked":["Dropkick","Armaments+1","Sword Boomerang+1"],"picked":"SKIP","floor":27},{"not_picked":["Dropkick","Armaments+1","Sword Boomerang+1"],"picked":"SKIP","floor":27},{"not_picked":["Dual Wield+1","Havoc+1","Sever Soul"],"picked":"SKIP","floor":29},{"not_picked":["Pommel Strike","Rage+1"],"picked":"Shrug It Off+1","floor":30}],"player_experience":860301,"relics_obtained":[{"floor":7.0,"key":"Art of War"},{"floor":9.0,"key":"Toxic Egg 2"},{"floor":11.0,"key":"Tiny Chest"},{"floor":14.0,"key":"Whetstone"},{"floor":24.0,"key":"Gambling Chip"},{"floor":26,"key":"Boot"}],"event_choices":[{"damage_healed":0.0,"max_hp_gain":0.0,"max_hp_loss":0.0,"gold_gain":0.0,"event_name":"Upgrade Shrine","player_choice":"Upgraded","floor":20.0,"gold_loss":0.0,"damage_taken":0.0,"cards_upgraded":["Iron Wave"]},{"damage_healed":0,"gold_gain":0,"player_choice":"Trade","damage_taken":0,"relics_obtained":["GremlinMask"],"max_hp_gain":0,"max_hp_loss":0,"event_name":"FaceTrader","floor":28,"gold_loss":0}],"is_beta":false,"boss_relics":[{"not_picked":["Orrery","Philosopher\u0027s Stone"],"picked":"Ectoplasm"}],"items_purged_floors":[],"is_endless":false,"potions_floor_spawned":[1,2,7,8,22,24,30],"killed_by":"Automaton","ascension_level":15}