{"gold_per_floor":[116,291,315,329,329,329,372,372,372,398,398,423,423,194,194,194],"floor_reached":16,"playtime":456,"items_purged":["Strike_B"],"score":113,"play_id":"232d1935-fdcd-4e0f-9678-5b61e401b5b5","local_time":"20190124232832","is_ascension_mode":true,"campfire_choices":[{"floor":6,"key":"REST"},{"data":"Defragment","floor":11,"key":"SMITH"},{"floor":15,"key":"REST"}],"neow_cost":"PERCENT_DAMAGE","seed_source_timestamp":649743676550651,"circlet_count":0,"master_deck":["Strike_B","Strike_B","Strike_B","Defend_B","Defend_B","Defend_B","Defend_B","Zap","Dualcast","Glacier","Hologram","Defragment+1"],"relics":["Cracked Core","Pen Nib","Golden Idol","Juzu Bracelet","Meat on the Bone","Bag of Preparation","Odd Mushroom","DataDisk"],"potions_floor_usage":[12,16],"damage_taken":[{"damage":7,"enemies":"Jaw Worm","floor":1,"turns":3},{"damage":0,"enemies":"Small Slimes","floor":4,"turns":5},{"damage":24,"enemies":"3 Sentries","floor":7,"turns":11},{"damage":15,"enemies":"The Mushroom Lair","floor":12,"turns":6},{"damage":63,"enemies":"Hexaghost","floor":16,"turns":15}],"seed_played":"1264390471285786188","potions_obtained":[{"floor":1,"key":"Strength Potion"},{"floor":4,"key":"Weak Potion"}],"is_trial":false,"path_per_floor":["M","?","T","M","?","R","E","?","T","T","R","?","?","$","R","B"],"character_chosen":"DEFECT","items_purchased":["DataDisk"],"campfire_rested":2,"item_purchase_floors":[14],"current_hp_per_floor":[61,61,61,61,39,65,41,34,34,34,34,31,31,31,57,0],"gold":194,"neow_bonus":"TWENTY_PERCENT_HP_BONUS","is_prod":false,"is_daily":false,"chose_seed":false,"campfire_upgraded":1,"win_rate":0,"timestamp":1548390512,"path_taken":["M","?","?","M","?","R","E","?","T","?","R","?","?","$","R","BOSS"],"build_version":"2019-01-23","purchased_purges":1,"victory":false,"max_hp_per_floor":[89,89,89,89,89,89,89,89,89,89,89,89,89,89,89,89],"card_choices":[{"not_picked":["Blizzard","Redo"],"picked":"Glacier","floor":1},{"not_picked":["Steam Power","Leap"],"picked":"Hologram","floor":4},{"not_picked":["Compile Driver","Capacitor"],"picked":"Defragment","floor":7}],"player_experience":109540,"relics_obtained":[{"floor":3,"key":"Pen Nib"},{"floor":7,"key":"Juzu Bracelet"},{"floor":9,"key":"Meat on the Bone"},{"floor":10,"key":"Bag of Preparation"},{"floor":12,"key":"Odd Mushroom"}],"event_choices":[{"damage_healed":0,"gold_gain":175,"player_choice":"AGREE","damage_taken":0,"max_hp_gain":0,"max_hp_loss":0,"event_name":"Liars Game","floor":2,"gold_loss":0,"cards_obtained":["Doubt"]},{"damage_healed":0,"gold_gain":0,"player_choice":"Take Damage","damage_taken":22,"relics_obtained":["Golden Idol"],"max_hp_gain":0,"max_hp_loss":0,"event_name":"Golden Idol","floor":5,"gold_loss":0},{"cards_removed":["Doubt"],"damage_healed":0,"gold_gain":0,"player_choice":"Card Removal","damage_taken":7,"max_hp_gain":0,"max_hp_loss":0,"event_name":"Golden Wing","floor":8,"gold_loss":0},{"damage_healed":0,"gold_gain":0,"player_choice":"Fought Mushrooms","damage_taken":0,"max_hp_gain":0,"max_hp_loss":0,"event_name":"Mushrooms","floor":12,"gold_loss":0},{"damage_healed":0,"gold_gain":0,"player_choice":"Ignored","damage_taken":0,"max_hp_gain":0,"max_hp_loss":0,"event_name":"Shining Light","floor":13,"gold_loss":0}],"is_beta":false,"boss_relics":[],"items_purged_floors":[14],"is_endless":false,"potions_floor_spawned":[1,4],"killed_by":"Hexaghost","ascension_level":4}