{"gold_per_floor":[16,16,16,26,39,69,34,34,58,76,101,119,119,146,146,224,224,241,256,256,272,291,291,321,321,321,321,321,350,350,350,350,428,428,447,447,457,471,571,604,604,629,629,629,629,629,323,369,369,369,369,369,369,69,97,97],"floor_reached":57,"playtime":3926,"items_purged":["Writhe"],"score":2703,"play_id":"c4a66386-da40-4c97-b9ed-163ffdf63fbb","local_time":"20190706183128","is_ascension_mode":true,"campfire_choices":[{"data":"Dash","floor":8.0,"key":"SMITH"},{"data":"Crippling Poison","floor":13.0,"key":"SMITH"},{"data":"Wraith Form v2","floor":15.0,"key":"SMITH"},{"data":"Burst","floor":23.0,"key":"SMITH"},{"data":"Bouncing Flask","floor":25.0,"key":"SMITH"},{"floor":27.0,"key":"REST"},{"floor":32.0,"key":"REST"},{"floor":41.0,"key":"REST"},{"floor":44.0,"key":"REST"},{"floor":49.0,"key":"RECALL"},{"floor":53,"key":"REST"}],"neow_cost":"NO_GOLD","seed_source_timestamp":0,"circlet_count":0,"master_deck":["AscendersBane","Defend_G","Defend_G","Defend_G","Defend_G","Survivor","Neutralize+1","Dash+1","Endless Agony","Quick Slash","Crippling Poison+1","Wraith Form v2+1","Burst+1","Backflip+1","Dagger Throw","Bouncing Flask+1","Deflect+1","Crippling Poison","Outmaneuver","Doppelganger","Reflex","Caltrops","Bullet Time","Deflect+1","Setup+1","Setup+1","Bouncing Flask","Dodge and Roll+1","Quick Slash+1","Acrobatics","Cloak And Dagger+1","Caltrops","Dark Shackles","Dark Shackles","Sucker Punch+1","Acrobatics","Blur","Caltrops","Footwork","Well Laid Plans+1","Finesse","Flying Knee+1"],"special_seed":0,"relics":["Ring of the Snake","PreservedInsect","Pear","Juzu Bracelet","Mango","Paper Crane","Sozu","Bag of Marbles","The Courier","Mummified Hand","Matryoshka","Astrolabe","Molten Egg 2","Letter Opener","The Specimen","Bag of Preparation","Art of War","Regal Pillow","Prayer Wheel","Ornamental Fan","Kunai"],"potions_floor_usage":[56],"damage_taken":[{"damage":3.0,"enemies":"Small Slimes","floor":1.0,"turns":5.0},{"damage":0.0,"enemies":"Cultist","floor":4.0,"turns":3.0},{"damage":0.0,"enemies":"2 Louse","floor":5.0,"turns":2.0},{"damage":24.0,"enemies":"Gremlin Nob","floor":6.0,"turns":4.0},{"damage":0.0,"enemies":"2 Fungi Beasts","floor":10.0,"turns":2.0},{"damage":17.0,"enemies":"3 Sentries","floor":11.0,"turns":8.0},{"damage":0.0,"enemies":"Exordium Wildlife","floor":12.0,"turns":3.0},{"damage":3.0,"enemies":"Gremlin Nob","floor":14.0,"turns":3.0},{"damage":66.0,"enemies":"Slime Boss","floor":16.0,"turns":13.0},{"damage":18.0,"enemies":"Spheric Guardian","floor":18.0,"turns":8.0},{"damage":4.0,"enemies":"2 Thieves","floor":19.0,"turns":3.0},{"damage":2.0,"enemies":"Centurion and Healer","floor":21.0,"turns":8.0},{"damage":3.0,"enemies":"Snake Plant","floor":22.0,"turns":5.0},{"damage":17.0,"enemies":"Book of Stabbing","floor":24.0,"turns":5.0},{"damage":22.0,"enemies":"Gremlin Leader","floor":29.0,"turns":5.0},{"damage":27.0,"enemies":"Collector","floor":33.0,"turns":9.0},{"damage":21.0,"enemies":"3 Darklings","floor":35.0,"turns":4.0},{"damage":14.0,"enemies":"3 Shapes","floor":37.0,"turns":4.0},{"damage":5.0,"enemies":"3 Darklings","floor":38.0,"turns":5.0},{"damage":3.0,"enemies":"Mind Bloom Boss Battle","floor":39.0,"turns":8.0},{"damage":7.0,"enemies":"Nemesis","floor":40.0,"turns":9.0},{"damage":37.0,"enemies":"Reptomancer","floor":42.0,"turns":5.0},{"damage":29.0,"enemies":"2 Orb Walkers","floor":48.0,"turns":5.0},{"damage":16.0,"enemies":"Donu and Deca","floor":50.0,"turns":12.0},{"damage":14,"enemies":"Time Eater","floor":51,"turns":14},{"damage":37,"enemies":"Shield and Spear","floor":55,"turns":6},{"damage":62,"enemies":"The Heart","floor":56,"turns":12}],"seed_played":"908556972219022","potions_obtained":[{"floor":1.0,"key":"Swift Potion"},{"floor":6.0,"key":"LiquidBronze"},{"floor":12.0,"key":"SkillPotion"},{"floor":16.0,"key":"Weak Potion"}],"is_trial":false,"path_per_floor":["M","?","?","M","M","E","?","R","T","M","E","M","R","E","R","B",null,"M","M","?","M","M","R","E","R","T","R","?","E","?","?","R","B",null,"M","T","M","M","?","E","R","E","T","R","?","?","$","?","R","B","B",null,"R","$","E","B",null],"character_chosen":"THE_SILENT","items_purchased":["Sucker Punch+1","Acrobatics","Blur","Caltrops","Footwork","Ornamental Fan","Finesse"],"campfire_rested":5,"item_purchase_floors":[47,47,47,47,47,54,54],"current_hp_per_floor":[68,68,68,68,68,54,76,76,76,76,73,73,73,70,70,4,78,60,56,56,54,51,51,34,34,34,64,64,42,42,42,72,45,88,67,67,53,48,45,38,68,31,31,76,66,66,66,37,37,21,7,78,102,102,65,3],"gold":97,"neow_bonus":"TWENTY_PERCENT_HP_BONUS","is_prod":false,"is_daily":false,"chose_seed":false,"campfire_upgraded":5,"win_rate":0,"timestamp":1562452288,"path_taken":["M","?","?","M","?","E","?","R","T","M","E","M","R","E","R","BOSS","M","M","?","M","M","R","E","R","T","R","?","E","?","?","R","BOSS","M","?","M","M","?","E","R","E","T","R","?","?","$","?","R","BOSS","BOSS","R","$","E","BOSS"],"build_version":"2019-06-30","purchased_purges":1,"victory":true,"max_hp_per_floor":[78,78,78,78,78,88,88,88,88,88,102,102,102,102,102,102,102,102,102,102,102,102,102,102,102,102,102,102,102,102,102,102,102,102,102,102,102,102,102,102,102,102,102,102,102,102,102,102,102,102,102,102,102,102,102,102],"card_choices":[{"not_picked":["Deflect","Dagger Throw"],"picked":"Dash","floor":1.0},{"not_picked":["Catalyst","Outmaneuver"],"picked":"Endless Agony","floor":4.0},{"not_picked":["Tactician","Underhanded Strike"],"picked":"All Out Attack","floor":5.0},{"not_picked":["Distraction","Deflect"],"picked":"Quick Slash","floor":6.0},{"not_picked":["Sucker Punch","Prepared"],"picked":"Crippling Poison","floor":10.0},{"not_picked":["Riddle With Holes","Prepared","Choke"],"picked":"SKIP","floor":11.0},{"not_picked":["Bane","Sucker Punch","Setup"],"picked":"SKIP","floor":12.0},{"not_picked":["Leg Sweep","Quick Slash"],"picked":"Wraith Form v2","floor":14.0},{"not_picked":["Tools of the Trade","Die Die Die"],"picked":"Burst","floor":16.0},{"not_picked":["Quick Slash","Riddle With Holes"],"picked":"Backflip+1","floor":18.0},{"not_picked":["Deflect","Eviscerate+1"],"picked":"Dagger Throw","floor":19.0},{"not_picked":["Outmaneuver","Deadly Poison"],"picked":"Bouncing Flask","floor":21.0},{"not_picked":["Prepared","Slice"],"picked":"Deflect","floor":22.0},{"not_picked":["Underhanded Strike","Distraction"],"picked":"Crippling Poison","floor":24.0},{"not_picked":["Storm of Steel","Terror"],"picked":"Outmaneuver","floor":29.0},{"not_picked":["Glass Knife","Grand Finale"],"picked":"Bullet Time","floor":33.0},{"not_picked":["PiercingWail","Quick Slash"],"picked":"Bouncing Flask","floor":35.0},{"not_picked":["Flying Knee+1","Blade Dance"],"picked":"Dodge and Roll+1","floor":37.0},{"not_picked":["Quick Slash+1","Flying Knee+1","Tactician+1"],"picked":"SKIP","floor":38.0},{"not_picked":["Flying Knee+1","Tactician+1"],"picked":"Quick Slash+1","floor":38.0},{"not_picked":["All Out Attack+1","Sucker Punch+1"],"picked":"Acrobatics","floor":39.0},{"not_picked":["Underhanded Strike+1","Bullet Time"],"picked":"Cloak And Dagger+1","floor":40.0},{"not_picked":["Infinite Blades","Die Die Die+1"],"picked":"Caltrops","floor":42.0},{"not_picked":["Master of Strategy","Deep Breath"],"picked":"Dark Shackles","floor":45.0},{"not_picked":["Mind Blast+1","The Bomb"],"picked":"Dark Shackles","floor":45.0},{"not_picked":["Infinite Blades","Backflip"],"picked":"Well Laid Plans+1","floor":48.0},{"not_picked":["Corpse Explosion","Flechettes+1"],"picked":"Flying Knee+1","floor":55}],"player_experience":3166969,"relics_obtained":[{"floor":3.0,"key":"PreservedInsect"},{"floor":6.0,"key":"Pear"},{"floor":9.0,"key":"Juzu Bracelet"},{"floor":11.0,"key":"Mango"},{"floor":14.0,"key":"Paper Crane"},{"floor":24.0,"key":"The Courier"},{"floor":26.0,"key":"Mummified Hand"},{"floor":29.0,"key":"Matryoshka"},{"floor":36.0,"key":"Molten Egg 2"},{"floor":36.0,"key":"Letter Opener"},{"floor":39.0,"key":"The Specimen"},{"floor":40.0,"key":"Bag of Preparation"},{"floor":42.0,"key":"Art of War"},{"floor":43.0,"key":"Regal Pillow"},{"floor":48.0,"key":"Prayer Wheel"},{"floor":55,"key":"Kunai"}],"event_choices":[{"damage_healed":0.0,"max_hp_gain":0.0,"max_hp_loss":0.0,"gold_gain":0.0,"event_name":"Living Wall","player_choice":"Grow","floor":2.0,"gold_loss":0.0,"damage_taken":0.0,"cards_upgraded":["Neutralize"]},{"damage_healed":0.0,"max_hp_gain":0.0,"max_hp_loss":0.0,"gold_gain":0.0,"event_name":"Wheel of Change","player_choice":"Relic","floor":3.0,"gold_loss":0.0,"damage_taken":0.0},{"damage_healed":22.0,"max_hp_gain":0.0,"max_hp_loss":0.0,"gold_gain":0.0,"event_name":"The Cleric","player_choice":"Healed","floor":7.0,"gold_loss":35.0,"damage_taken":0.0},{"damage_healed":0.0,"max_hp_gain":0.0,"max_hp_loss":0.0,"gold_gain":0.0,"event_name":"The Mausoleum","player_choice":"Opened","floor":20.0,"gold_loss":0.0,"damage_taken":0.0,"relics_obtained":["Bag of Marbles"],"cards_obtained":["Writhe"]},{"damage_healed":0.0,"max_hp_gain":0.0,"max_hp_loss":0.0,"gold_gain":0.0,"event_name":"Accursed Blacksmith","player_choice":"Forge","floor":28.0,"gold_loss":0.0,"damage_taken":0.0,"cards_upgraded":["Deflect"]},{"damage_healed":0.0,"max_hp_gain":0.0,"max_hp_loss":0.0,"gold_gain":0.0,"cards_transformed":["Strike_G","Strike_G"],"event_name":"Drug Dealer","player_choice":"Became Test Subject","floor":30.0,"gold_loss":0.0,"damage_taken":0.0,"cards_obtained":["Doppelganger","Reflex"]},{"damage_healed":0.0,"max_hp_gain":0.0,"max_hp_loss":0.0,"gold_gain":0.0,"cards_transformed":["Strike_G"],"event_name":"Transmorgrifier","player_choice":"Transformed","floor":31.0,"gold_loss":0.0,"damage_taken":0.0,"cards_obtained":["Caltrops"]},{"damage_healed":0.0,"max_hp_gain":0.0,"max_hp_loss":0.0,"gold_gain":0.0,"event_name":"MindBloom","player_choice":"Fight","floor":39.0,"gold_loss":0.0,"damage_taken":0.0},{"damage_healed":0.0,"max_hp_gain":0.0,"max_hp_loss":0.0,"gold_gain":0.0,"event_name":"SensoryStone","player_choice":"Memory 3","floor":45.0,"gold_loss":0.0,"damage_taken":10.0},{"cards_removed":["All Out Attack"],"damage_healed":0.0,"max_hp_gain":0.0,"max_hp_loss":0.0,"gold_gain":0.0,"event_name":"Falling","player_choice":"Removed Attack","floor":46.0,"gold_loss":0.0,"damage_taken":0.0},{"damage_healed":0.0,"max_hp_gain":0.0,"max_hp_loss":0.0,"gold_gain":0.0,"event_name":"Mysterious Sphere","player_choice":"Fight","floor":48.0,"gold_loss":0.0,"damage_taken":0.0}],"is_beta":true,"boss_relics":[{"not_picked":["Calling Bell","Ectoplasm"],"picked":"Sozu"},{"not_picked":["Philosopher\u0027s Stone","Coffee Dripper"],"picked":"Astrolabe"}],"items_purged_floors":[47],"is_endless":false,"potions_floor_spawned":[1,6,12,16,18,22,33,38,39,40,48],"ascension_level":20}