{"gold_per_floor":[114,114,114,64,115,115,129,54,54,67,111,11,54,70,70,199,199,188,206,206,386,70,70,104,120,146,160,160,160,160,186,186,284,284,299,376,121,136,0,0,0,28,28,48,80,97,110,185,185,185],"floor_reached":51,"playtime":3405,"items_purged":["Strike_G","Defend_G","Defend_G","Writhe"],"score":786,"play_id":"49f869f7-4894-4b33-9bd4-6e1d497f1f9c","local_time":"20190114170026","is_ascension_mode":true,"campfire_choices":[{"data":"Neutralize","floor":6.0,"key":"SMITH"},{"data":"Leg Sweep","floor":15.0,"key":"SMITH"},{"data":"Envenom","floor":23.0,"key":"SMITH"},{"floor":29.0,"key":"REST"},{"floor":32.0,"key":"REST"},{"data":"Footwork","floor":40.0,"key":"SMITH"},{"floor":49,"key":"REST"}],"neow_cost":"NONE","seed_source_timestamp":0,"circlet_count":0,"master_deck":["Defend_G+1","Defend_G+1","Defend_G+1","Strike_G","Strike_G","Strike_G","Strike_G","Survivor","Neutralize+1","Quick Slash+1","Dagger Throw","Deadly Poison","Leg Sweep+1","Poisoned Stab","Envenom+1","Backflip","Bane+1","Bane+1","Footwork+1","Burst","Bouncing Flask","Envenom","Distraction+1","Sucker Punch"],"special_seed":0,"relics":["Lizard Tail","Bloody Idol","War Paint","Regal Pillow","Potion Belt","Pantograph","Velvet Choker","Pear","ClockworkSouvenir","Paper Crane","Vajra","Blue Candle","The Specimen","WristBlade","Bottled Lightning","Red Mask","Ornamental Fan","Letter Opener","Bag of Marbles"],"potions_floor_usage":[50,50,50,50],"damage_taken":[{"damage":2.0,"enemies":"2 Louse","floor":1.0,"turns":3.0},{"damage":0.0,"enemies":"Small Slimes","floor":7.0,"turns":4.0},{"damage":0.0,"enemies":"Jaw Worm","floor":10.0,"turns":3.0},{"damage":19.0,"enemies":"3 Sentries","floor":11.0,"turns":8.0},{"damage":5.0,"enemies":"Lagavulin","floor":13.0,"turns":8.0},{"damage":7.0,"enemies":"Exordium Wildlife","floor":14.0,"turns":5.0},{"damage":23.0,"enemies":"Hexaghost","floor":16.0,"turns":11.0},{"damage":6.0,"enemies":"2 Thieves","floor":18.0,"turns":4.0},{"damage":0.0,"enemies":"Chosen","floor":19.0,"turns":5.0},{"damage":37.0,"enemies":"Slavers","floor":24.0,"turns":6.0},{"damage":12.0,"enemies":"Shelled Parasite and Fungi","floor":25.0,"turns":7.0},{"damage":0.0,"enemies":"Snecko","floor":27.0,"turns":6.0},{"damage":24.0,"enemies":"Gremlin Leader","floor":31.0,"turns":9.0},{"damage":56.0,"enemies":"Champ","floor":33.0,"turns":12.0},{"damage":12.0,"enemies":"Orb Walker","floor":35.0,"turns":4.0},{"damage":4.0,"enemies":"3 Shapes","floor":38.0,"turns":6.0},{"damage":77.0,"enemies":"Reptomancer","floor":42.0,"turns":7.0},{"damage":21.0,"enemies":"Jaw Worm Horde","floor":44.0,"turns":5.0},{"damage":7.0,"enemies":"Nemesis","floor":45.0,"turns":9.0},{"damage":11.0,"enemies":"Spire Growth","floor":46.0,"turns":4.0},{"damage":10.0,"enemies":"3 Darklings","floor":47.0,"turns":5.0},{"damage":90,"enemies":"Awakened One","floor":50,"turns":14}],"seed_played":"3339370197871866323","potions_obtained":[{"floor":13.0,"key":"SkillPotion"},{"floor":14.0,"key":"GhostInAJar"},{"floor":16.0,"key":"Dexterity Potion"},{"floor":19.0,"key":"EssenceOfSteel"},{"floor":24.0,"key":"EssenceOfSteel"},{"floor":25.0,"key":"Fire Potion"},{"floor":35.0,"key":"Energy Potion"},{"floor":42.0,"key":"Dexterity Potion"},{"floor":46.0,"key":"FairyPotion"}],"is_trial":false,"path_per_floor":["M","?","?","?","T","R","M","$","T","M","E","$","E","M","R","B",null,"M","M","?","?","$","R","E","M","T","M","?","R","?","E","R","B",null,"M","T","$","M","?","R","?","E","T","M","E","M","M","?","R","B",null],"character_chosen":"THE_SILENT","items_purchased":["ClockworkSouvenir","Bouncing Flask","Caltrops"],"campfire_rested":3,"item_purchase_floors":[22,37,37],"current_hp_per_floor":[68,68,54,54,54,54,54,54,54,54,35,35,30,23,23,25,70,64,64,74,50,50,50,13,1,1,1,1,40,40,21,60,29,80,73,78,78,79,79,79,79,7,7,32,30,24,19,16,55,7],"gold":185,"neow_bonus":"BOSS_RELIC","is_prod":false,"is_daily":false,"chose_seed":false,"campfire_upgraded":4,"win_rate":0,"timestamp":1547503226,"path_taken":["M","?","?","?","?","R","M","$","T","M","E","$","E","M","R","BOSS","M","M","?","?","$","R","E","?","T","M","?","R","?","E","R","BOSS","M","?","$","M","?","R","?","E","T","M","E","M","M","?","R","BOSS"],"build_version":"2019-01-10","purchased_purges":4,"victory":true,"max_hp_per_floor":[70,70,70,70,70,70,70,70,70,70,70,70,70,70,70,70,70,70,70,80,80,80,80,80,80,80,80,80,80,80,80,80,80,80,80,80,80,80,80,80,80,80,80,80,80,80,80,80,80,80],"card_choices":[{"not_picked":["Underhanded Strike","Flechettes"],"picked":"Quick Slash","floor":1.0},{"not_picked":["Prepared","Dodge and Roll"],"picked":"Dagger Throw","floor":7.0},{"not_picked":["Outmaneuver","Prepared"],"picked":"Deadly Poison","floor":10.0},{"not_picked":["Endless Agony","Escape Plan","Cloak And Dagger"],"picked":"SKIP","floor":11.0},{"not_picked":["Backflip","Infinite Blades"],"picked":"Leg Sweep","floor":13.0},{"not_picked":["Finisher","Calculated Gamble"],"picked":"Poisoned Stab","floor":14.0},{"not_picked":["Phantasmal Killer","Glass Knife"],"picked":"Envenom","floor":16.0},{"not_picked":["Sucker Punch","Outmaneuver"],"picked":"Backflip","floor":18.0},{"not_picked":["Deflect","Acrobatics"],"picked":"Bane+1","floor":19.0},{"not_picked":["Acrobatics+1","Dagger Spray"],"picked":"Bane+1","floor":24.0},{"not_picked":["Poisoned Stab","Glass Knife","Dagger Spray+1"],"picked":"SKIP","floor":25.0},{"not_picked":["Blade Dance","Deadly Poison","Skewer"],"picked":"SKIP","floor":27.0},{"not_picked":["Deflect+1","Bane"],"picked":"Footwork","floor":31.0},{"not_picked":["Glass Knife","Wraith Form v2"],"picked":"Burst","floor":33.0},{"not_picked":["Acrobatics","Deadly Poison+1","Skewer+1"],"picked":"SKIP","floor":35.0},{"not_picked":["Deflect+1","Dagger Spray","Outmaneuver"],"picked":"SKIP","floor":38.0},{"not_picked":["Cloak And Dagger","Tactician","Bouncing Flask+1"],"picked":"SKIP","floor":42.0},{"not_picked":["Grand Finale","Dagger Throw+1","Bane"],"picked":"SKIP","floor":44.0},{"not_picked":["Bane+1","Deflect+1"],"picked":"Envenom","floor":45.0},{"not_picked":["Blur+1","Bane+1"],"picked":"Distraction+1","floor":46.0},{"not_picked":["Flying Knee+1","Outmaneuver"],"picked":"Sucker Punch","floor":47}],"player_experience":71387,"relics_obtained":[{"floor":5.0,"key":"War Paint"},{"floor":9.0,"key":"Regal Pillow"},{"floor":11.0,"key":"Potion Belt"},{"floor":13.0,"key":"Pantograph"},{"floor":24.0,"key":"Paper Crane"},{"floor":26.0,"key":"Vajra"},{"floor":31.0,"key":"The Specimen"},{"floor":36.0,"key":"Bottled Lightning"},{"floor":42.0,"key":"Ornamental Fan"},{"floor":43.0,"key":"Letter Opener"},{"floor":45.0,"key":"Bag of Marbles"}],"event_choices":[{"damage_healed":0.0,"max_hp_gain":0.0,"max_hp_loss":0.0,"gold_gain":0.0,"event_name":"Golden Idol","player_choice":"Take Wound","floor":2.0,"gold_loss":0.0,"damage_taken":0.0,"relics_obtained":["Golden Idol"],"cards_obtained":["Injury"]},{"damage_healed":0.0,"max_hp_gain":0.0,"max_hp_loss":0.0,"gold_gain":0.0,"event_name":"Shining Light","player_choice":"Entered Light","floor":3.0,"gold_loss":0.0,"damage_taken":14.0,"cards_upgraded":["Quick Slash","Defend_G"]},{"cards_removed":["Injury"],"damage_healed":0.0,"max_hp_gain":0.0,"max_hp_loss":0.0,"gold_gain":0.0,"event_name":"The Cleric","player_choice":"Card Removal","floor":4.0,"gold_loss":50.0,"damage_taken":0.0},{"damage_healed":0.0,"max_hp_gain":0.0,"max_hp_loss":0.0,"gold_gain":0.0,"event_name":"The Mausoleum","player_choice":"Opened","floor":20.0,"gold_loss":0.0,"damage_taken":0.0,"relics_obtained":["Pear"],"cards_obtained":["Writhe"]},{"damage_healed":0.0,"max_hp_gain":0.0,"max_hp_loss":0.0,"gold_gain":180.0,"event_name":"Knowing Skull","player_choice":"GOLD GOLD ","floor":21.0,"potions_obtained":[],"gold_loss":0.0,"damage_taken":24.0,"cards_obtained":[]},{"damage_healed":0.0,"max_hp_gain":0.0,"max_hp_loss":0.0,"gold_gain":0.0,"event_name":"Forgotten Altar","player_choice":"Gave Idol","floor":28.0,"relics_lost":["Golden Idol"],"gold_loss":0.0,"damage_taken":0.0,"relics_obtained":["Bloody Idol"]},{"damage_healed":0.0,"max_hp_gain":0.0,"max_hp_loss":0.0,"gold_gain":0.0,"event_name":"WeMeetAgain","player_choice":"Gave Potion","floor":30.0,"gold_loss":0.0,"damage_taken":0.0,"relics_obtained":["Blue Candle"]},{"damage_healed":0.0,"max_hp_gain":0.0,"max_hp_loss":0.0,"gold_gain":0.0,"event_name":"Tomb of Lord Red Mask","player_choice":"Paid","floor":39.0,"gold_loss":136.0,"damage_taken":0.0,"relics_obtained":["Red Mask"]},{"cards_removed":["Caltrops"],"damage_healed":0.0,"max_hp_gain":0.0,"max_hp_loss":0.0,"gold_gain":0.0,"event_name":"Falling","player_choice":"Removed Power","floor":41.0,"gold_loss":0.0,"damage_taken":0.0},{"damage_healed":0,"gold_gain":75,"player_choice":"Touch","damage_taken":8,"max_hp_gain":0,"max_hp_loss":0,"event_name":"FaceTrader","floor":48,"gold_loss":0}],"is_beta":false,"boss_relics":[{"not_picked":["Sozu","Tiny House"],"picked":"Velvet Choker"},{"not_picked":["Coffee Dripper","White Beast Statue"],"picked":"WristBlade"}],"items_purged_floors":[8,12,22,37],"is_endless":false,"potions_floor_spawned":[13,14,16,19,24,25,35,42,44,46],"ascension_level":1}