{"gold_per_floor":[115,115,115,132,132,157,157,184,211,243,243,311,311,324,324,423,423,443,493,458,238,288,288,300,300],"floor_reached":25,"playtime":801,"items_purged":["Strike_G"],"score":290,"play_id":"c1ab0f84-d01d-4ea5-9d61-8b2d5a4d8517","local_time":"20190120122024","is_ascension_mode":true,"campfire_choices":[{"data":"Terror","floor":7,"key":"SMITH"},{"data":"Poisoned Stab","floor":11,"key":"SMITH"},{"floor":13,"key":"REST"},{"floor":15,"key":"REST"},{"floor":23,"key":"REST"}],"neow_cost":"NONE","seed_source_timestamp":263687554848313,"circlet_count":0,"master_deck":["Defend_G","Defend_G","Defend_G","Defend_G","Defend_G","Strike_G","Strike_G","Strike_G","Strike_G","Survivor","Neutralize","Catalyst+1","Terror+1","Poisoned Stab+1","Noxious Fumes+1","Malaise","Footwork+1","Noxious Fumes+1","Catalyst"],"relics":["Ring of the Serpent","NeowsBlessing","SsserpentHead","Boot","Frozen Egg 2","Potion Belt","Darkstone Periapt","Lantern"],"potions_floor_usage":[8,10,16,16,19],"damage_taken":[{"damage":0,"enemies":"2 Louse","floor":1,"turns":1},{"damage":0,"enemies":"Cultist","floor":4,"turns":1},{"damage":0,"enemies":"Gremlin Nob","floor":6,"turns":1},{"damage":32,"enemies":"3 Sentries","floor":8,"turns":13},{"damage":13,"enemies":"Gremlin Nob","floor":10,"turns":5},{"damage":1,"enemies":"Jaw Worm","floor":12,"turns":2},{"damage":22,"enemies":"Exordium Wildlife","floor":14,"turns":4},{"damage":40,"enemies":"Slime Boss","floor":16,"turns":9},{"damage":21,"enemies":"Shell Parasite","floor":18,"turns":5},{"damage":28,"enemies":"Colosseum Slavers","floor":19,"turns":6},{"damage":7,"enemies":"Colosseum Nobs","floor":19,"turns":2},{"damage":12,"enemies":"3 Byrds","floor":24,"turns":5},{"damage":48,"enemies":"Slavers","floor":25,"turns":3}],"seed_played":"37115714848347307","potions_obtained":[{"floor":4,"key":"Fire Potion"},{"floor":6,"key":"GhostInAJar"},{"floor":8,"key":"SpeedPotion"},{"floor":10,"key":"Swift Potion"},{"floor":16,"key":"SmokeBomb"},{"floor":18,"key":"Weak Potion"}],"is_trial":false,"path_per_floor":["M","?","$","M","?","E","R","E","T","E","R","M","R","M","R","B",null,"M","?","?","$","?","R","M","E"],"character_chosen":"THE_SILENT","items_purchased":["Noxious Fumes+1","Catalyst","Fire Potion"],"campfire_rested":3,"item_purchase_floors":[21,21,21],"current_hp_per_floor":[70,70,70,70,70,70,70,38,38,25,25,24,45,23,44,4,70,49,14,14,14,37,58,46,0],"gold":300,"neow_bonus":"THREE_ENEMY_KILL","is_prod":false,"is_daily":false,"chose_seed":false,"campfire_upgraded":2,"win_rate":0,"timestamp":1548004824,"path_taken":["M","?","$","M","?","E","R","E","T","E","R","?","R","M","R","BOSS","M","?","?","?","?","R","M","E"],"build_version":"2019-01-17v2","purchased_purges":1,"victory":false,"max_hp_per_floor":[70,70,70,70,70,70,70,70,70,70,70,70,70,70,70,70,70,70,70,70,70,70,70,70,70],"card_choices":[{"not_picked":["Slice","Escape Plan"],"picked":"Catalyst","floor":1},{"not_picked":["Concentrate","Masterful Stab","Cloak And Dagger"],"picked":"SKIP","floor":4},{"not_picked":["Underhanded Strike","Endless Agony"],"picked":"Terror","floor":6},{"not_picked":["After Image","Quick Slash","PiercingWail"],"picked":"SKIP","floor":8},{"not_picked":["Calculated Gamble","Predator"],"picked":"Poisoned Stab","floor":10},{"not_picked":["Poisoned Stab","PiercingWail"],"picked":"Noxious Fumes+1","floor":12},{"not_picked":["Acrobatics","Flying Knee","Deflect"],"picked":"SKIP","floor":14},{"not_picked":["Venomology","After Image+1"],"picked":"Malaise","floor":16},{"not_picked":["Dagger Throw","Terror"],"picked":"Footwork+1","floor":18},{"not_picked":["Backstab+1","Dagger Throw","Prepared+1"],"picked":"SKIP","floor":24}],"player_experience":99284,"relics_obtained":[{"floor":6,"key":"Boot"},{"floor":8,"key":"Frozen Egg 2"},{"floor":9,"key":"Potion Belt"},{"floor":10,"key":"Darkstone Periapt"}],"event_choices":[{"damage_healed":0,"gold_gain":0,"player_choice":"Grow","damage_taken":0,"max_hp_gain":0,"max_hp_loss":0,"event_name":"Living Wall","floor":2,"gold_loss":0,"cards_upgraded":["Catalyst"]},{"damage_healed":0,"gold_gain":0,"player_choice":"Trade","damage_taken":0,"relics_obtained":["SsserpentHead"],"max_hp_gain":0,"max_hp_loss":0,"event_name":"FaceTrader","floor":5,"gold_loss":0},{"damage_healed":0,"gold_gain":0,"player_choice":"Fight","damage_taken":0,"max_hp_gain":0,"max_hp_loss":0,"event_name":"Colosseum","floor":19,"gold_loss":0},{"damage_healed":0,"gold_gain":0,"player_choice":"Fought Nobs","damage_taken":0,"max_hp_gain":0,"max_hp_loss":0,"event_name":"Colosseum","floor":19,"gold_loss":0},{"damage_healed":0,"gold_gain":0,"player_choice":"Obtained Relic","damage_taken":0,"relics_obtained":["Lantern"],"max_hp_gain":0,"max_hp_loss":0,"event_name":"Addict","floor":20,"gold_loss":85},{"damage_healed":23,"gold_gain":0,"player_choice":"Heal","damage_taken":0,"max_hp_gain":0,"max_hp_loss":0,"event_name":"The Library","floor":22,"gold_loss":0}],"is_beta":false,"boss_relics":[{"not_picked":["WristBlade","Fusion Hammer"],"picked":"Ring of the Serpent"}],"items_purged_floors":[21],"is_endless":false,"potions_floor_spawned":[4,6,8,10,16,18,19],"killed_by":"Slavers","ascension_level":4}