{"gold_per_floor":[109,122,134,134,134,134,160,179,179,199,199,209,244,244,244,244],"floor_reached":16,"playtime":2574,"items_purged":[],"score":112,"play_id":"a9b2b82f-5126-4f61-b65b-f98a227b7ccf","local_time":"20190325043801","is_ascension_mode":false,"campfire_choices":[{"data":"Neutralize","floor":6,"key":"SMITH"},{"floor":11,"key":"REST"},{"floor":15,"key":"REST"}],"neow_cost":"NONE","seed_source_timestamp":51050108072773,"circlet_count":0,"master_deck":["Defend_G","Defend_G","Defend_G","Defend_G","Strike_G","Strike_G","Strike_G","Strike_G","Strike_G","Survivor","Neutralize+1","Blade Dance","Deflect","PiercingWail","Quick Slash","Deflect","PiercingWail","Backstab","Quick Slash","Well Laid Plans"],"relics":["Ring of the Snake","Bag of Preparation","Ginger","Calipers"],"potions_floor_usage":[13,13],"damage_taken":[{"damage":0,"enemies":"Jaw Worm","floor":1,"turns":4},{"damage":6,"enemies":"Small Slimes","floor":2,"turns":4},{"damage":0,"enemies":"2 Louse","floor":3,"turns":2},{"damage":42,"enemies":"Lagavulin","floor":7,"turns":13},{"damage":0,"enemies":"2 Fungi Beasts","floor":8,"turns":3},{"damage":0,"enemies":"Blue Slaver","floor":10,"turns":4},{"damage":0,"enemies":"3 Louse","floor":12,"turns":3},{"damage":62,"enemies":"Gremlin Nob","floor":13,"turns":6},{"damage":37,"enemies":"The Guardian","floor":16,"turns":15}],"seed_played":"-6450503189909201285","potions_obtained":[{"floor":7,"key":"Regen Potion"},{"floor":10,"key":"Regen Potion"}],"is_trial":false,"path_per_floor":["M","M","M","?","?","R","E","M","T","M","R","M","E","T","R","B"],"character_chosen":"THE_SILENT","items_purchased":[],"campfire_rested":2,"item_purchase_floors":[],"current_hp_per_floor":[70,64,64,64,64,64,22,22,22,22,43,43,15,15,36,0],"gold":244,"neow_bonus":"THREE_CARDS","is_prod":false,"is_daily":false,"chose_seed":false,"campfire_upgraded":1,"win_rate":0,"timestamp":1553452681,"path_taken":["M","M","M","?","?","R","E","M","T","M","R","M","E","?","R","BOSS"],"build_version":"2019-01-23","purchased_purges":0,"victory":false,"max_hp_per_floor":[70,70,70,70,70,70,70,70,70,70,70,70,70,70,70,70],"card_choices":[{"not_picked":["PiercingWail","Bane"],"picked":"Blade Dance","floor":0},{"not_picked":["Backflip","Prepared"],"picked":"Deflect","floor":1},{"not_picked":["Bane","Sucker Punch"],"picked":"PiercingWail","floor":2},{"not_picked":["Poisoned Stab","Die Die Die"],"picked":"Quick Slash","floor":3},{"not_picked":["Underhanded Strike","Backflip"],"picked":"Deflect","floor":7},{"not_picked":["Flying Knee","Predator"],"picked":"PiercingWail","floor":8},{"not_picked":["Outmaneuver","Poisoned Stab"],"picked":"Backstab","floor":10},{"not_picked":["Outmaneuver","Catalyst"],"picked":"Quick Slash","floor":12},{"not_picked":["Prepared","Blade Dance"],"picked":"Well Laid Plans","floor":13}],"player_experience":116195,"relics_obtained":[{"floor":7,"key":"Bag of Preparation"},{"floor":13,"key":"Ginger"},{"floor":14,"key":"Calipers"}],"event_choices":[{"cards_removed":["Defend_G"],"damage_healed":0,"gold_gain":0,"player_choice":"Forget","damage_taken":0,"max_hp_gain":0,"max_hp_loss":0,"event_name":"Living Wall","floor":4,"gold_loss":0},{"damage_healed":0,"gold_gain":0,"player_choice":"Leave","damage_taken":0,"max_hp_gain":0,"max_hp_loss":0,"event_name":"The Cleric","floor":5,"gold_loss":0}],"is_beta":false,"boss_relics":[],"items_purged_floors":[],"is_endless":false,"potions_floor_spawned":[7,10],"killed_by":"The Guardian","ascension_level":0}