{"gold_per_floor":[216,62,62,75,25,57,57,57,57,73,73,88,103,119,119,218,218,230,247,247,4,4,4,333,333,333,379,404,434,446,491,503,620,632,658,770,794,214,234,234,252,252,252,62,72,106,106,123,123,123],"floor_reached":50,"playtime":5098,"items_purged":["Shame","Doubt"],"score":562,"play_id":"6c695618-756b-4ed7-b08b-aa54a8bba6d9","local_time":"20190325072239","is_ascension_mode":false,"campfire_choices":[{"floor":7,"key":"REST"},{"data":"Accuracy","floor":11,"key":"SMITH"},{"data":"Neutralize","floor":15,"key":"SMITH"},{"data":"Storm of Steel","floor":23,"key":"SMITH"},{"floor":25,"key":"REST"},{"floor":30,"key":"REST"},{"floor":32,"key":"RECALL"},{"floor":40,"key":"REST"},{"data":"Infinite Blades","floor":42,"key":"SMITH"},{"data":"Envenom","floor":47,"key":"SMITH"},{"floor":49,"key":"REST"}],"neow_cost":"NONE","seed_source_timestamp":58391201790542,"circlet_count":0,"master_deck":["Survivor","Neutralize+1","PiercingWail","Unload","Blade Dance","Footwork","Accuracy+1","Flying Knee","Deflect","Sucker Punch","Storm of Steel+1","Leg Sweep","Die Die Die","Distraction","Blade Dance","Leg Sweep","Footwork","Expertise","Adrenaline","All Out Attack","Blur","Dagger Throw","Flying Knee+1","Infinite Blades+1","Prepared","Outmaneuver+1","Endless Agony","Envenom+1","Expertise","Slice","Caltrops","Blur","PiercingWail+1","Bandage Up","Acrobatics+1","Burst","Infinite Blades"],"relics":["Ring of the Snake","Bag of Marbles","Strawberry","Ninja Scroll","Pandora\u0027s Box","MutagenicStrength","Matryoshka","Kunai","Old Coin","MawBank","Blood Vial","Red Mask","Cursed Key","WingedGreaves","Ornamental Fan","Letter Opener","Paper Crane","Question Card","Oddly Smooth Stone"],"potions_floor_usage":[6,16,16,27,33,33,41,50,50],"damage_taken":[{"damage":0,"enemies":"Small Slimes","floor":1,"turns":5},{"damage":0,"enemies":"2 Louse","floor":4,"turns":2},{"damage":48,"enemies":"Lagavulin","floor":6,"turns":10},{"damage":0,"enemies":"Cultist","floor":10,"turns":3},{"damage":0,"enemies":"Blue Slaver","floor":12,"turns":1},{"damage":0,"enemies":"Looter","floor":13,"turns":2},{"damage":0,"enemies":"Exordium Thugs","floor":14,"turns":3},{"damage":30,"enemies":"Hexaghost","floor":16,"turns":13},{"damage":6,"enemies":"Spheric Guardian","floor":18,"turns":4},{"damage":0,"enemies":"Chosen","floor":19,"turns":6},{"damage":25,"enemies":"Book of Stabbing","floor":24,"turns":9},{"damage":15,"enemies":"Gremlin Leader","floor":27,"turns":6},{"damage":0,"enemies":"3 Cultists","floor":28,"turns":4},{"damage":0,"enemies":"Snake Plant","floor":29,"turns":1},{"damage":0,"enemies":"Masked Bandits","floor":31,"turns":1},{"damage":40,"enemies":"Collector","floor":33,"turns":14},{"damage":0,"enemies":"3 Shapes","floor":35,"turns":3},{"damage":42,"enemies":"Mind Bloom Boss Battle","floor":36,"turns":8},{"damage":0,"enemies":"3 Darklings","floor":37,"turns":2},{"damage":0,"enemies":"Sphere and 2 Shapes","floor":39,"turns":3},{"damage":11,"enemies":"Maw","floor":41,"turns":7},{"damage":9,"enemies":"Transient","floor":45,"turns":5},{"damage":12,"enemies":"Giant Head","floor":46,"turns":8},{"damage":27,"enemies":"3 Darklings","floor":48,"turns":3},{"damage":52,"enemies":"Time Eater","floor":50,"turns":10}],"seed_played":"9192230362277405941","potions_obtained":[{"floor":1,"key":"EssenceOfSteel"},{"floor":12,"key":"Regen Potion"},{"floor":13,"key":"EssenceOfSteel"},{"floor":14,"key":"SpeedPotion"},{"floor":24,"key":"Poison Potion"},{"floor":31,"key":"GamblersBrew"},{"floor":37,"key":"GamblersBrew"},{"floor":46,"key":"FearPotion"},{"floor":48,"key":"LiquidBronze"}],"is_trial":false,"path_per_floor":["M","$","?","M","?","E","R","?","T","M","R","M","M","M","R","B",null,"M","M","?","$","?","R","E","R","T","E","M","M","R","?","R","B",null,"M","?","M","$","M","R","M","R","T","$","M","E","R","M","R","B"],"character_chosen":"THE_SILENT","items_purchased":["Unload","Matryoshka","Ornamental Fan","Letter Opener","Bandage Up"],"campfire_rested":5,"item_purchase_floors":[2,21,38,38,44],"current_hp_per_floor":[70,70,70,70,70,29,52,52,52,52,52,52,52,52,52,37,77,71,71,71,71,71,71,46,69,69,54,56,58,77,77,77,37,77,77,35,37,37,39,62,53,53,53,53,50,44,44,23,46,0],"gold":123,"neow_bonus":"HUNDRED_GOLD","is_prod":false,"is_daily":false,"chose_seed":false,"campfire_upgraded":5,"win_rate":0,"timestamp":1553462559,"path_taken":["M","$","?","M","?","E","R","?","T","?","R","M","M","M","R","BOSS","M","M","?","$","?","R","E","R","T","E","M","M","R","?","R","BOSS","M","?","M","$","M","R","M","R","T","$","M","E","R","M","R","BOSS"],"build_version":"2019-01-23","purchased_purges":2,"victory":false,"max_hp_per_floor":[70,70,70,70,70,77,77,77,77,77,77,77,77,77,77,77,77,77,77,77,77,77,77,77,77,77,77,77,77,77,77,77,77,77,77,77,77,77,77,77,77,77,77,77,77,77,77,77,77,77],"card_choices":[{"not_picked":["Crippling Poison","Outmaneuver"],"picked":"PiercingWail","floor":1},{"not_picked":["Masterful Stab","Blur"],"picked":"Blade Dance","floor":4},{"not_picked":["Bane","Sucker Punch"],"picked":"Footwork","floor":6},{"not_picked":["Cloak And Dagger","Flechettes"],"picked":"Accuracy","floor":10},{"not_picked":["Poisoned Stab","Backflip"],"picked":"Flying Knee","floor":12},{"not_picked":["Quick Slash","Dodge and Roll"],"picked":"Deflect","floor":13},{"not_picked":["PiercingWail","Heel Hook"],"picked":"Sucker Punch","floor":14},{"not_picked":["Burst","Doppelganger"],"picked":"Storm of Steel","floor":16},{"not_picked":["Prepared","Underhanded Strike"],"picked":"Blur","floor":18},{"not_picked":["Blade Dance","Backflip+1"],"picked":"Dagger Throw","floor":19},{"not_picked":["Expertise","Calculated Gamble"],"picked":"Flying Knee+1","floor":24},{"not_picked":["Endless Agony","Slice"],"picked":"Infinite Blades","floor":27},{"not_picked":["Acrobatics","Deadly Poison"],"picked":"Prepared","floor":28},{"not_picked":["Acrobatics","Dagger Spray+1"],"picked":"Outmaneuver+1","floor":29},{"not_picked":["Doppelganger","Flying Knee"],"picked":"Endless Agony","floor":31},{"not_picked":["Malaise","After Image"],"picked":"Envenom","floor":33},{"not_picked":["Underhanded Strike","Dodge and Roll"],"picked":"Expertise","floor":35},{"not_picked":["Expertise+1","Footwork+1"],"picked":"Slice","floor":36},{"not_picked":["Catalyst","Dash+1"],"picked":"Caltrops","floor":37},{"not_picked":["Reflex","Outmaneuver"],"picked":"Blur","floor":39},{"not_picked":["Poisoned Stab+1","Bouncing Flask+1"],"picked":"PiercingWail+1","floor":41},{"not_picked":["Skewer","Caltrops","Riddle With Holes"],"picked":"Acrobatics+1","floor":45},{"not_picked":["Night Terror","Bane","Blur+1"],"picked":"Burst","floor":46},{"not_picked":["Poisoned Stab","Accuracy","Outmaneuver+1"],"picked":"Infinite Blades","floor":48}],"player_experience":123476,"relics_obtained":[{"floor":6,"key":"Strawberry"},{"floor":9,"key":"Ninja Scroll"},{"floor":24,"key":"Old Coin"},{"floor":26,"key":"MawBank"},{"floor":27,"key":"Blood Vial"},{"floor":31,"key":"Red Mask"},{"floor":36,"key":"WingedGreaves"},{"floor":43,"key":"Paper Crane"},{"floor":43,"key":"Question Card"},{"floor":46,"key":"Oddly Smooth Stone"}],"event_choices":[{"damage_healed":0,"gold_gain":0,"player_choice":"Box","damage_taken":0,"relics_obtained":["Bag of Marbles"],"max_hp_gain":0,"max_hp_loss":0,"event_name":"Big Fish","floor":3,"gold_loss":0,"cards_obtained":["Regret"]},{"cards_removed":["Regret"],"damage_healed":0,"gold_gain":0,"player_choice":"Card Removal","damage_taken":0,"max_hp_gain":0,"max_hp_loss":0,"event_name":"The Cleric","floor":5,"gold_loss":50},{"cards_removed":["Defend_G"],"damage_healed":0,"gold_gain":0,"player_choice":"Offered Basic","damage_taken":0,"max_hp_gain":0,"max_hp_loss":0,"event_name":"Bonfire Elementals","floor":8,"gold_loss":0},{"damage_healed":0,"gold_gain":0,"player_choice":"Inject Mutagens","damage_taken":0,"relics_obtained":["MutagenicStrength"],"max_hp_gain":0,"max_hp_loss":0,"event_name":"Drug Dealer","floor":20,"gold_loss":0},{"damage_healed":0,"gold_gain":0,"player_choice":"Stole Relic","damage_taken":0,"relics_obtained":["Kunai"],"max_hp_gain":0,"max_hp_loss":0,"event_name":"Addict","floor":22,"gold_loss":0,"cards_obtained":["Shame"]},{"damage_healed":0,"gold_gain":0,"player_choice":"Fought Bandits","damage_taken":0,"max_hp_gain":0,"max_hp_loss":0,"event_name":"Masked Bandits","floor":31,"gold_loss":0},{"damage_healed":0,"gold_gain":0,"player_choice":"Fight","damage_taken":0,"max_hp_gain":0,"max_hp_loss":0,"event_name":"MindBloom","floor":36,"gold_loss":0}],"is_beta":false,"boss_relics":[{"not_picked":["Runic Dome","Coffee Dripper"],"picked":"Pandora\u0027s Box"},{"not_picked":["Fusion Hammer","Runic Pyramid"],"picked":"Cursed Key"}],"items_purged_floors":[38,44],"is_endless":false,"potions_floor_spawned":[1,12,13,14,24,31,37,46,48],"killed_by":"Time Eater","ascension_level":0}