{"gold_per_floor":[116,134,146,160,160,160,173,208,508,519,8,8,8,24,24,123,123,133,146,146,191,191,191,209,209,209,238,14,32,32,46,46,147,147,161,176,176],"floor_reached":37,"playtime":1624,"items_purged":["Strike_B"],"score":715,"play_id":"17c9b30d-4652-4249-b232-37531afbe7c5","local_time":"20190609041913","is_ascension_mode":true,"campfire_choices":[{"data":"Dualcast","floor":6,"key":"SMITH"},{"floor":13,"key":"REST"},{"data":"White Noise","floor":15,"key":"SMITH"},{"floor":23,"key":"REST"},{"data":"Seek","floor":25,"key":"SMITH"},{"floor":32,"key":"REST"}],"neow_cost":"NONE","seed_source_timestamp":8704962025663,"circlet_count":0,"master_deck":["AscendersBane","Strike_B","Strike_B","Strike_B","Defend_B","Defend_B","Defend_B","Defend_B","Zap+1","Dualcast+1","Ball Lightning","White Noise+1","Streamline","Sweeping Beam","Leap","Cold Snap","Echo Form","Seek+1","Cold Snap+1","Stack","Coolheaded+1","Defragment","Coolheaded+1","Double Energy","Biased Cognition","Sunder+1"],"relics":["Cracked Core","Blood Vial","Old Coin","Cables","Strawberry","Velvet Choker","Letter Opener","Ancient Tea Set","Pear","Mango","War Paint","Cursed Key"],"potions_floor_usage":[8,8,16,33,33,33,37],"damage_taken":[{"damage":6,"enemies":"Cultist","floor":1,"turns":4},{"damage":10,"enemies":"Small Slimes","floor":2,"turns":3},{"damage":9,"enemies":"2 Louse","floor":3,"turns":3},{"damage":14,"enemies":"Exordium Thugs","floor":4,"turns":5},{"damage":1,"enemies":"2 Fungi Beasts","floor":7,"turns":2},{"damage":34,"enemies":"Lagavulin","floor":8,"turns":9},{"damage":12,"enemies":"Looter","floor":10,"turns":3},{"damage":8,"enemies":"Blue Slaver","floor":14,"turns":2},{"damage":0,"enemies":"Slime Boss","floor":16,"turns":7},{"damage":14,"enemies":"Shell Parasite","floor":18,"turns":4},{"damage":32,"enemies":"2 Thieves","floor":19,"turns":5},{"damage":21,"enemies":"Sentry and Sphere","floor":24,"turns":6},{"damage":37,"enemies":"Book of Stabbing","floor":27,"turns":5},{"damage":7,"enemies":"Snecko","floor":29,"turns":5},{"damage":15,"enemies":"Snake Plant","floor":31,"turns":5},{"damage":45,"enemies":"Collector","floor":33,"turns":17},{"damage":15,"enemies":"3 Shapes","floor":35,"turns":3},{"damage":53,"enemies":"3 Darklings","floor":36,"turns":8},{"damage":25,"enemies":"Jaw Worm Horde","floor":37,"turns":2}],"seed_played":"8993222362535009677","potions_obtained":[{"floor":3,"key":"SteroidPotion"},{"floor":4,"key":"SkillPotion"},{"floor":7,"key":"Dexterity Potion"},{"floor":19,"key":"Ancient Potion"},{"floor":27,"key":"SpeedPotion"},{"floor":33,"key":"PowerPotion"},{"floor":35,"key":"Fruit Juice"}],"is_trial":false,"path_per_floor":["M","M","M","M","?","R","M","E","T","M","$","?","R","M","R","B",null,"M","M","?","T","?","R","M","R","T","E","$","M","$","M","R","B",null,"M","M","M"],"character_chosen":"DEFECT","items_purchased":["Cables","Strawberry","Fire Potion","Defragment","War Paint"],"campfire_rested":3,"item_purchase_floors":[11,11,11,28,28],"current_hp_per_floor":[69,59,50,36,63,63,62,28,28,18,25,25,51,45,45,47,79,67,37,37,37,37,63,44,44,54,33,33,28,28,15,48,5,86,73,22,0],"gold":176,"neow_bonus":"TEN_PERCENT_HP_BONUS","is_prod":false,"is_daily":false,"chose_seed":false,"campfire_upgraded":3,"win_rate":0,"timestamp":1560017953,"path_taken":["M","?","M","M","?","R","M","E","T","M","$","?","R","M","R","BOSS","M","M","?","?","?","R","M","R","T","E","$","M","?","?","R","BOSS","M","M","M"],"build_version":"2019-01-23","purchased_purges":1,"victory":false,"max_hp_per_floor":[82,82,82,82,82,82,82,82,82,82,89,89,89,89,89,89,89,89,89,89,89,89,89,89,89,99,113,113,113,113,113,113,113,113,113,113,113],"card_choices":[{"not_picked":["Coolheaded","Tempest"],"picked":"Ball Lightning","floor":1},{"not_picked":["Beam Cell","Steam"],"picked":"White Noise","floor":2},{"not_picked":["Stack","Rebound"],"picked":"Streamline","floor":3},{"not_picked":["Hologram","Streamline"],"picked":"Sweeping Beam","floor":4},{"not_picked":["Capacitor","Chill"],"picked":"Leap","floor":7},{"not_picked":["Steam","Sweeping Beam","Leap"],"picked":"SKIP","floor":8},{"not_picked":["Force Field","Hologram"],"picked":"Cold Snap","floor":10},{"not_picked":["Chill","Undo"],"picked":"Echo Form","floor":14},{"not_picked":["All For One","Meteor Strike"],"picked":"Seek","floor":16},{"not_picked":["Gash+1","Hologram"],"picked":"Cold Snap+1","floor":18},{"not_picked":["Sweeping Beam","Hello World","Auto Shields"],"picked":"SKIP","floor":19},{"not_picked":["Hello World","Melter"],"picked":"Stack","floor":24},{"not_picked":["Redo","Streamline"],"picked":"Coolheaded","floor":27},{"not_picked":["Melter","Sweeping Beam"],"picked":"Coolheaded+1","floor":29},{"not_picked":["Ball Lightning","Coolheaded"],"picked":"Double Energy","floor":31},{"not_picked":["Seek","Echo Form"],"picked":"Biased Cognition","floor":33},{"not_picked":["Coolheaded+1","Ball Lightning","Barrage+1"],"picked":"SKIP","floor":35},{"not_picked":["Redo","Steam+1"],"picked":"Sunder+1","floor":36}],"player_experience":842032,"relics_obtained":[{"floor":8,"key":"Blood Vial"},{"floor":9,"key":"Old Coin"},{"floor":21,"key":"Ancient Tea Set"},{"floor":26,"key":"Pear"},{"floor":27,"key":"Mango"}],"event_choices":[{"damage_healed":27,"gold_gain":0,"player_choice":"Banana","damage_taken":0,"max_hp_gain":0,"max_hp_loss":0,"event_name":"Big Fish","floor":5,"gold_loss":0},{"damage_healed":0,"gold_gain":0,"player_choice":"Leave","damage_taken":0,"max_hp_gain":0,"max_hp_loss":0,"event_name":"The Cleric","floor":12,"gold_loss":0},{"damage_healed":0,"gold_gain":0,"player_choice":"Opened","damage_taken":0,"relics_obtained":["Letter Opener"],"max_hp_gain":0,"max_hp_loss":0,"event_name":"The Mausoleum","floor":20,"gold_loss":0},{"damage_healed":0,"gold_gain":0,"player_choice":"Ignored","damage_taken":0,"max_hp_gain":0,"max_hp_loss":0,"event_name":"Ghosts","floor":22,"gold_loss":0}],"is_beta":false,"boss_relics":[{"not_picked":["Coffee Dripper","Runic Dome"],"picked":"Velvet Choker"},{"not_picked":["Snecko Eye","Astrolabe"],"picked":"Cursed Key"}],"items_purged_floors":[11],"is_endless":false,"potions_floor_spawned":[3,4,7,19,27,31,33,35],"killed_by":"Jaw Worm Horde","ascension_level":10}