{"gold_per_floor":[116,66,83,8,18,18,34,69,92,107,118,135,151,151,151,251,251,241,255,269,287,287],"floor_reached":22,"playtime":1995,"items_purged":["Defend_R"],"score":194,"play_id":"2cde10e1-cab7-4949-b8de-9537e80b31d5","local_time":"20190709112057","is_ascension_mode":false,"campfire_choices":[{"data":"Armaments","floor":6,"key":"SMITH"},{"data":"Barricade","floor":15,"key":"SMITH"}],"neow_cost":"NONE","seed_source_timestamp":474197053608,"circlet_count":0,"master_deck":["Strike_R","Strike_R","Strike_R","Strike_R","Strike_R","Defend_R","Defend_R","Bash","Armaments+1","Hemokinesis","Rage","Barricade+1","Thunderclap","Hemokinesis","Perfected Strike","Rupture","Rupture","Double Tap","Infernal Blade+1"],"relics":["Black Blood","Lantern","Anchor","Ancient Tea Set"],"potions_floor_usage":[16,19,20],"damage_taken":[{"damage":2,"enemies":"Small Slimes","floor":1,"turns":4},{"damage":3,"enemies":"Jaw Worm","floor":3,"turns":4},{"damage":4,"enemies":"Cultist","floor":5,"turns":3},{"damage":12,"enemies":"3 Louse","floor":7,"turns":3},{"damage":29,"enemies":"Gremlin Nob","floor":8,"turns":4},{"damage":2,"enemies":"Exordium Wildlife","floor":10,"turns":3},{"damage":3,"enemies":"Gremlin Gang","floor":11,"turns":4},{"damage":0,"enemies":"3 Louse","floor":12,"turns":2},{"damage":7,"enemies":"Lots of Slimes","floor":13,"turns":3},{"damage":58,"enemies":"Hexaghost","floor":16,"turns":6},{"damage":20,"enemies":"2 Thieves","floor":18,"turns":4},{"damage":16,"enemies":"3 Byrds","floor":19,"turns":8},{"damage":6,"enemies":"Snecko","floor":20,"turns":3},{"damage":42,"enemies":"Centurion and Healer","floor":21,"turns":5},{"damage":45,"enemies":"Snake Plant","floor":22,"turns":4}],"seed_played":"7145320189869526957","potions_obtained":[{"floor":1,"key":"Poison Potion"},{"floor":8,"key":"EssenceOfSteel"},{"floor":10,"key":"LiquidBronze"},{"floor":13,"key":"FearPotion"},{"floor":16,"key":"Dexterity Potion"},{"floor":19,"key":"Energy Potion"}],"is_trial":false,"path_per_floor":["M","?","M","$","M","R","M","E","T","M","M","M","M","?","R","B",null,"M","M","M","M","M"],"character_chosen":"IRONCLAD","items_purchased":[],"campfire_rested":0,"item_purchase_floors":[],"current_hp_per_floor":[88,88,88,88,88,88,82,59,59,63,66,72,71,71,71,19,88,78,72,76,44,0],"gold":287,"neow_bonus":"TEN_PERCENT_HP_BONUS","is_prod":false,"is_daily":false,"chose_seed":false,"campfire_upgraded":2,"win_rate":0.0,"timestamp":1562664057,"path_taken":["M","?","M","$","M","R","M","E","T","M","M","M","M","?","R","BOSS","M","M","M","M","M"],"build_version":"2019-07-05","purchased_purges":1,"victory":false,"max_hp_per_floor":[88,88,88,88,88,88,88,88,88,88,88,88,88,88,88,88,88,88,88,88,88,88],"card_choices":[{"not_picked":["Clash","Cleave"],"picked":"Armaments","floor":1},{"not_picked":["Flex","Power Through"],"picked":"Hemokinesis","floor":3},{"not_picked":["True Grit","Anger"],"picked":"Rage","floor":5},{"not_picked":["Armaments","Reckless Charge"],"picked":"Barricade","floor":7},{"not_picked":["Wild Strike","Feel No Pain"],"picked":"Thunderclap","floor":8},{"not_picked":["Heavy Blade","Searing Blow"],"picked":"Hemokinesis","floor":10},{"not_picked":["Warcry","Burning Pact"],"picked":"Perfected Strike","floor":11},{"not_picked":["Iron Wave","True Grit"],"picked":"Rupture","floor":12},{"not_picked":["Sentinel","Iron Wave"],"picked":"Rupture","floor":13},{"not_picked":["Brutality","Fiend Fire"],"picked":"Double Tap","floor":16},{"not_picked":["Body Slam","Cleave+1"],"picked":"Infernal Blade+1","floor":18},{"not_picked":["Corruption","Flex","Havoc"],"picked":"SKIP","floor":19},{"not_picked":["Burning Pact","Twin Strike+1","Headbutt"],"picked":"SKIP","floor":20},{"not_picked":["Twin Strike+1","True Grit","Burning Pact"],"picked":"SKIP","floor":21}],"player_experience":48464,"relics_obtained":[{"floor":8,"key":"Lantern"},{"floor":9,"key":"Anchor"}],"event_choices":[{"cards_removed":["Defend_R"],"damage_healed":0,"gold_gain":0,"player_choice":"Card Removal","damage_taken":0,"max_hp_gain":0,"max_hp_loss":0,"event_name":"The Cleric","floor":2,"gold_loss":50},{"damage_healed":0,"gold_gain":0,"player_choice":"Searched \u00272\u0027 times","damage_taken":0,"relics_obtained":["Ancient Tea Set"],"max_hp_gain":0,"max_hp_loss":0,"event_name":"Dead Adventurer","floor":14,"gold_loss":0}],"is_beta":false,"boss_relics":[{"not_picked":["Orrery","Runic Cube"],"picked":"Black Blood"}],"items_purged_floors":[4],"is_endless":false,"potions_floor_spawned":[1,8,10,13,16,19],"killed_by":"Snake Plant","ascension_level":0}