{"gold_per_floor":[109,124,124,199,374,404,404,424,424,424,463,156,169,30,30,30],"floor_reached":16,"playtime":817,"items_purged":["Doubt","Strike_B"],"score":186,"play_id":"db41147f-55fc-45f8-9a6f-23ab4bd6a680","local_time":"20190316001027","is_ascension_mode":true,"campfire_choices":[{"floor":7,"key":"REST"},{"data":"Blizzard","floor":15,"key":"SMITH"}],"neow_cost":"NONE","seed_source_timestamp":258330999910710,"circlet_count":0,"master_deck":["Strike_B","Strike_B","Defend_B","Defend_B","Defend_B","Defend_B","Zap","Dualcast","Seek","Blizzard","Cold Snap","Blizzard+1"],"relics":["Cracked Core","NeowsBlessing","Bottled Lightning","Orichalcum","Golden Idol","Pen Nib","Lee\u0027s Waffle"],"potions_floor_usage":[16,16],"damage_taken":[{"damage":0,"enemies":"2 Louse","floor":1,"turns":1},{"damage":0,"enemies":"Small Slimes","floor":2,"turns":1},{"damage":0,"enemies":"Lagavulin","floor":6,"turns":1},{"damage":0,"enemies":"Cultist","floor":8,"turns":3},{"damage":41,"enemies":"3 Sentries","floor":11,"turns":10},{"damage":7,"enemies":"Blue Slaver","floor":13,"turns":4},{"damage":76,"enemies":"Slime Boss","floor":16,"turns":8}],"seed_played":"6678719297693472725","potions_obtained":[{"floor":8,"key":"Energy Potion"},{"floor":11,"key":"Strength Potion"},{"floor":13,"key":"PowerPotion"}],"is_trial":false,"path_per_floor":["M","M","?","?","?","E","R","M","T","?","E","$","M","$","R","B"],"character_chosen":"DEFECT","items_purchased":["Lee\u0027s Waffle","Cold Snap","Blizzard"],"campfire_rested":1,"item_purchase_floors":[12,12,14],"current_hp_per_floor":[68,68,68,57,57,57,75,75,75,69,28,76,69,69,69,0],"gold":30,"neow_bonus":"THREE_ENEMY_KILL","is_prod":false,"is_daily":false,"chose_seed":false,"campfire_upgraded":1,"win_rate":0,"timestamp":1552713027,"path_taken":["M","M","?","?","?","E","R","M","T","?","E","$","M","?","R","BOSS"],"build_version":"2019-01-23","purchased_purges":2,"victory":false,"max_hp_per_floor":[75,75,75,75,75,75,75,75,75,69,69,76,76,76,76,76],"card_choices":[{"not_picked":["Coolheaded","Compile Driver","Redo"],"picked":"SKIP","floor":1},{"not_picked":["Storm","Streamline","Leap"],"picked":"SKIP","floor":2},{"not_picked":["Hologram","Reboot"],"picked":"Seek","floor":6},{"not_picked":["Conserve Battery","Hologram","Stack"],"picked":"SKIP","floor":8},{"not_picked":["Stack","Seek"],"picked":"Blizzard","floor":11},{"not_picked":["Auto Shields","Streamline","Melter"],"picked":"SKIP","floor":13}],"player_experience":469757,"relics_obtained":[{"floor":6,"key":"Bottled Lightning"},{"floor":9,"key":"Orichalcum"},{"floor":11,"key":"Pen Nib"}],"event_choices":[{"cards_removed":["Strike_B"],"damage_healed":0,"gold_gain":0,"player_choice":"Forget","damage_taken":0,"max_hp_gain":0,"max_hp_loss":0,"event_name":"Living Wall","floor":3,"gold_loss":0},{"damage_healed":0,"gold_gain":75,"player_choice":"Gather Gold","damage_taken":11,"max_hp_gain":0,"max_hp_loss":0,"event_name":"World of Goop","floor":4,"gold_loss":0},{"damage_healed":0,"gold_gain":175,"player_choice":"AGREE","damage_taken":0,"max_hp_gain":0,"max_hp_loss":0,"event_name":"Liars Game","floor":5,"gold_loss":0,"cards_obtained":["Doubt"]},{"damage_healed":0,"gold_gain":0,"player_choice":"Lose Max HP","damage_taken":0,"relics_obtained":["Golden Idol"],"max_hp_gain":0,"max_hp_loss":6,"event_name":"Golden Idol","floor":10,"gold_loss":0}],"is_beta":false,"boss_relics":[],"items_purged_floors":[12,14],"is_endless":false,"potions_floor_spawned":[8,11,13],"killed_by":"Slime Boss","ascension_level":8}