{"gold_per_floor":[119,119,133,147,159,159,63,63,63,63,95,95,95,107,107,204,204,220,220,232,332,343,343,371,371,397,419,431,3,31,41,41,144,144,159,174,274,292,3,34,34,68,68,81,100,119,164,18,18,18],"floor_reached":51,"playtime":2804,"items_purged":["Strike_R"],"score":1158,"play_id":"e402190e-b82a-4ed5-87dc-cb731c2e375c","local_time":"20190607090603","is_ascension_mode":true,"campfire_choices":[{"data":"Clothesline","floor":6,"key":"SMITH"},{"data":"Battle Trance","floor":8,"key":"SMITH"},{"floor":15,"key":"REST"},{"floor":23,"key":"REST"},{"floor":25,"key":"REST"},{"floor":28,"key":"REST"},{"floor":32,"key":"REST"},{"floor":41,"key":"REST"},{"data":"1","floor":49,"key":"LIFT"}],"neow_cost":"NONE","seed_source_timestamp":48509378990030,"circlet_count":0,"master_deck":["AscendersBane","Defend_R","Defend_R","Defend_R+1","Defend_R","Bash","Power Through","Power Through+1","Warcry","Clothesline+1","Battle Trance+1","Twin Strike","Spot Weakness+1","Pommel Strike","Double Tap","Feel No Pain","Rampage","Sword Boomerang","Armaments+1","Shrug It Off+1","Heavy Blade","Body Slam+1","Battle Trance+1","Impervious","Anger+1","Armaments+1","Feel No Pain+1","Shockwave","Body Slam+1","Cleave","Intimidate","Sentinel+1","Evolve","Dual Wield+1","Iron Wave+1","Panacea"],"relics":["Burning Blood","Dodecahedron","Sundial","Meat on the Bone","Fusion Hammer","Nilry\u0027s Codex","Pear","Incense Burner","Ancient Tea Set","MawBank","Pen Nib","Blood Vial","Ice Cream","Astrolabe","Nunchaku","Kunai","Pocketwatch","Bronze Scales","Blue Candle","Girya"],"potions_floor_usage":[16,21,24,33,33,35,44,47,47,50,50,50],"damage_taken":[{"damage":7,"enemies":"Small Slimes","floor":1,"turns":3},{"damage":1,"enemies":"Cultist","floor":3,"turns":5},{"damage":5,"enemies":"Jaw Worm","floor":4,"turns":5},{"damage":12,"enemies":"2 Fungi Beasts","floor":5,"turns":6},{"damage":42,"enemies":"Gremlin Nob","floor":11,"turns":5},{"damage":0,"enemies":"Large Slime","floor":14,"turns":5},{"damage":54,"enemies":"Hexaghost","floor":16,"turns":12},{"damage":19,"enemies":"Shell Parasite","floor":18,"turns":4},{"damage":0,"enemies":"Spheric Guardian","floor":20,"turns":4},{"damage":22,"enemies":"Colosseum Slavers","floor":21,"turns":4},{"damage":13,"enemies":"Colosseum Nobs","floor":21,"turns":6},{"damage":24,"enemies":"Centurion and Healer","floor":22,"turns":6},{"damage":44,"enemies":"Gremlin Leader","floor":24,"turns":7},{"damage":22,"enemies":"3 Cultists","floor":27,"turns":5},{"damage":30,"enemies":"Book of Stabbing","floor":30,"turns":5},{"damage":13,"enemies":"Snake Plant","floor":31,"turns":4},{"damage":16,"enemies":"Champ","floor":33,"turns":12},{"damage":15,"enemies":"3 Shapes","floor":35,"turns":6},{"damage":13,"enemies":"3 Darklings","floor":36,"turns":5},{"damage":23,"enemies":"Mind Bloom Boss Battle","floor":37,"turns":4},{"damage":12,"enemies":"Jaw Worm Horde","floor":38,"turns":4},{"damage":10,"enemies":"Giant Head","floor":40,"turns":8},{"damage":34,"enemies":"Nemesis","floor":42,"turns":7},{"damage":4,"enemies":"Transient","floor":44,"turns":5},{"damage":20,"enemies":"Writhing Mass","floor":45,"turns":7},{"damage":6,"enemies":"Maw","floor":46,"turns":9},{"damage":17,"enemies":"2 Orb Walkers","floor":47,"turns":4},{"damage":52,"enemies":"Awakened One","floor":50,"turns":10}],"seed_played":"1067432655487672059","potions_obtained":[{"floor":1,"key":"SpeedPotion"},{"floor":11,"key":"BloodPotion"},{"floor":14,"key":"Explosive Potion"},{"floor":16,"key":"LiquidBronze"},{"floor":22,"key":"Block Potion"},{"floor":27,"key":"AttackPotion"},{"floor":33,"key":"EssenceOfSteel"},{"floor":36,"key":"FearPotion"},{"floor":45,"key":"Explosive Potion"},{"floor":47,"key":"Fire Potion"}],"is_trial":false,"path_per_floor":["M","?","M","M","M","R","$","R","T","T","E","?","?","M","R","B",null,"M","?","M","?","M","R","E","R","T","M","R","$","E","M","R","B",null,"M","M","?","M","$","E","R","E","T","M","M","M","?","$","R","B",null],"character_chosen":"IRONCLAD","items_purchased":["Battle Trance","Twin Strike","Pen Nib","Blood Vial","Fire Potion","Kunai","Fire Potion","Panacea","Strength Potion"],"campfire_rested":6,"item_purchase_floors":[7,7,29,29,29,39,39,48,48],"current_hp_per_floor":[79,79,84,85,79,79,79,79,79,79,43,43,25,43,69,41,76,63,47,53,64,58,87,61,90,90,74,98,98,74,69,98,88,96,89,84,69,65,65,63,92,66,66,70,58,60,63,63,63,31],"gold":18,"neow_bonus":"TEN_PERCENT_HP_BONUS","is_prod":false,"is_daily":false,"chose_seed":false,"campfire_upgraded":2,"win_rate":0,"timestamp":1559862363,"path_taken":["M","?","M","?","M","R","$","R","T","?","E","?","?","M","R","BOSS","M","?","M","?","M","R","E","R","T","M","R","$","E","M","R","BOSS","M","M","?","M","$","E","R","E","T","M","M","M","?","$","R","BOSS"],"build_version":"2019-01-23","purchased_purges":1,"victory":true,"max_hp_per_floor":[88,88,88,88,88,88,88,88,88,88,88,88,88,88,88,88,88,88,88,88,98,98,98,98,98,98,98,98,98,98,98,98,98,98,98,98,98,98,98,98,98,98,98,98,98,98,98,98,98,98],"card_choices":[{"not_picked":["True Grit","Shrug It Off"],"picked":"Power Through","floor":1},{"not_picked":["Dual Wield","Fire Breathing"],"picked":"Power Through","floor":3},{"not_picked":["Shrug It Off","Combust"],"picked":"Warcry","floor":4},{"not_picked":["Corruption","Fire Breathing"],"picked":"Clothesline","floor":5},{"not_picked":["Twin Strike","Havoc"],"picked":"Spot Weakness","floor":11},{"not_picked":["Sword Boomerang","Spot Weakness"],"picked":"Pommel Strike","floor":14},{"not_picked":["Juggernaut","Bludgeon"],"picked":"Double Tap","floor":16},{"not_picked":["Reckless Charge+1","Armaments"],"picked":"Feel No Pain","floor":18},{"not_picked":["Shrug It Off","Iron Wave"],"picked":"Rampage","floor":20},{"not_picked":["Flex","Perfected Strike"],"picked":"Sword Boomerang","floor":21},{"not_picked":["Dropkick","Shrug It Off"],"picked":"Armaments+1","floor":22},{"not_picked":["Havoc","Double Tap"],"picked":"Shrug It Off+1","floor":24},{"not_picked":["Feel No Pain","Shrug It Off"],"picked":"Heavy Blade","floor":27},{"not_picked":["Power Through","Combust"],"picked":"Body Slam+1","floor":30},{"not_picked":["Carnage","Twin Strike"],"picked":"Battle Trance+1","floor":31},{"not_picked":["Bludgeon","Exhume"],"picked":"Impervious","floor":33},{"not_picked":["Headbutt","Shrug It Off"],"picked":"Shockwave","floor":35},{"not_picked":["Pommel Strike","Cleave+1"],"picked":"Body Slam+1","floor":36},{"not_picked":["Iron Wave","Anger"],"picked":"Cleave","floor":37},{"not_picked":["Combust+1","Iron Wave"],"picked":"Intimidate","floor":38},{"not_picked":["Limit Break","Clash+1"],"picked":"Sentinel+1","floor":40},{"not_picked":["Thunderclap","Clash"],"picked":"Evolve","floor":42},{"not_picked":["Shockwave","Perfected Strike+1","Evolve"],"picked":"SKIP","floor":44},{"not_picked":["Hemokinesis","Twin Strike+1","Blood for Blood"],"picked":"SKIP","floor":45},{"not_picked":["Anger+1","Bloodletting+1"],"picked":"Dual Wield+1","floor":46},{"not_picked":["Anger","Feed"],"picked":"Iron Wave+1","floor":47}],"player_experience":826361,"relics_obtained":[{"floor":9,"key":"Dodecahedron"},{"floor":10,"key":"Sundial"},{"floor":11,"key":"Meat on the Bone"},{"floor":19,"key":"Nilry\u0027s Codex"},{"floor":21,"key":"Pear"},{"floor":21,"key":"Incense Burner"},{"floor":24,"key":"Ancient Tea Set"},{"floor":26,"key":"MawBank"},{"floor":30,"key":"Ice Cream"},{"floor":37,"key":"Nunchaku"},{"floor":40,"key":"Pocketwatch"},{"floor":42,"key":"Bronze Scales"},{"floor":43,"key":"Blue Candle"},{"floor":47,"key":"Girya"}],"event_choices":[{"cards_removed":["Strike_R"],"damage_healed":0,"gold_gain":0,"player_choice":"Purged","damage_taken":0,"max_hp_gain":0,"max_hp_loss":0,"event_name":"Purifier","floor":2,"gold_loss":0},{"damage_healed":0,"gold_gain":0,"player_choice":"Grow","damage_taken":0,"max_hp_gain":0,"max_hp_loss":0,"event_name":"Living Wall","floor":12,"gold_loss":0,"cards_upgraded":["Spot Weakness"]},{"damage_healed":0,"gold_gain":0,"player_choice":"Entered Light","damage_taken":18,"max_hp_gain":0,"max_hp_loss":0,"event_name":"Shining Light","floor":13,"gold_loss":0,"cards_upgraded":["Power Through","Defend_R"]},{"damage_healed":0,"gold_gain":0,"player_choice":"Obtained Book","damage_taken":16,"max_hp_gain":0,"max_hp_loss":0,"event_name":"Cursed Tome","floor":19,"gold_loss":0},{"damage_healed":0,"gold_gain":0,"player_choice":"Fight","damage_taken":0,"max_hp_gain":0,"max_hp_loss":0,"event_name":"Colosseum","floor":21,"gold_loss":0},{"damage_healed":0,"gold_gain":0,"player_choice":"Fought Nobs","damage_taken":0,"max_hp_gain":0,"max_hp_loss":0,"event_name":"Colosseum","floor":21,"gold_loss":0},{"damage_healed":0,"gold_gain":0,"player_choice":"Fight","damage_taken":0,"max_hp_gain":0,"max_hp_loss":0,"event_name":"MindBloom","floor":37,"gold_loss":0},{"damage_healed":0,"gold_gain":0,"player_choice":"Fight","damage_taken":0,"max_hp_gain":0,"max_hp_loss":0,"event_name":"Mysterious Sphere","floor":47,"gold_loss":0}],"is_beta":false,"boss_relics":[{"not_picked":["Pandora\u0027s Box","Coffee Dripper"],"picked":"Fusion Hammer"},{"not_picked":["Orrery","Runic Cube"],"picked":"Astrolabe"}],"items_purged_floors":[29],"is_endless":false,"potions_floor_spawned":[1,11,14,16,18,22,27,30,33,36,45,46,47],"ascension_level":10}