{"gold_per_floor":[116,133,133,208,218,218,14,14,38,38,51,70,89,264,264,342,342,357,371,29,40,40,40,57,89,112,112,39,53,69,104,104,177,177,189,189,209,209,224,250,250,284,284,284,315,332,332,346,346,346],"floor_reached":51,"playtime":2484,"items_purged":["Regret"],"score":1340,"play_id":"07a8a118-954c-41c8-ba90-db5694ef5779","local_time":"20190706051551","is_ascension_mode":true,"campfire_choices":[{"data":"Zap","floor":6,"key":"SMITH"},{"data":"Self Repair","floor":8,"key":"SMITH"},{"data":"Dualcast","floor":10,"key":"SMITH"},{"data":"Redo","floor":15,"key":"SMITH"},{"data":"Apotheosis","floor":23,"key":"SMITH"},{"data":"Seek","floor":27,"key":"SMITH"},{"data":"Static Discharge","floor":32,"key":"SMITH"},{"data":"Fission","floor":41,"key":"SMITH"},{"data":"Chill","floor":44,"key":"SMITH"},{"data":"Coolheaded","floor":47,"key":"SMITH"},{"data":"Defend_B","floor":49,"key":"SMITH"}],"neow_cost":"NONE","seed_source_timestamp":14383943664008,"circlet_count":0,"master_deck":["AscendersBane","Strike_B","Strike_B","Defend_B+1","Defend_B","Defend_B","Defend_B","Zap+1","Dualcast+1","Compile Driver","Undo","Cold Snap","Self Repair+1","Conserve Battery","Ball Lightning","Redo+1","Seek+1","Chill+1","Sunder+1","Loop","Coolheaded+1","Apotheosis+1","Leap","Go for the Eyes","Turbo","Double Energy","Glacier","Chaos","Doubt","Doom and Gloom","Static Discharge+1","Ball Lightning","Fission+1","Core Surge","Lockon","Writhe","Steam Power+1","Capacitor+1"],"relics":["Cracked Core","NeowsBlessing","Bronze Scales","Bag of Preparation","Cursed Key","Meat on the Bone","Bag of Marbles","PreservedInsect","Sozu","Thread and Needle","Orichalcum","Gambling Chip","Art of War"],"potions_floor_usage":[16,25,33,40,50],"damage_taken":[{"damage":0,"enemies":"Jaw Worm","floor":1,"turns":1},{"damage":0,"enemies":"2 Louse","floor":2,"turns":1},{"damage":0,"enemies":"Small Slimes","floor":5,"turns":1},{"damage":1,"enemies":"2 Fungi Beasts","floor":11,"turns":3},{"damage":3,"enemies":"Exordium Wildlife","floor":12,"turns":5},{"damage":7,"enemies":"3 Louse","floor":13,"turns":2},{"damage":36,"enemies":"The Guardian","floor":16,"turns":10},{"damage":17,"enemies":"Spheric Guardian","floor":18,"turns":4},{"damage":0,"enemies":"Shell Parasite","floor":19,"turns":5},{"damage":2,"enemies":"Sentry and Sphere","floor":21,"turns":5},{"damage":11,"enemies":"Snake Plant","floor":24,"turns":4},{"damage":0,"enemies":"Slavers","floor":25,"turns":5},{"damage":15,"enemies":"Snecko","floor":29,"turns":5},{"damage":0,"enemies":"3 Cultists","floor":30,"turns":6},{"damage":17,"enemies":"Gremlin Leader","floor":31,"turns":7},{"damage":28,"enemies":"Collector","floor":33,"turns":12},{"damage":0,"enemies":"3 Shapes","floor":35,"turns":7},{"damage":18,"enemies":"3 Darklings","floor":37,"turns":6},{"damage":8,"enemies":"4 Shapes","floor":39,"turns":4},{"damage":57,"enemies":"Giant Head","floor":40,"turns":7},{"damage":16,"enemies":"Reptomancer","floor":42,"turns":6},{"damage":2,"enemies":"Nemesis","floor":45,"turns":5},{"damage":0,"enemies":"Spire Growth","floor":46,"turns":5},{"damage":4,"enemies":"Jaw Worm Horde","floor":48,"turns":5},{"damage":45,"enemies":"Donu and Deca","floor":50,"turns":10}],"seed_played":"3181364176037880685","potions_obtained":[{"floor":1,"key":"AttackPotion"},{"floor":5,"key":"Dexterity Potion"},{"floor":18,"key":"FocusPotion"},{"floor":31,"key":"AttackPotion"},{"floor":33,"key":"Regen Potion"}],"is_trial":false,"path_per_floor":["M","M","?","?","M","R","$","R","T","R","M","M","M","?","R","B",null,"M","M","$","M","?","R","M","E","T","R","$","M","M","E","R","B",null,"M","?","M","?","M","E","R","E","T","R","E","M","R","M","R","B",null],"character_chosen":"DEFECT","items_purchased":["Self Repair","Conserve Battery","Loop","Coolheaded","Apotheosis","Leap","Doom and Gloom"],"campfire_rested":0,"item_purchase_floors":[7,7,20,20,20,20,28],"current_hp_per_floor":[64,64,64,53,53,53,53,53,53,53,62,69,71,71,71,45,65,58,68,68,71,71,71,60,70,70,70,70,65,65,58,58,52,66,71,71,63,63,65,39,39,45,45,45,53,63,63,69,69,46],"gold":346,"neow_bonus":"THREE_ENEMY_KILL","is_prod":false,"is_daily":false,"chose_seed":false,"campfire_upgraded":11,"win_rate":0,"timestamp":1562354151,"path_taken":["M","M","?","?","M","R","?","R","T","R","M","M","M","?","R","BOSS","M","M","$","M","?","R","M","E","T","R","$","M","M","E","R","BOSS","M","?","M","?","M","E","R","E","T","R","E","M","R","?","R","BOSS"],"build_version":"2019-07-01","purchased_purges":1,"victory":true,"max_hp_per_floor":[71,71,71,71,71,71,71,71,71,71,71,71,71,71,71,71,71,71,71,71,71,71,71,71,71,71,71,71,71,71,71,71,71,71,71,71,71,71,71,71,71,71,71,71,71,71,71,71,71,71],"card_choices":[{"not_picked":["Rip and Tear","Reprogram"],"picked":"Compile Driver","floor":1},{"not_picked":["Hello World","Sweeping Beam"],"picked":"Undo","floor":2},{"not_picked":["Reinforced Body","Stack"],"picked":"Cold Snap","floor":5},{"not_picked":["Beam Cell","Compile Driver"],"picked":"Ball Lightning","floor":11},{"not_picked":["Gash","Beam Cell"],"picked":"Redo","floor":12},{"not_picked":["Barrage","Cold Snap","Storm"],"picked":"SKIP","floor":13},{"not_picked":["Rainbow","Fission"],"picked":"Seek","floor":16},{"not_picked":["Go for the Eyes","Rebound"],"picked":"Chill","floor":18},{"not_picked":["Leap","Storm"],"picked":"Sunder+1","floor":19},{"not_picked":["Turbo","Recycle"],"picked":"Go for the Eyes","floor":21},{"not_picked":["Recycle","Gash"],"picked":"Glacier","floor":24},{"not_picked":["Beam Cell","Machine Learning"],"picked":"Chaos","floor":25},{"not_picked":["Blizzard","Redo","Turbo+1"],"picked":"SKIP","floor":29},{"not_picked":["Recycle","Conserve Battery"],"picked":"Static Discharge","floor":30},{"not_picked":["Turbo","Conserve Battery"],"picked":"Ball Lightning","floor":31},{"not_picked":["Rainbow","Buffer"],"picked":"Fission","floor":33},{"not_picked":["Blizzard","Genetic Algorithm","Cold Snap"],"picked":"SKIP","floor":35},{"not_picked":["Coolheaded","Steam+1","Go for the Eyes"],"picked":"SKIP","floor":37},{"not_picked":["Coolheaded+1","Compile Driver"],"picked":"Core Surge","floor":39},{"not_picked":["Leap","Compile Driver","Scrape"],"picked":"SKIP","floor":40},{"not_picked":["Steam Power","Fusion+1"],"picked":"Lockon","floor":42},{"not_picked":["Conserve Battery","Steam+1","Beam Cell"],"picked":"SKIP","floor":45},{"not_picked":["Steam Power+1","Cold Snap","Rip and Tear"],"picked":"SKIP","floor":46},{"not_picked":["Cold Snap","Rip and Tear"],"picked":"Steam Power+1","floor":46},{"not_picked":["Beam Cell","Sweeping Beam"],"picked":"Capacitor+1","floor":48}],"player_experience":939547,"relics_obtained":[{"floor":9,"key":"Bag of Preparation"},{"floor":25,"key":"Meat on the Bone"},{"floor":26,"key":"Bag of Marbles"},{"floor":31,"key":"PreservedInsect"},{"floor":40,"key":"Thread and Needle"},{"floor":42,"key":"Orichalcum"},{"floor":43,"key":"Gambling Chip"},{"floor":45,"key":"Art of War"}],"event_choices":[{"damage_healed":0,"gold_gain":0,"player_choice":"Box","damage_taken":0,"relics_obtained":["Bronze Scales"],"max_hp_gain":0,"max_hp_loss":0,"event_name":"Big Fish","floor":3,"gold_loss":0,"cards_obtained":["Regret"]},{"damage_healed":0,"gold_gain":75,"player_choice":"Gather Gold","damage_taken":11,"max_hp_gain":0,"max_hp_loss":0,"event_name":"World of Goop","floor":4,"gold_loss":0},{"damage_healed":0,"gold_gain":175,"player_choice":"AGREE","damage_taken":0,"max_hp_gain":0,"max_hp_loss":0,"event_name":"Liars Game","floor":14,"gold_loss":0,"cards_obtained":["Doubt"]},{"damage_healed":0,"gold_gain":0,"cards_transformed":["Strike_B","Strike_B"],"player_choice":"Became Test Subject","damage_taken":0,"max_hp_gain":0,"max_hp_loss":0,"event_name":"Drug Dealer","floor":22,"gold_loss":0,"cards_obtained":["Turbo","Double Energy"]},{"damage_healed":0,"gold_gain":0,"player_choice":"Ignored","damage_taken":0,"max_hp_gain":0,"max_hp_loss":0,"event_name":"Tomb of Lord Red Mask","floor":36,"gold_loss":0},{"cards_removed":["Doubt"],"damage_healed":0,"gold_gain":0,"player_choice":"Purged","damage_taken":0,"max_hp_gain":0,"max_hp_loss":0,"event_name":"Purifier","floor":38,"gold_loss":0}],"is_beta":false,"boss_relics":[{"not_picked":["Astrolabe","Calling Bell"],"picked":"Cursed Key"},{"not_picked":["Lizard Tail","Velvet Choker"],"picked":"Sozu"}],"items_purged_floors":[7],"is_endless":false,"potions_floor_spawned":[1,5,12,18,21,31,33,39,42,45],"ascension_level":14}