{"gold_per_floor":[115,65,65,85,85,85,121,159,159,174,194,194,213,226,226,347,410,434,434,455,468,493,493,518,518,518,518,536,559,580,595,595,720,720,743,131,131,131,151,151,186,210,262,262,0,20,20,43,43,43],"floor_reached":50,"playtime":2898,"items_purged":["Defend_R"],"score":630,"play_id":"52e1de99-629a-4483-8e61-e13a42ab1e7e","local_time":"20190717031628","is_ascension_mode":false,"campfire_choices":[{"data":"Perfected Strike","floor":6.0,"key":"SMITH"},{"data":"Pommel Strike","floor":12.0,"key":"SMITH"},{"data":"Pommel Strike","floor":15.0,"key":"SMITH"},{"data":"Offering","floor":23.0,"key":"SMITH"},{"data":"Bash","floor":25.0,"key":"SMITH"},{"floor":27.0,"key":"RECALL"},{"floor":32.0,"key":"REST"},{"data":"Secret Weapon","floor":40,"key":"SMITH"},{"floor":44,"key":"REST"},{"floor":49,"key":"REST"}],"neow_cost":"NONE","seed_source_timestamp":0,"circlet_count":0,"master_deck":["Strike_R","Strike_R","Strike_R+1","Strike_R","Strike_R","Defend_R+1","Bash+1","Perfected Strike+1","Pommel Strike+1","Twin Strike","Twin Strike","Twin Strike","Pommel Strike+1","Wild Strike","Offering+1","Twin Strike","Twin Strike","Wild Strike","Perfected Strike+1","Reaper","Perfected Strike+1","Secret Weapon+1","Dual Wield","Madness","Madness","Perfected Strike+1","Dual Wield+1","Pommel Strike+1"],"special_seed":0,"relics":["Burning Blood","NeowsBlessing","Golden Idol","Smiling Mask","Odd Mushroom","Singing Bowl","Tiny House","Pear","Sozu","Molten Egg 2","Dream Catcher","Red Mask"],"potions_floor_usage":[],"damage_taken":[{"damage":0.0,"enemies":"Small Slimes","floor":1.0,"turns":1.0},{"damage":0.0,"enemies":"2 Louse","floor":4.0,"turns":1.0},{"damage":0.0,"enemies":"Gremlin Nob","floor":7.0,"turns":1.0},{"damage":10.0,"enemies":"The Mushroom Lair","floor":8.0,"turns":4.0},{"damage":1.0,"enemies":"Jaw Worm","floor":10.0,"turns":3.0},{"damage":0.0,"enemies":"3 Louse","floor":11.0,"turns":3.0},{"damage":0.0,"enemies":"Large Slime","floor":13.0,"turns":3.0},{"damage":0.0,"enemies":"Looter","floor":14.0,"turns":1.0},{"damage":62.0,"enemies":"Hexaghost","floor":16.0,"turns":8.0},{"damage":6.0,"enemies":"Spheric Guardian","floor":18.0,"turns":1.0},{"damage":10.0,"enemies":"Shell Parasite","floor":20.0,"turns":4.0},{"damage":8.0,"enemies":"Chosen and Byrds","floor":21.0,"turns":6.0},{"damage":6.0,"enemies":"Shelled Parasite and Fungi","floor":22.0,"turns":3.0},{"damage":16.0,"enemies":"3 Cultists","floor":24.0,"turns":4.0},{"damage":35.0,"enemies":"Snake Plant","floor":28.0,"turns":3.0},{"damage":8.0,"enemies":"Cultist and Chosen","floor":29.0,"turns":3.0},{"damage":23.0,"enemies":"Centurion and Healer","floor":30.0,"turns":4.0},{"damage":16.0,"enemies":"Snecko","floor":31.0,"turns":3.0},{"damage":44.0,"enemies":"Collector","floor":33.0,"turns":4.0},{"damage":16.0,"enemies":"3 Shapes","floor":35.0,"turns":2.0},{"damage":10,"enemies":"Orb Walker","floor":39,"turns":2},{"damage":81,"enemies":"Giant Head","floor":41,"turns":7},{"damage":0,"enemies":"Jaw Worm Horde","floor":42,"turns":2},{"damage":0,"enemies":"3 Darklings","floor":46,"turns":2},{"damage":6,"enemies":"Transient","floor":48,"turns":5},{"damage":110,"enemies":"Donu and Deca","floor":50,"turns":5}],"seed_played":"-9005285304513132726","potions_obtained":[{"floor":4.0,"key":"Fire Potion"},{"floor":8.0,"key":"Swift Potion"},{"floor":13.0,"key":"Strength Potion"},{"floor":16.0,"key":"Weak Potion"},{"floor":20.0,"key":"Energy Potion"},{"floor":28.0,"key":"FearPotion"}],"is_trial":false,"path_per_floor":["M","?","?","M","?","R","E","?","T","M","M","R","M","M","R","B",null,"M","?","M","M","M","R","M","R","T","R","M","M","M","M","R","B",null,"M","$","?","$","M","R","E","M","T","R","?","M","?","M","R","B"],"character_chosen":"IRONCLAD","items_purchased":["Molten Egg 2","Perfected Strike+1","Secret Weapon","Dual Wield"],"campfire_rested":3,"item_purchase_floors":[36,36,36,36],"current_hp_per_floor":[80,80,64,70,50,50,56,52,52,57,63,63,69,75,75,19,87,87,87,85,83,85,85,77,77,87,87,60,58,43,33,65,27,107,99,99,85,85,83,83,10,16,16,49,49,57,57,63,98,0],"gold":43,"neow_bonus":"THREE_ENEMY_KILL","is_prod":false,"is_daily":false,"chose_seed":false,"campfire_upgraded":6,"win_rate":0,"timestamp":1563326188,"path_taken":["M","?","?","M","?","R","E","?","T","M","M","R","M","M","R","BOSS","M","?","M","M","M","R","M","R","T","R","M","M","M","M","R","BOSS","M","$","?","$","M","R","E","M","T","R","?","M","?","M","R","BOSS"],"build_version":"2019-07-05","purchased_purges":1,"victory":false,"max_hp_per_floor":[80,80,80,80,80,80,80,80,80,80,80,80,80,80,80,80,87,87,87,89,89,91,91,93,93,103,103,105,105,107,107,107,107,107,109,109,109,109,111,111,113,113,113,113,113,115,115,117,117,117],"card_choices":[{"not_picked":["Burning Pact","Pommel Strike"],"picked":"Perfected Strike","floor":1.0},{"not_picked":["Searing Blow","Twin Strike"],"picked":"Pommel Strike","floor":4.0},{"not_picked":["Shrug It Off","Anger"],"picked":"Twin Strike","floor":7.0},{"not_picked":["Headbutt","Clash"],"picked":"Twin Strike","floor":10.0},{"not_picked":["Berserk","Carnage"],"picked":"Twin Strike","floor":11.0},{"not_picked":["Infernal Blade","Armaments"],"picked":"Pommel Strike","floor":13.0},{"not_picked":["Battle Trance","Uppercut"],"picked":"Wild Strike","floor":14.0},{"not_picked":["Juggernaut","Demon Form"],"picked":"Offering","floor":16.0},{"not_picked":["Whirlwind","Heavy Blade","Dropkick"],"picked":"Singing Bowl","floor":17.0},{"not_picked":["Shockwave","Cleave"],"picked":"Twin Strike","floor":18.0},{"not_picked":["Blood for Blood+1","Fire Breathing","Havoc"],"picked":"Singing Bowl","floor":20.0},{"not_picked":["Havoc","Blood for Blood+1"],"picked":"Twin Strike","floor":21.0},{"not_picked":["Hemokinesis+1","Anger+1","Shrug It Off"],"picked":"Singing Bowl","floor":22.0},{"not_picked":["Combust+1","Hemokinesis+1","Armaments+1"],"picked":"Singing Bowl","floor":24.0},{"not_picked":["Dropkick+1","Reckless Charge","Spot Weakness"],"picked":"Singing Bowl","floor":28.0},{"not_picked":["Thunderclap","Anger"],"picked":"Wild Strike","floor":29.0},{"not_picked":["Clothesline","Power Through+1","Anger"],"picked":"Singing Bowl","floor":30.0},{"not_picked":["Warcry","Clothesline"],"picked":"Perfected Strike+1","floor":31.0},{"not_picked":["Dark Embrace","Juggernaut"],"picked":"Reaper","floor":33.0},{"not_picked":["Entrench","Havoc+1","Warcry+1"],"picked":"Singing Bowl","floor":35.0},{"not_picked":["True Grit","Pummel+1","Thunderclap+1"],"picked":"Singing Bowl","floor":39},{"not_picked":["True Grit+1","Headbutt+1","Limit Break"],"picked":"Singing Bowl","floor":41},{"not_picked":["Intimidate","Thunderclap+1"],"picked":"Perfected Strike+1","floor":42},{"not_picked":["Power Through+1","Feel No Pain"],"picked":"Dual Wield+1","floor":44},{"not_picked":["Sword Boomerang+1","Havoc","Anger+1"],"picked":"Singing Bowl","floor":46},{"not_picked":["Body Slam+1","Havoc+1","Entrench"],"picked":"Singing Bowl","floor":48},{"not_picked":["Entrench+1","Intimidate"],"picked":"Pommel Strike+1","floor":49}],"player_experience":183896,"relics_obtained":[{"floor":7.0,"key":"Smiling Mask"},{"floor":8.0,"key":"Odd Mushroom"},{"floor":9.0,"key":"Singing Bowl"},{"floor":26.0,"key":"Pear"},{"floor":41,"key":"Dream Catcher"}],"event_choices":[{"cards_removed":["Defend_R"],"damage_healed":0.0,"max_hp_gain":0.0,"max_hp_loss":0.0,"gold_gain":0.0,"event_name":"The Cleric","player_choice":"Card Removal","floor":2.0,"gold_loss":50.0,"damage_taken":0.0},{"damage_healed":0.0,"max_hp_gain":0.0,"max_hp_loss":0.0,"gold_gain":0.0,"event_name":"Shining Light","player_choice":"Entered Light","floor":3.0,"gold_loss":0.0,"damage_taken":16.0,"cards_upgraded":["Strike_R","Defend_R"]},{"damage_healed":0.0,"max_hp_gain":0.0,"max_hp_loss":0.0,"gold_gain":0.0,"event_name":"Golden Idol","player_choice":"Take Damage","floor":5.0,"gold_loss":0.0,"damage_taken":20.0,"relics_obtained":["Golden Idol"]},{"damage_healed":0.0,"max_hp_gain":0.0,"max_hp_loss":0.0,"gold_gain":0.0,"event_name":"Mushrooms","player_choice":"Fought Mushrooms","floor":8.0,"gold_loss":0.0,"damage_taken":0.0},{"damage_healed":0.0,"max_hp_gain":0.0,"max_hp_loss":0.0,"gold_gain":0.0,"event_name":"Vampires","player_choice":"Ignored","floor":19.0,"gold_loss":0.0,"damage_taken":0.0},{"damage_healed":0,"gold_gain":0,"player_choice":"Embrace Madness","damage_taken":14,"max_hp_gain":0,"max_hp_loss":0,"event_name":"Winding Halls","floor":37,"gold_loss":0,"cards_obtained":["Madness","Madness"]},{"damage_healed":0,"gold_gain":0,"player_choice":"Paid","damage_taken":0,"relics_obtained":["Red Mask"],"max_hp_gain":0,"max_hp_loss":0,"event_name":"Tomb of Lord Red Mask","floor":45,"gold_loss":262},{"cards_removed":["Defend_R"],"damage_healed":0,"gold_gain":0,"player_choice":"Removed Skill","damage_taken":0,"max_hp_gain":0,"max_hp_loss":0,"event_name":"Falling","floor":47,"gold_loss":0}],"is_beta":false,"boss_relics":[{"not_picked":["Eternal Feather","Black Star"],"picked":"Tiny House"},{"not_picked":["Mark of Pain","Coffee Dripper"],"picked":"Sozu"}],"items_purged_floors":[36],"is_endless":false,"potions_floor_spawned":[4,8,13,16,20,22,28,29,41,46],"killed_by":"Donu and Deca","ascension_level":0}