{"gold_per_floor":[216,233,233,251,326,326,394,429,429,429,429],"floor_reached":11,"playtime":420,"items_purged":[],"score":124,"play_id":"57a38998-4f21-42cf-8564-cac3f777b389","local_time":"20190709150433","is_ascension_mode":true,"campfire_choices":[{"data":"Bash","floor":6,"key":"SMITH"},{"floor":10,"key":"REST"}],"neow_cost":"NONE","seed_source_timestamp":2167776760836173,"circlet_count":0,"master_deck":["AscendersBane","Strike_R","Strike_R","Strike_R","Strike_R","Strike_R","Defend_R","Defend_R","Defend_R","Defend_R","Bash+1","Shrug It Off","Headbutt","Shrug It Off","Limit Break"],"relics":["Burning Blood","Dodecahedron","Orichalcum","Sundial"],"potions_floor_usage":[4,8,8],"damage_taken":[{"damage":10,"enemies":"Small Slimes","floor":1,"turns":4},{"damage":10,"enemies":"Cultist","floor":2,"turns":5},{"damage":6,"enemies":"Jaw Worm","floor":4,"turns":6},{"damage":32,"enemies":"3 Sentries","floor":8,"turns":13},{"damage":54,"enemies":"Lagavulin","floor":11,"turns":8}],"seed_played":"1528274675812698249","potions_obtained":[{"floor":1,"key":"Energy Potion"},{"floor":3,"key":"SkillPotion"},{"floor":4,"key":"SneckoOil"}],"is_trial":false,"path_per_floor":["M","M","?","M","?","R","T","E","T","R","E"],"character_chosen":"IRONCLAD","items_purchased":[],"campfire_rested":1,"item_purchase_floors":[],"current_hp_per_floor":[64,60,60,60,49,49,49,23,23,45,0],"gold":429,"neow_bonus":"HUNDRED_GOLD","is_prod":false,"is_daily":false,"chose_seed":false,"campfire_upgraded":1,"win_rate":0,"timestamp":1562652273,"path_taken":["M","M","?","?","?","R","?","E","T","R","E"],"build_version":"2019-07-01","purchased_purges":0,"victory":false,"max_hp_per_floor":[75,75,75,75,75,75,75,75,75,75,75],"card_choices":[{"not_picked":["Infernal Blade","Twin Strike"],"picked":"Shrug It Off","floor":1},{"not_picked":["Twin Strike","Anger"],"picked":"Headbutt","floor":2},{"not_picked":["Sever Soul","Armaments"],"picked":"Shrug It Off","floor":4},{"not_picked":["Flex","Havoc"],"picked":"Limit Break","floor":8}],"player_experience":1106786,"relics_obtained":[{"floor":7,"key":"Dodecahedron"},{"floor":8,"key":"Orichalcum"},{"floor":9,"key":"Sundial"}],"event_choices":[{"damage_healed":0,"gold_gain":0,"player_choice":"Got Potions","damage_taken":0,"max_hp_gain":0,"max_hp_loss":0,"event_name":"Lab","floor":3,"gold_loss":0},{"damage_healed":0,"gold_gain":75,"player_choice":"Gather Gold","damage_taken":11,"max_hp_gain":0,"max_hp_loss":0,"event_name":"World of Goop","floor":5,"gold_loss":0}],"is_beta":false,"boss_relics":[],"items_purged_floors":[],"is_endless":false,"potions_floor_spawned":[1,4],"killed_by":"Lagavulin","ascension_level":15}