{"gold_per_floor":[116,116,135,135,153,153,171,184,210,210,42,75,87,124,136,278,290,321,333,345,375,408,420,10,43,94,94,94,117,8,32,32,32],"floor_reached":33,"playtime":1836,"items_purged":["Pain","Injury"],"score":347,"play_id":"ab1c88ac-53f1-499a-a4e0-9dac61ad51a8","local_time":"20190521181509","is_ascension_mode":true,"campfire_choices":[{"data":"Neutralize","floor":6,"key":"SMITH"},{"floor":10,"key":"REST"},{"floor":13,"key":"REST"},{"floor":15,"key":"REST"},{"data":"Cloak And Dagger","floor":23,"key":"SMITH"},{"floor":28,"key":"REST"},{"floor":32,"key":"REST"}],"neow_cost":"NONE","seed_source_timestamp":27081672490773,"circlet_count":0,"master_deck":["Defend_G+1","Defend_G","Defend_G","Defend_G","Defend_G","Strike_G","Strike_G","Strike_G","Strike_G","Strike_G","Survivor","Neutralize+1","Cloak And Dagger+1","Flying Knee","Poisoned Stab","Distraction","Footwork","Bane","Crippling Poison","Quick Slash","Dodge and Roll","Tools of the Trade+1","Backflip","Quick Slash","PiercingWail","Deadly Poison+1","Dagger Throw","Pain","Backstab","Wraith Form v2","Dodge and Roll","Masterful Stab"],"relics":["Ring of the Snake","Golden Idol","WarpedTongs","Ancient Tea Set","MawBank","Cursed Key","Oddly Smooth Stone","Membership Card","War Paint","Juzu Bracelet","Singing Bowl","Boot","Medical Kit"],"potions_floor_usage":[12,12,18,25,25],"damage_taken":[{"damage":2,"enemies":"2 Louse","floor":1,"turns":4},{"damage":3,"enemies":"Jaw Worm","floor":3,"turns":7},{"damage":1,"enemies":"Cultist","floor":5,"turns":4},{"damage":29,"enemies":"Large Slime","floor":7,"turns":9},{"damage":19,"enemies":"Blue Slaver","floor":8,"turns":3},{"damage":10,"enemies":"Lagavulin","floor":12,"turns":6},{"damage":4,"enemies":"Lots of Slimes","floor":14,"turns":3},{"damage":47,"enemies":"Hexaghost","floor":16,"turns":11},{"damage":2,"enemies":"Chosen","floor":18,"turns":5},{"damage":2,"enemies":"Spheric Guardian","floor":21,"turns":4},{"damage":4,"enemies":"Centurion and Healer","floor":22,"turns":11},{"damage":7,"enemies":"Slavers","floor":25,"turns":6},{"damage":0,"enemies":"Chosen and Byrds","floor":29,"turns":6},{"damage":13,"enemies":"Sentry and Sphere","floor":31,"turns":5},{"damage":80,"enemies":"Automaton","floor":33,"turns":12}],"seed_played":"848888594127226969","potions_obtained":[{"floor":5,"key":"Block Potion"},{"floor":7,"key":"Dexterity Potion"},{"floor":16,"key":"PowerPotion"},{"floor":21,"key":"Swift Potion"},{"floor":22,"key":"SkillPotion"}],"is_trial":false,"path_per_floor":["M","?","M","?","M","R","M","M","T","R","$","E","R","M","R","B",null,"M","?","?","M","M","R","$","E","T","?","R","M","$","M","R","B"],"character_chosen":"THE_SILENT","items_purchased":["Bane","Crippling Poison","Membership Card","Deadly Poison","War Paint","Juzu Bracelet","Medical Kit","Dodge and Roll"],"campfire_rested":5,"item_purchase_floors":[11,11,24,24,24,24,30,30],"current_hp_per_floor":[68,68,65,65,64,64,35,16,16,39,39,29,52,48,71,24,64,62,62,62,60,56,56,56,49,49,49,72,72,72,59,77,0],"gold":32,"neow_bonus":"TEN_PERCENT_HP_BONUS","is_prod":false,"is_daily":false,"chose_seed":false,"campfire_upgraded":2,"win_rate":0,"timestamp":1558426509,"path_taken":["M","?","M","?","M","R","M","?","T","R","$","E","R","M","R","BOSS","M","?","?","M","M","R","$","E","T","?","R","M","$","M","R","BOSS"],"build_version":"2019-01-23","purchased_purges":2,"victory":false,"max_hp_per_floor":[77,77,77,77,77,77,77,77,77,77,77,77,77,77,77,77,77,77,77,77,77,77,77,77,77,77,77,77,77,77,77,77,77],"card_choices":[{"not_picked":["Dodge and Roll","Well Laid Plans"],"picked":"Cloak And Dagger","floor":1},{"not_picked":["Bane","Dodge and Roll"],"picked":"Flying Knee","floor":3},{"not_picked":["Quick Slash","Accuracy"],"picked":"Poisoned Stab","floor":5},{"not_picked":["Flying Knee","Terror"],"picked":"Distraction","floor":7},{"not_picked":["Underhanded Strike","Cloak And Dagger"],"picked":"Footwork","floor":8},{"not_picked":["Terror","Endless Agony"],"picked":"Quick Slash","floor":12},{"not_picked":["Grand Finale","Bane"],"picked":"Dodge and Roll","floor":14},{"not_picked":["Night Terror","Storm of Steel"],"picked":"Tools of the Trade","floor":16},{"not_picked":["Outmaneuver","Reflex"],"picked":"Backflip","floor":18},{"not_picked":["Backflip","Crippling Poison"],"picked":"Quick Slash","floor":21},{"not_picked":["Blade Dance","Bane"],"picked":"PiercingWail","floor":22},{"not_picked":["Prepared","Outmaneuver"],"picked":"Dagger Throw","floor":25},{"not_picked":["Setup","Dodge and Roll+1"],"picked":"Wraith Form v2","floor":29},{"not_picked":["Escape Plan","Deflect+1"],"picked":"Masterful Stab","floor":31}],"player_experience":685966,"relics_obtained":[{"floor":9,"key":"Ancient Tea Set"},{"floor":12,"key":"MawBank"},{"floor":25,"key":"Singing Bowl"},{"floor":26,"key":"Boot"}],"event_choices":[{"damage_healed":0,"gold_gain":0,"player_choice":"Take Wound","damage_taken":0,"relics_obtained":["Golden Idol"],"max_hp_gain":0,"max_hp_loss":0,"event_name":"Golden Idol","floor":2,"gold_loss":0,"cards_obtained":["Injury"]},{"damage_healed":0,"gold_gain":0,"player_choice":"Rummage","damage_taken":0,"relics_obtained":["WarpedTongs"],"max_hp_gain":0,"max_hp_loss":0,"event_name":"Accursed Blacksmith","floor":4,"gold_loss":0,"cards_obtained":["Pain"]},{"damage_healed":0,"gold_gain":0,"player_choice":"Opened","damage_taken":0,"relics_obtained":["Oddly Smooth Stone"],"max_hp_gain":0,"max_hp_loss":0,"event_name":"The Mausoleum","floor":19,"gold_loss":0},{"damage_healed":0,"gold_gain":0,"player_choice":"Upgraded","damage_taken":0,"max_hp_gain":0,"max_hp_loss":0,"event_name":"Upgrade Shrine","floor":20,"gold_loss":0,"cards_upgraded":["Tools of the Trade"]},{"damage_healed":0,"gold_gain":0,"player_choice":"Read","damage_taken":0,"max_hp_gain":0,"max_hp_loss":0,"event_name":"The Library","floor":27,"gold_loss":0,"cards_obtained":["Backstab"]}],"is_beta":false,"boss_relics":[{"not_picked":["WristBlade","Black Star"],"picked":"Cursed Key"}],"items_purged_floors":[11,24],"is_endless":false,"potions_floor_spawned":[5,7,16,21,22],"killed_by":"Automaton","ascension_level":6}