{"gold_per_floor":[113,113,175,187,112,112,12,12,12,81,111,111,161,286,286,387,437,457,534,253,303,317,317,328,178,178,244,261,281,331,350,350,452,452,465,257,269,332,342,403,734,752,799,849,999,1069,27,27,27,27],"floor_reached":51,"playtime":6788,"items_purged":["Strike_B","Strike_B","Strike_B","Strike_B","Defend_B","Defend_B"],"score":848,"play_id":"b0c61d24-7cd9-41d1-afda-4e42cf45a8c7","local_time":"20190303103836","is_ascension_mode":true,"campfire_choices":[{"data":"Scrape","floor":6.0,"key":"SMITH"},{"data":"Gash","floor":8.0,"key":"SMITH"},{"floor":12.0,"key":"REST"},{"floor":15.0,"key":"REST"},{"data":"Electrodynamics","floor":23.0,"key":"SMITH"},{"data":"Dualcast","floor":32.0,"key":"SMITH"},{"floor":49.0,"key":"REST"}],"neow_cost":"TEN_PERCENT_HP_LOSS","seed_source_timestamp":1708434027354,"circlet_count":0,"master_deck":["Zap+1","Dualcast+1","Gash+1","Scrape+1","Electrodynamics+1","Reboot","BootSequence","White Noise","Machine Learning+1","FTL+1","Reboot","White Noise","Conserve Battery","Scrape+1","Gash+1","Violence"],"special_seed":0,"relics":["Cracked Core","Bird Faced Urn","SsserpentHead","Pantograph","PreservedInsect","Matryoshka","Tiny House","Red Mask","Oddly Smooth Stone","Molten Egg 2","Pear","Empty Cage","Old Coin","DataDisk","Boot","OrangePellets","Shuriken","Pen Nib"],"potions_floor_usage":[50],"damage_taken":[{"damage":1.0,"enemies":"Cultist","floor":1.0,"turns":3.0},{"damage":2.0,"enemies":"2 Louse","floor":3.0,"turns":2.0},{"damage":4.0,"enemies":"Jaw Worm","floor":4.0,"turns":3.0},{"damage":13.0,"enemies":"3 Louse","floor":10.0,"turns":3.0},{"damage":35.0,"enemies":"Gremlin Nob","floor":11.0,"turns":4.0},{"damage":57.0,"enemies":"Hexaghost","floor":16.0,"turns":10.0},{"damage":3.0,"enemies":"3 Byrds","floor":18.0,"turns":2.0},{"damage":0.0,"enemies":"Masked Bandits","floor":19.0,"turns":2.0},{"damage":0.0,"enemies":"Chosen","floor":22.0,"turns":3.0},{"damage":12.0,"enemies":"Snecko","floor":24.0,"turns":5.0},{"damage":0.0,"enemies":"Centurion and Healer","floor":27.0,"turns":2.0},{"damage":0.0,"enemies":"Chosen and Byrds","floor":28.0,"turns":4.0},{"damage":7.0,"enemies":"Snake Plant","floor":29.0,"turns":3.0},{"damage":0.0,"enemies":"Centurion and Healer","floor":31.0,"turns":2.0},{"damage":20.0,"enemies":"Automaton","floor":33.0,"turns":6.0},{"damage":0.0,"enemies":"3 Darklings","floor":35.0,"turns":2.0},{"damage":0.0,"enemies":"Orb Walker","floor":37.0,"turns":2.0},{"damage":21.0,"enemies":"Jaw Worm Horde","floor":38.0,"turns":2.0},{"damage":11.0,"enemies":"Sphere and 2 Shapes","floor":39.0,"turns":3.0},{"damage":22.0,"enemies":"Spire Growth","floor":40.0,"turns":4.0},{"damage":28.0,"enemies":"Reptomancer","floor":41.0,"turns":3.0},{"damage":0.0,"enemies":"3 Darklings","floor":42.0,"turns":3.0},{"damage":3.0,"enemies":"Transient","floor":46.0,"turns":5.0},{"damage":0.0,"enemies":"Writhing Mass","floor":48.0,"turns":1.0},{"damage":97,"enemies":"Time Eater","floor":50,"turns":6}],"seed_played":"-5818940872726407365","potions_obtained":[{"floor":11.0,"key":"SpeedPotion"},{"floor":17.0,"key":"SmokeBomb"},{"floor":19.0,"key":"Fire Potion"},{"floor":22.0,"key":"AttackPotion"},{"floor":28.0,"key":"SkillPotion"},{"floor":35.0,"key":"SteroidPotion"},{"floor":39.0,"key":"FairyPotion"},{"floor":41.0,"key":"Fire Potion"},{"floor":46.0,"key":"Regen Potion"}],"is_trial":false,"path_per_floor":["M","?","M","M","$","R","$","R","T","M","E","R","T","?","R","B",null,"M","?","$","?","M","R","M","$","T","M","M","M","?","M","R","B",null,"M","$","M","M","M","M","E","M","T","?","?","M","$","M","R","B",null],"character_chosen":"DEFECT","items_purchased":["Oddly Smooth Stone","White Noise","Gash+1","OrangePellets","Shuriken","Pen Nib","Violence"],"campfire_rested":3,"item_purchase_floors":[20,36,47,47,47,47,47],"current_hp_per_floor":[67,67,65,61,61,61,61,61,61,48,15,35,35,24,44,11,59,58,60,60,60,64,64,58,58,68,74,80,82,82,83,83,63,78,82,82,83,66,67,53,33,41,41,41,41,46,46,46,70,4],"gold":27,"neow_bonus":"ONE_RARE_RELIC","is_prod":false,"is_daily":false,"chose_seed":false,"campfire_upgraded":4,"win_rate":0,"timestamp":1551631116,"path_taken":["M","?","?","M","$","R","$","R","T","?","E","R","?","?","R","BOSS","M","?","$","?","M","R","M","$","T","?","M","M","?","M","R","BOSS","M","$","M","?","M","?","E","M","T","?","?","?","$","M","R","BOSS"],"build_version":"2019-01-23","purchased_purges":6,"victory":true,"max_hp_per_floor":[68,68,68,68,68,68,68,68,68,68,68,68,68,68,68,68,73,73,73,73,73,73,73,73,73,83,83,83,83,83,83,83,83,83,83,83,83,83,83,83,83,83,83,83,83,83,83,83,83,83],"card_choices":[{"not_picked":["Rebound","Leap"],"picked":"Gash","floor":1.0},{"not_picked":["Consume","Stack","Beam Cell"],"picked":"SKIP","floor":3.0},{"not_picked":["Hologram","Genetic Algorithm"],"picked":"Scrape","floor":4.0},{"not_picked":["Loop","Barrage"],"picked":"Electrodynamics","floor":10.0},{"not_picked":["Reinforced Body","Aggregate","Go for the Eyes"],"picked":"SKIP","floor":11.0},{"not_picked":["Hyperbeam","Electrodynamics"],"picked":"Reboot","floor":16.0},{"not_picked":["Hologram","Darkness"],"picked":"BootSequence","floor":17.0},{"not_picked":["Compile Driver","Stack","Recycle"],"picked":"SKIP","floor":18.0},{"not_picked":["Compile Driver","Double Energy+1"],"picked":"White Noise","floor":19.0},{"not_picked":["Streamline","Lockon+1"],"picked":"Machine Learning","floor":22.0},{"not_picked":["Undo","Static Discharge","Barrage"],"picked":"SKIP","floor":24.0},{"not_picked":["Cold Snap+1","Stack","Ball Lightning+1"],"picked":"SKIP","floor":27.0},{"not_picked":["Defragment","Steam"],"picked":"FTL+1","floor":28.0},{"not_picked":["Meteor Strike+1","Hologram","Double Energy"],"picked":"SKIP","floor":29.0},{"not_picked":["Coolheaded","Stack","Redo+1"],"picked":"SKIP","floor":31.0},{"not_picked":["Amplify","Core Surge+1"],"picked":"Reboot","floor":33.0},{"not_picked":["Rip and Tear+1","Hologram+1","Heatsinks+1"],"picked":"SKIP","floor":35.0},{"not_picked":["Force Field","Hologram","Streamline+1"],"picked":"SKIP","floor":37.0},{"not_picked":["Ball Lightning+1","Glacier+1","Hologram"],"picked":"SKIP","floor":38.0},{"not_picked":["Darkness","Loop"],"picked":"Conserve Battery","floor":39.0},{"not_picked":["Sweeping Beam+1","Machine Learning"],"picked":"Steam+1","floor":40.0},{"not_picked":["Sweeping Beam+1","Go for the Eyes+1","Hologram"],"picked":"SKIP","floor":41.0},{"not_picked":["BootSequence+1","Ball Lightning+1","Rainbow"],"picked":"SKIP","floor":42.0},{"not_picked":["Beam Cell+1","Cold Snap+1"],"picked":"Scrape+1","floor":46.0}],"player_experience":453641,"relics_obtained":[{"floor":9.0,"key":"Pantograph"},{"floor":11.0,"key":"PreservedInsect"},{"floor":13.0,"key":"Matryoshka"},{"floor":19.0,"key":"Red Mask"},{"floor":26.0,"key":"Molten Egg 2"},{"floor":26.0,"key":"Pear"},{"floor":41.0,"key":"Old Coin"},{"floor":43.0,"key":"DataDisk"},{"floor":43.0,"key":"Boot"}],"event_choices":[{"damage_healed":0.0,"max_hp_gain":0.0,"max_hp_loss":0.0,"gold_gain":0.0,"event_name":"FaceTrader","player_choice":"Trade","floor":2.0,"gold_loss":0.0,"damage_taken":0.0,"relics_obtained":["SsserpentHead"]},{"damage_healed":0.0,"max_hp_gain":0.0,"max_hp_loss":0.0,"gold_gain":75.0,"event_name":"World of Goop","player_choice":"Gather Gold","floor":14.0,"gold_loss":0.0,"damage_taken":11.0},{"damage_healed":0.0,"max_hp_gain":0.0,"max_hp_loss":0.0,"gold_gain":0.0,"event_name":"Masked Bandits","player_choice":"Fought Bandits","floor":19.0,"gold_loss":0.0,"damage_taken":0.0},{"damage_healed":0.0,"max_hp_gain":0.0,"max_hp_loss":0.0,"gold_gain":0.0,"event_name":"The Woman in Blue","player_choice":"Bought 0 Potions","floor":21.0,"gold_loss":0.0,"damage_taken":0.0},{"damage_healed":0.0,"max_hp_gain":0.0,"max_hp_loss":0.0,"gold_gain":0.0,"event_name":"Accursed Blacksmith","player_choice":"Forge","floor":30.0,"gold_loss":0.0,"damage_taken":0.0,"cards_upgraded":["Machine Learning"]},{"cards_removed":["Steam"],"damage_healed":0.0,"max_hp_gain":0.0,"max_hp_loss":0.0,"gold_gain":0.0,"event_name":"Falling","player_choice":"Removed Skill","floor":44.0,"gold_loss":0.0,"damage_taken":0.0},{"damage_healed":0.0,"max_hp_gain":0.0,"max_hp_loss":0.0,"gold_gain":100.0,"event_name":"Golden Shrine","player_choice":"Pray","floor":45.0,"gold_loss":0.0,"damage_taken":0.0}],"is_beta":false,"boss_relics":[{"not_picked":["Philosopher\u0027s Stone","Eternal Feather"],"picked":"Tiny House"},{"not_picked":["Fusion Hammer","Snecko Eye"],"picked":"Empty Cage"}],"items_purged_floors":[5,7,20,25,36,47],"is_endless":false,"potions_floor_spawned":[11,19,22,28,35,39,41,46],"ascension_level":6}