{"gold_per_floor":[119,131,145,156,171,206,206,206,206,206,220,231,243,43,43,141,141,161,174,188,206,63,63,74,107,107,117,117,135,135,152,152,251,251,267,278,278,291,306,331,331,331],"floor_reached":42,"playtime":6936,"items_purged":["Strike_R"],"score":455,"play_id":"e239671b-50b9-42c5-9673-538309b05464","local_time":"20190629221303","is_ascension_mode":false,"campfire_choices":[{"floor":7,"key":"REST"},{"floor":10,"key":"REST"},{"data":"Armaments","floor":15,"key":"SMITH"},{"floor":23,"key":"REST"},{"data":"Pommel Strike","floor":28,"key":"SMITH"},{"floor":30,"key":"REST"},{"data":"Warcry","floor":32,"key":"SMITH"},{"floor":41,"key":"REST"}],"neow_cost":"NONE","seed_source_timestamp":5273209603600,"circlet_count":0,"master_deck":["Strike_R+1","Strike_R","Strike_R","Defend_R","Defend_R","Defend_R","Defend_R","Bash+1","Bludgeon","Shrug It Off","Second Wind","Disarm","Headbutt","Armaments+1","Immolate","Carnage","Metallicize","Impervious","Double Tap","Clothesline","Clothesline+1","Headbutt+1","Pommel Strike+1","Flame Barrier","Warcry+1","Thunderclap+1","Cleave+1","Warcry+1","Demon Form","Sword Boomerang","Second Wind","Pommel Strike","Pommel Strike","Limit Break","Evolve+1","Shrug It Off+1","Searing Blow+1","Shrug It Off+1"],"relics":["Burning Blood","Pantograph","Ice Cream","Vajra","Mark of Pain","Gambling Chip","Whetstone","Orrery","Potion Belt"],"potions_floor_usage":[6,6,16,16,16,27,33,33,39],"damage_taken":[{"damage":3,"enemies":"Jaw Worm","floor":1,"turns":4},{"damage":5,"enemies":"2 Louse","floor":2,"turns":3},{"damage":0,"enemies":"Cultist","floor":3,"turns":2},{"damage":0,"enemies":"Exordium Wildlife","floor":4,"turns":3},{"damage":16,"enemies":"Looter","floor":5,"turns":4},{"damage":40,"enemies":"3 Sentries","floor":6,"turns":9},{"damage":7,"enemies":"3 Louse","floor":11,"turns":3},{"damage":4,"enemies":"2 Fungi Beasts","floor":12,"turns":3},{"damage":4,"enemies":"Blue Slaver","floor":13,"turns":4},{"damage":34,"enemies":"Hexaghost","floor":16,"turns":11},{"damage":10,"enemies":"Spheric Guardian","floor":18,"turns":4},{"damage":29,"enemies":"3 Byrds","floor":19,"turns":6},{"damage":4,"enemies":"Cultist and Chosen","floor":20,"turns":6},{"damage":6,"enemies":"Snake Plant","floor":21,"turns":4},{"damage":0,"enemies":"Snecko","floor":24,"turns":2},{"damage":10,"enemies":"Book of Stabbing","floor":25,"turns":7},{"damage":12,"enemies":"Shelled Parasite and Fungi","floor":27,"turns":5},{"damage":24,"enemies":"Cultist and Chosen","floor":29,"turns":5},{"damage":5,"enemies":"Centurion and Healer","floor":31,"turns":5},{"damage":68,"enemies":"Automaton","floor":33,"turns":13},{"damage":16,"enemies":"Orb Walker","floor":35,"turns":4},{"damage":21,"enemies":"3 Shapes","floor":36,"turns":4},{"damage":45,"enemies":"Jaw Worm Horde","floor":38,"turns":6},{"damage":8,"enemies":"3 Darklings","floor":39,"turns":5},{"damage":39,"enemies":"Sphere and 2 Shapes","floor":42,"turns":5}],"seed_played":"-4185207618347334116","potions_obtained":[{"floor":1,"key":"Poison Potion"},{"floor":5,"key":"SpeedPotion"},{"floor":6,"key":"SneckoOil"},{"floor":12,"key":"Energy Potion"},{"floor":19,"key":"Fire Potion"},{"floor":21,"key":"Dexterity Potion"},{"floor":25,"key":"AttackPotion"},{"floor":29,"key":"Weak Potion"},{"floor":31,"key":"Weak Potion"},{"floor":36,"key":"SpeedPotion"},{"floor":38,"key":"SteroidPotion"},{"floor":39,"key":"Strength Potion"}],"is_trial":false,"path_per_floor":["M","M","M","M","M","E","R","?","T","R","M","M","M","$","R","B",null,"M","M","M","M","$","R","M","E","T","M","R","M","R","M","R","B",null,"M","M","?","M","M","T","R","M"],"character_chosen":"IRONCLAD","items_purchased":["Vajra","Weak Potion","Flame Barrier"],"campfire_rested":5,"item_purchase_floors":[14,14,22],"current_hp_per_floor":[80,80,80,80,70,36,60,53,53,77,76,78,80,80,80,52,80,76,53,55,55,55,79,80,76,76,70,70,52,76,77,77,18,80,70,55,55,16,14,14,38,0],"gold":331,"neow_bonus":"ONE_RANDOM_RARE_CARD","is_prod":false,"is_daily":false,"chose_seed":false,"campfire_upgraded":3,"win_rate":0.0,"timestamp":1561835583,"path_taken":["M","M","M","M","M","E","R","?","T","R","M","M","M","$","R","BOSS","M","M","M","M","$","R","M","E","T","M","R","M","R","M","R","BOSS","M","M","?","M","M","?","R","M"],"build_version":"2019-01-23","purchased_purges":1,"victory":false,"max_hp_per_floor":[80,80,80,80,80,80,80,80,80,80,80,80,80,80,80,80,80,80,80,80,80,80,80,80,80,80,80,80,80,80,80,80,80,80,80,80,80,80,80,80,80,80],"card_choices":[{"not_picked":["Sword Boomerang","Twin Strike"],"picked":"Shrug It Off","floor":1},{"not_picked":["Sever Soul","Bloodletting"],"picked":"Second Wind","floor":2},{"not_picked":["Heavy Blade","True Grit"],"picked":"Disarm","floor":3},{"not_picked":["Shrug It Off","Twin Strike"],"picked":"Headbutt","floor":4},{"not_picked":["Headbutt","Iron Wave"],"picked":"Armaments","floor":5},{"not_picked":["Shockwave","Clash"],"picked":"Immolate","floor":6},{"not_picked":["Power Through","Iron Wave"],"picked":"Carnage","floor":11},{"not_picked":["Twin Strike","Entrench"],"picked":"Metallicize","floor":12},{"not_picked":["Anger","Rage"],"picked":"Impervious","floor":13},{"not_picked":["Dark Embrace","Limit Break"],"picked":"Double Tap","floor":16},{"not_picked":["Headbutt","Iron Wave"],"picked":"Clothesline","floor":18},{"not_picked":["Blood for Blood","Thunderclap"],"picked":"Clothesline+1","floor":19},{"not_picked":["Iron Wave","Cleave"],"picked":"Headbutt+1","floor":20},{"not_picked":["Entrench+1","Feel No Pain+1"],"picked":"Pommel Strike","floor":21},{"not_picked":["Entrench+1","Anger"],"picked":"Warcry","floor":24},{"not_picked":["Power Through","Reckless Charge"],"picked":"Thunderclap+1","floor":25},{"not_picked":["Berserk","Seeing Red"],"picked":"Cleave+1","floor":27},{"not_picked":["Body Slam","Perfected Strike"],"picked":"Warcry+1","floor":29},{"not_picked":["Iron Wave+1","Heavy Blade"],"picked":"Uppercut","floor":31},{"not_picked":["Immolate","Berserk"],"picked":"Demon Form","floor":33},{"not_picked":["Thunderclap","Cleave+1"],"picked":"Sword Boomerang","floor":34},{"not_picked":["Hemokinesis","Wild Strike"],"picked":"Second Wind","floor":34},{"not_picked":["Clothesline+1","Shrug It Off+1"],"picked":"Pommel Strike","floor":34},{"not_picked":["Cleave","Wild Strike"],"picked":"Pommel Strike","floor":34},{"not_picked":["Shrug It Off","Armaments"],"picked":"Limit Break","floor":34},{"not_picked":["Headbutt","Pommel Strike+1"],"picked":"Evolve+1","floor":35},{"not_picked":["Iron Wave+1","Metallicize"],"picked":"Shrug It Off+1","floor":36},{"not_picked":["Cleave","Perfected Strike"],"picked":"Searing Blow+1","floor":38},{"not_picked":["Sword Boomerang+1","Bludgeon"],"picked":"Shrug It Off+1","floor":39}],"player_experience":26767,"relics_obtained":[{"floor":6,"key":"Pantograph"},{"floor":9,"key":"Ice Cream"},{"floor":25,"key":"Gambling Chip"},{"floor":26,"key":"Whetstone"},{"floor":40,"key":"Potion Belt"}],"event_choices":[{"cards_removed":["Strike_R"],"damage_healed":0,"gold_gain":0,"player_choice":"Card Removal","damage_taken":7,"max_hp_gain":0,"max_hp_loss":0,"event_name":"Golden Wing","floor":8,"gold_loss":0},{"cards_removed":["Uppercut"],"damage_healed":0,"gold_gain":0,"player_choice":"Removed Attack","damage_taken":0,"max_hp_gain":0,"max_hp_loss":0,"event_name":"Falling","floor":37,"gold_loss":0}],"is_beta":false,"boss_relics":[{"not_picked":["Astrolabe","White Beast Statue"],"picked":"Mark of Pain"},{"not_picked":["Lizard Tail","Coffee Dripper"],"picked":"Orrery"}],"items_purged_floors":[22],"is_endless":false,"potions_floor_spawned":[1,5,6,12,19,21,25,29,31,36,38,39],"killed_by":"Sphere and 2 Shapes","ascension_level":0}