{"gold_per_floor":[211,227,244,259,10,10,41,41,41,41,57,57,57,70,70,166,166,176,176,79,79,113,113,145,145,145,145,159,172,73,172,172,172],"floor_reached":33,"playtime":1021,"items_purged":["Decay"],"score":263,"play_id":"9de6fbd5-933c-4cdb-8230-dfe0dce23dd6","local_time":"20190329164921","is_ascension_mode":false,"campfire_choices":[{"data":"Perfected Strike","floor":6,"key":"SMITH"},{"floor":8,"key":"REST"},{"data":"Infernal Blade","floor":15,"key":"SMITH"},{"floor":23,"key":"REST"},{"floor":25,"key":"REST"},{"floor":32,"key":"REST"}],"neow_cost":"NONE","seed_source_timestamp":96199719002636,"circlet_count":0,"master_deck":["Strike_R","Strike_R","Strike_R","Defend_R","Defend_R","Defend_R","Defend_R","Bash+1","Wild Strike","Perfected Strike+1","Anger","Power Through","Infernal Blade+1","Iron Wave","Metallicize","Limit Break","Perfected Strike+1","Thunderclap","Twin Strike","Twin Strike","Fiend Fire","Anger","Wild Strike+1","Iron Wave+1","Disarm+1","True Grit"],"relics":["Burning Blood","Paper Frog","Question Card","Lizard Tail","Red Mask","Incense Burner","Bottled Flame"],"potions_floor_usage":[22,33,33,33],"damage_taken":[{"damage":21,"enemies":"Jaw Worm","floor":1,"turns":4},{"damage":0,"enemies":"Cultist","floor":2,"turns":2},{"damage":0,"enemies":"2 Louse","floor":3,"turns":1},{"damage":14,"enemies":"2 Fungi Beasts","floor":4,"turns":4},{"damage":22,"enemies":"Lagavulin","floor":7,"turns":6},{"damage":0,"enemies":"Large Slime","floor":11,"turns":5},{"damage":0,"enemies":"Blue Slaver","floor":14,"turns":2},{"damage":61,"enemies":"Hexaghost","floor":16,"turns":9},{"damage":5,"enemies":"Chosen","floor":18,"turns":2},{"damage":24,"enemies":"Masked Bandits","floor":22,"turns":4},{"damage":94,"enemies":"Gremlin Leader","floor":24,"turns":8},{"damage":15,"enemies":"3 Byrds","floor":28,"turns":6},{"damage":23,"enemies":"Snake Plant","floor":29,"turns":3},{"damage":57,"enemies":"Collector","floor":33,"turns":10}],"seed_played":"-3896328297072473348","potions_obtained":[{"floor":2,"key":"AttackPotion"},{"floor":3,"key":"Fire Potion"},{"floor":4,"key":"Ancient Potion"},{"floor":11,"key":"Ancient Potion"},{"floor":29,"key":"Poison Potion"}],"is_trial":false,"path_per_floor":["M","M","M","M","$","R","E","R","T","$","M","?","?","M","R","B",null,"M","?","$","?","?","R","E","R","T","?","M","M","$","?","R","B"],"character_chosen":"IRONCLAD","items_purchased":["Paper Frog","Thunderclap","Twin Strike","True Grit"],"campfire_rested":4,"item_purchase_floors":[5,20,20,30],"current_hp_per_floor":[65,71,77,69,69,69,53,77,77,77,80,80,80,80,80,25,80,80,80,80,80,62,80,34,58,58,58,49,32,32,32,56,0],"gold":172,"neow_bonus":"HUNDRED_GOLD","is_prod":false,"is_daily":false,"chose_seed":false,"campfire_upgraded":2,"win_rate":0,"timestamp":1553842161,"path_taken":["M","M","M","M","$","R","E","R","T","$","M","?","?","?","R","BOSS","M","?","$","?","?","R","E","R","T","?","M","?","$","?","R","BOSS"],"build_version":"2019-01-23","purchased_purges":1,"victory":false,"max_hp_per_floor":[80,80,80,80,80,80,80,80,80,80,80,80,80,80,80,80,80,80,80,80,80,80,80,80,80,80,80,80,80,80,80,80,80],"card_choices":[{"not_picked":["Havoc","Pummel"],"picked":"Wild Strike","floor":1},{"not_picked":["Armaments","Demon Form"],"picked":"Perfected Strike","floor":2},{"not_picked":["True Grit","Metallicize"],"picked":"Anger","floor":3},{"not_picked":["Warcry","Heavy Blade"],"picked":"Power Through","floor":4},{"not_picked":["Shrug It Off","Bloodletting"],"picked":"Infernal Blade","floor":7},{"not_picked":["Battle Trance","Heavy Blade","Perfected Strike"],"picked":"Iron Wave","floor":11},{"not_picked":["Anger","Reaper","Hemokinesis"],"picked":"Metallicize","floor":14},{"not_picked":["Feed","Fiend Fire","Reaper"],"picked":"Limit Break","floor":16},{"not_picked":["Wild Strike","Pummel+1","Heavy Blade"],"picked":"Perfected Strike+1","floor":18},{"not_picked":["Evolve","Shockwave","Perfected Strike"],"picked":"Anger","floor":22},{"not_picked":["Dropkick","Clash","Hemokinesis+1"],"picked":"Wild Strike+1","floor":24},{"not_picked":["Thunderclap+1","Sword Boomerang","Hemokinesis+1"],"picked":"Iron Wave+1","floor":28},{"not_picked":["Shockwave","Burning Pact","True Grit"],"picked":"Disarm+1","floor":29}],"player_experience":288564,"relics_obtained":[{"floor":7,"key":"Question Card"},{"floor":22,"key":"Red Mask"},{"floor":24,"key":"Incense Burner"},{"floor":26,"key":"Bottled Flame"}],"event_choices":[{"damage_healed":0,"gold_gain":0,"player_choice":"Grow","damage_taken":0,"max_hp_gain":0,"max_hp_loss":0,"event_name":"Living Wall","floor":12,"gold_loss":0,"cards_upgraded":["Bash"]},{"damage_healed":0,"gold_gain":0,"player_choice":"Bought 0 Potions","damage_taken":0,"max_hp_gain":0,"max_hp_loss":0,"event_name":"The Woman in Blue","floor":13,"gold_loss":0},{"damage_healed":0,"gold_gain":0,"player_choice":"Smashed Altar","damage_taken":0,"max_hp_gain":0,"max_hp_loss":0,"event_name":"Forgotten Altar","floor":19,"gold_loss":0,"cards_obtained":["Decay"]},{"damage_healed":0,"gold_gain":0,"cards_transformed":["Strike_R","Strike_R"],"player_choice":"Became Test Subject","damage_taken":0,"max_hp_gain":0,"max_hp_loss":0,"event_name":"Drug Dealer","floor":21,"gold_loss":0,"cards_obtained":["Twin Strike","Fiend Fire"]},{"damage_healed":0,"gold_gain":0,"player_choice":"Fought Bandits","damage_taken":0,"max_hp_gain":0,"max_hp_loss":0,"event_name":"Masked Bandits","floor":22,"gold_loss":0},{"damage_healed":0,"gold_gain":0,"player_choice":"Ignored","damage_taken":0,"max_hp_gain":0,"max_hp_loss":0,"event_name":"Ghosts","floor":27,"gold_loss":0},{"damage_healed":0,"gold_gain":99,"player_choice":"Stole From Cult","damage_taken":0,"max_hp_gain":0,"max_hp_loss":0,"event_name":"Nest","floor":31,"gold_loss":0}],"is_beta":false,"boss_relics":[{"not_picked":["Fusion Hammer","Busted Crown"],"picked":"Lizard Tail"}],"items_purged_floors":[30],"is_endless":false,"potions_floor_spawned":[2,3,4,11,29],"killed_by":"Collector","ascension_level":0}