{"gold_per_floor":[119,44,44,58,58,84,84,99,99,116,116,116],"floor_reached":12,"playtime":504,"items_purged":["Strike_R"],"score":103,"play_id":"e51ce6ed-6601-4e41-bcf9-d920edf9fe9b","local_time":"20190717144510","is_ascension_mode":false,"campfire_choices":[{"data":"Burning Pact","floor":7,"key":"SMITH"},{"data":"Dark Embrace","floor":11,"key":"SMITH"}],"neow_cost":"NONE","seed_source_timestamp":875713623448,"circlet_count":0,"master_deck":["Strike_R","Strike_R","Strike_R","Defend_R","Defend_R","Defend_R","Defend_R","Bash","Ghostly Armor","Burning Pact+1","Sentinel","Dark Embrace+1"],"relics":["Burning Blood","NeowsBlessing","Nunchaku"],"potions_floor_usage":[],"damage_taken":[{"damage":0,"enemies":"2 Louse","floor":1,"turns":1},{"damage":0,"enemies":"Small Slimes","floor":4,"turns":1},{"damage":0,"enemies":"Gremlin Nob","floor":6,"turns":1},{"damage":10,"enemies":"Jaw Worm","floor":8,"turns":5},{"damage":5,"enemies":"Looter","floor":10,"turns":3},{"damage":11,"enemies":"Large Slime","floor":12,"turns":6}],"seed_played":"-6112611521007248129","potions_obtained":[{"floor":1,"key":"FearPotion"}],"is_trial":false,"path_per_floor":["M","$","?","M","?","E","R","M","T","M","R","M"],"character_chosen":"IRONCLAD","items_purchased":[],"campfire_rested":0,"item_purchase_floors":[],"current_hp_per_floor":[80,80,80,80,85,85,85,81,81,82,82,71],"gold":116,"neow_bonus":"THREE_ENEMY_KILL","is_prod":false,"is_daily":false,"chose_seed":false,"campfire_upgraded":2,"win_rate":0,"timestamp":1563367510,"path_taken":["M","$","?","M","?","E","R","M","T","M","R","M"],"build_version":"2019-07-05","purchased_purges":1,"victory":false,"max_hp_per_floor":[80,80,80,80,85,85,85,85,85,85,85,85],"card_choices":[{"not_picked":["Hemokinesis","Wild Strike"],"picked":"Ghostly Armor","floor":1},{"not_picked":["Cleave","Sword Boomerang","Perfected Strike"],"picked":"SKIP","floor":4},{"not_picked":["Sentinel","Heavy Blade"],"picked":"Burning Pact","floor":6},{"not_picked":["Iron Wave","Body Slam"],"picked":"Sentinel","floor":8},{"not_picked":["Thunderclap","Flex"],"picked":"Dark Embrace","floor":10}],"player_experience":204108,"relics_obtained":[{"floor":6,"key":"Nunchaku"}],"event_choices":[{"cards_removed":["Strike_R"],"damage_healed":0,"gold_gain":0,"player_choice":"Forget","damage_taken":0,"max_hp_gain":0,"max_hp_loss":0,"event_name":"Living Wall","floor":3,"gold_loss":0},{"damage_healed":0,"gold_gain":0,"player_choice":"Donut","damage_taken":0,"max_hp_gain":5,"max_hp_loss":0,"event_name":"Big Fish","floor":5,"gold_loss":0}],"is_beta":false,"boss_relics":[],"items_purged_floors":[2],"is_endless":false,"potions_floor_spawned":[1],"killed_by":"Large Slime","ascension_level":0}