{"gold_per_floor":[119,139,139,157,231,231,241,271,271,289,289,301,59,72,72,149,149,167,167,183,98,98,98,128,141,141,161,161,161,215,235,235,311,311,321,337,357,82,96,96,96,108,188,203,203,203,203,46,46,46],"floor_reached":51,"playtime":2750,"items_purged":["Strike_R","Strike_R","Strike_R"],"score":1187,"play_id":"85e93999-91aa-47c8-a9df-4c7aa0cbb158","local_time":"20190705011929","is_ascension_mode":true,"campfire_choices":[{"data":"Twin Strike","floor":6,"key":"SMITH"},{"data":"Flame Barrier","floor":11,"key":"SMITH"},{"data":"Apotheosis","floor":15,"key":"SMITH"},{"data":"Shrug It Off","floor":23,"key":"SMITH"},{"floor":29,"key":"REST"},{"floor":32,"key":"REST"},{"floor":47,"key":"REST"},{"floor":49,"key":"REST"}],"neow_cost":"NONE","seed_source_timestamp":1770139951267937,"circlet_count":0,"master_deck":["AscendersBane","Strike_R","Defend_R","Defend_R","Defend_R","Defend_R","Bash+1","Twin Strike+1","Flame Barrier+1","Ghostly Armor","Rampage+1","Body Slam+1","Apotheosis+1","Iron Wave+1","Feed+1","Shrug It Off+1","Shockwave+1","Headbutt+1","Immolate+1","Battle Trance","Berserk","True Grit+1","Offering","Body Slam+1","Inflame"],"relics":["Burning Blood","Molten Egg 2","Ancient Tea Set","Paper Frog","Orrery","Centennial Puzzle","Pocketwatch","The Courier","Dream Catcher","Runic Pyramid","OrangePellets","Kunai","Blue Candle"],"potions_floor_usage":[8,8,20,20,31,37,39,50],"damage_taken":[{"damage":11,"enemies":"Jaw Worm","floor":1,"turns":5},{"damage":7,"enemies":"2 Louse","floor":2,"turns":2},{"damage":1,"enemies":"Cultist","floor":4,"turns":3},{"damage":1,"enemies":"2 Fungi Beasts","floor":7,"turns":3},{"damage":28,"enemies":"Lagavulin","floor":8,"turns":5},{"damage":8,"enemies":"Blue Slaver","floor":10,"turns":4},{"damage":9,"enemies":"Red Slaver","floor":12,"turns":2},{"damage":0,"enemies":"Looter","floor":14,"turns":3},{"damage":25,"enemies":"Hexaghost","floor":16,"turns":8},{"damage":10,"enemies":"3 Byrds","floor":18,"turns":7},{"damage":23,"enemies":"Chosen","floor":20,"turns":8},{"damage":26,"enemies":"Slavers","floor":24,"turns":6},{"damage":8,"enemies":"Centurion and Healer","floor":25,"turns":6},{"damage":17,"enemies":"Sentry and Sphere","floor":27,"turns":7},{"damage":0,"enemies":"Cultist and Chosen","floor":31,"turns":4},{"damage":42,"enemies":"Collector","floor":33,"turns":8},{"damage":1,"enemies":"3 Shapes","floor":35,"turns":5},{"damage":6,"enemies":"Orb Walker","floor":36,"turns":5},{"damage":42,"enemies":"Writhing Mass","floor":37,"turns":8},{"damage":27,"enemies":"Jaw Worm Horde","floor":39,"turns":4},{"damage":10,"enemies":"Sphere and 2 Shapes","floor":42,"turns":4},{"damage":14,"enemies":"Maw","floor":44,"turns":7},{"damage":38,"enemies":"Time Eater","floor":50,"turns":9}],"seed_played":"-4590918974626099682","potions_obtained":[{"floor":1,"key":"Block Potion"},{"floor":7,"key":"SkillPotion"},{"floor":12,"key":"BloodPotion"},{"floor":16,"key":"SkillPotion"},{"floor":27,"key":"SkillPotion"},{"floor":33,"key":"SkillPotion"},{"floor":35,"key":"BloodPotion"},{"floor":37,"key":"Strength Potion"},{"floor":44,"key":"EssenceOfSteel"},{"floor":46,"key":"GamblersBrew"}],"is_trial":false,"path_per_floor":["M","M","?","M","T","R","M","E","T","M","R","M","$","M","R","B",null,"M","?","M","?","?","R","E","M","T","M","?","R","T","M","R","B",null,"M","M","M","$","M","?","T","M","T","M","?","?","R","$","R","B",null],"character_chosen":"IRONCLAD","items_purchased":["Apotheosis","OrangePellets","SpeedPotion","Inflame"],"campfire_rested":4,"item_purchase_floors":[13,38,38,48],"current_hp_per_floor":[63,62,55,60,60,60,65,43,43,41,41,38,38,44,44,25,63,63,63,65,65,65,65,49,51,51,40,15,42,42,52,80,44,83,92,96,64,64,70,70,70,70,70,66,66,66,99,99,111,79],"gold":46,"neow_bonus":"UPGRADE_CARD","is_prod":false,"is_daily":false,"chose_seed":false,"campfire_upgraded":4,"win_rate":0,"timestamp":1562257169,"path_taken":["M","M","?","M","?","R","M","E","T","M","R","M","$","M","R","BOSS","M","?","?","?","?","R","E","M","T","?","?","R","?","M","R","BOSS","M","M","?","?","M","?","?","M","T","?","?","?","R","$","R","BOSS"],"build_version":"2019-07-01","purchased_purges":3,"victory":true,"max_hp_per_floor":[75,75,75,75,75,75,75,75,75,75,75,75,75,75,75,75,75,79,79,79,79,79,79,83,87,87,87,92,92,92,96,96,96,96,100,104,108,108,108,103,103,107,107,111,111,111,111,111,111,111],"card_choices":[{"not_picked":["Flex","Anger"],"picked":"Twin Strike","floor":1},{"not_picked":["Sword Boomerang","Combust","Armaments"],"picked":"SKIP","floor":2},{"not_picked":["Heavy Blade","Power Through","Havoc"],"picked":"SKIP","floor":4},{"not_picked":["Corruption","Body Slam+1"],"picked":"Flame Barrier","floor":7},{"not_picked":["Perfected Strike+1","Reaper+1"],"picked":"Ghostly Armor","floor":8},{"not_picked":["Combust","Metallicize"],"picked":"Rampage+1","floor":10},{"not_picked":["Clothesline+1","Warcry"],"picked":"Body Slam+1","floor":12},{"not_picked":["True Grit","Bloodletting"],"picked":"Iron Wave+1","floor":14},{"not_picked":["Barricade","Exhume"],"picked":"Feed+1","floor":16},{"not_picked":["Ghostly Armor","Body Slam+1"],"picked":"Shrug It Off","floor":17},{"not_picked":["Rage","Thunderclap+1","Burning Pact"],"picked":"SKIP","floor":18},{"not_picked":["Armaments","Twin Strike+1"],"picked":"Shockwave","floor":20},{"not_picked":["Wild Strike+1","Cleave+1"],"picked":"Headbutt+1","floor":24},{"not_picked":["Immolate+1","Pummel+1","Cleave+1"],"picked":"SKIP","floor":25},{"not_picked":["Pummel+1","Cleave+1"],"picked":"Immolate+1","floor":25},{"not_picked":["Shockwave","Clothesline+1","Twin Strike+1"],"picked":"SKIP","floor":27},{"not_picked":["Anger+1","Heavy Blade+1","Warcry"],"picked":"SKIP","floor":31},{"not_picked":["Fire Breathing","Warcry"],"picked":"Battle Trance","floor":32},{"not_picked":["Limit Break","Brutality"],"picked":"Berserk","floor":33},{"not_picked":["Flex","Sword Boomerang+1"],"picked":"True Grit+1","floor":35},{"not_picked":["Flex","Hemokinesis+1","Thunderclap+1"],"picked":"SKIP","floor":36},{"not_picked":["Wild Strike+1","Heavy Blade+1","Whirlwind+1"],"picked":"SKIP","floor":37},{"not_picked":["Wild Strike+1","Heavy Blade+1","Whirlwind+1"],"picked":"SKIP","floor":37},{"not_picked":["Wild Strike+1","Heavy Blade+1","Whirlwind+1"],"picked":"SKIP","floor":37},{"not_picked":["Pommel Strike+1","Shrug It Off","Perfected Strike+1"],"picked":"SKIP","floor":39},{"not_picked":["Evolve+1","Cleave+1"],"picked":"Offering","floor":42},{"not_picked":["Infernal Blade","Headbutt+1","Pummel+1"],"picked":"SKIP","floor":44},{"not_picked":["Perfected Strike+1","Clash+1"],"picked":"Body Slam+1","floor":47}],"player_experience":1081316,"relics_obtained":[{"floor":5,"key":"Molten Egg 2"},{"floor":8,"key":"Ancient Tea Set"},{"floor":9,"key":"Paper Frog"},{"floor":24,"key":"Pocketwatch"},{"floor":26,"key":"The Courier"},{"floor":30,"key":"Dream Catcher"},{"floor":41,"key":"Kunai"},{"floor":43,"key":"Blue Candle"}],"event_choices":[{"cards_removed":["Strike_R"],"damage_healed":0,"gold_gain":0,"player_choice":"Card Removal","damage_taken":7,"max_hp_gain":0,"max_hp_loss":0,"event_name":"Golden Wing","floor":3,"gold_loss":0},{"damage_healed":0,"gold_gain":0,"player_choice":"0 cards matched","damage_taken":0,"max_hp_gain":0,"max_hp_loss":0,"event_name":"Match and Keep!","floor":19,"gold_loss":0,"cards_obtained":[]},{"damage_healed":0,"gold_gain":0,"player_choice":"Obtained Relic","damage_taken":0,"relics_obtained":["Centennial Puzzle"],"max_hp_gain":0,"max_hp_loss":0,"event_name":"Addict","floor":21,"gold_loss":85},{"damage_healed":0,"gold_gain":0,"player_choice":"Upgraded","damage_taken":0,"max_hp_gain":0,"max_hp_loss":0,"event_name":"Upgrade Shrine","floor":22,"gold_loss":0,"cards_upgraded":["Shockwave"]},{"damage_healed":0,"gold_gain":0,"player_choice":"Shed Blood","damage_taken":30,"max_hp_gain":5,"max_hp_loss":0,"event_name":"Forgotten Altar","floor":28,"gold_loss":0},{"damage_healed":0,"gold_gain":0,"player_choice":"Max HP","damage_taken":0,"max_hp_gain":0,"max_hp_loss":5,"event_name":"Winding Halls","floor":40,"gold_loss":0},{"damage_healed":0,"gold_gain":0,"player_choice":"Ignored","damage_taken":0,"max_hp_gain":0,"max_hp_loss":0,"event_name":"Mysterious Sphere","floor":45,"gold_loss":0},{"damage_healed":0,"gold_gain":0,"player_choice":"Got Potions","damage_taken":0,"max_hp_gain":0,"max_hp_loss":0,"event_name":"Lab","floor":46,"gold_loss":0}],"is_beta":false,"boss_relics":[{"not_picked":["Calling Bell","Black Star"],"picked":"Orrery"},{"not_picked":["Eternal Feather","Pandora\u0027s Box"],"picked":"Runic Pyramid"}],"items_purged_floors":[13,38,48],"is_endless":false,"potions_floor_spawned":[1,7,12,16,18,20,27,33,35,37,44],"ascension_level":15}