{"gold_per_floor":[116,129,5,16,29,29,61,11,11,31,48,48,67,82,82,178,178,196,206,206,221,235,235,235],"floor_reached":24,"playtime":1763,"items_purged":["Defend_R"],"score":235,"play_id":"baf0aa59-e6fa-4bde-a035-114dd5d99187","local_time":"20190716040317","is_ascension_mode":true,"campfire_choices":[{"data":"Infernal Blade","floor":6,"key":"SMITH"},{"data":"Perfected Strike","floor":12,"key":"SMITH"},{"data":"Warcry","floor":15,"key":"SMITH"},{"data":"Bash","floor":23,"key":"SMITH"}],"neow_cost":"NONE","seed_source_timestamp":26031754829984,"circlet_count":0,"master_deck":["Strike_R","Strike_R","Strike_R","Strike_R","Strike_R","Defend_R","Defend_R","Bash+1","Seeing Red","Clash","Clash","Warcry+1","Infernal Blade+1","Perfected Strike+1","Warcry","Twin Strike","Metallicize","Reaper","Warcry","Perfected Strike+1","Wild Strike+1"],"relics":["Burning Blood","Dodecahedron","Lizard Tail"],"potions_floor_usage":[7,21],"damage_taken":[{"damage":8,"enemies":"Small Slimes","floor":1,"turns":5},{"damage":4,"enemies":"Jaw Worm","floor":2,"turns":4},{"damage":0,"enemies":"Cultist","floor":4,"turns":2},{"damage":5,"enemies":"2 Fungi Beasts","floor":5,"turns":3},{"damage":5,"enemies":"3 Sentries","floor":7,"turns":5},{"damage":6,"enemies":"Lots of Slimes","floor":10,"turns":2},{"damage":7,"enemies":"3 Louse","floor":11,"turns":2},{"damage":8,"enemies":"2 Fungi Beasts","floor":13,"turns":3},{"damage":0,"enemies":"Gremlin Gang","floor":14,"turns":2},{"damage":13,"enemies":"Slime Boss","floor":16,"turns":9},{"damage":14,"enemies":"Shell Parasite","floor":18,"turns":2},{"damage":4,"enemies":"Chosen","floor":19,"turns":3},{"damage":23,"enemies":"Centurion and Healer","floor":21,"turns":3},{"damage":35,"enemies":"3 Cultists","floor":22,"turns":5},{"damage":48,"enemies":"Shelled Parasite and Fungi","floor":24,"turns":5}],"seed_played":"274357110382528306","potions_obtained":[{"floor":2,"key":"Explosive Potion"},{"floor":4,"key":"SneckoOil"},{"floor":11,"key":"Fire Potion"},{"floor":16,"key":"Regen Potion"},{"floor":18,"key":"SteroidPotion"},{"floor":22,"key":"Swift Potion"}],"is_trial":false,"path_per_floor":["M","M","$","M","M","R","E","?","T","M","M","R","M","M","R","B",null,"M","M","?","M","M","R","M"],"character_chosen":"IRONCLAD","items_purchased":["Clash"],"campfire_rested":0,"item_purchase_floors":[3],"current_hp_per_floor":[86,88,88,88,88,88,88,88,88,88,87,87,85,88,88,81,88,80,82,82,65,48,48,44],"gold":235,"neow_bonus":"TEN_PERCENT_HP_BONUS","is_prod":false,"is_daily":false,"chose_seed":false,"campfire_upgraded":4,"win_rate":0,"timestamp":1563242597,"path_taken":["M","M","$","M","M","R","E","?","T","M","M","R","M","M","R","BOSS","M","M","?","M","?","R","M"],"build_version":"2019-07-05","purchased_purges":1,"victory":false,"max_hp_per_floor":[88,88,88,88,88,88,88,88,88,88,88,88,88,88,88,88,88,88,88,88,88,88,88,88],"card_choices":[{"not_picked":["Thunderclap","Warcry"],"picked":"Seeing Red","floor":1},{"not_picked":["Battle Trance","Iron Wave"],"picked":"Clash","floor":2},{"not_picked":["Armaments","Anger"],"picked":"Warcry","floor":4},{"not_picked":["Body Slam","True Grit"],"picked":"Infernal Blade","floor":5},{"not_picked":["Seeing Red","Disarm"],"picked":"Perfected Strike","floor":7},{"not_picked":["Barricade","Heavy Blade"],"picked":"Warcry","floor":10},{"not_picked":["Rampage","Headbutt"],"picked":"Twin Strike","floor":11},{"not_picked":["Havoc","Cleave"],"picked":"Metallicize","floor":13},{"not_picked":["Flex","Headbutt","Clothesline"],"picked":"SKIP","floor":14},{"not_picked":["Juggernaut","Berserk"],"picked":"Reaper","floor":16},{"not_picked":["Pummel","Sword Boomerang"],"picked":"Warcry","floor":18},{"not_picked":["Pummel","Body Slam","Shrug It Off"],"picked":"SKIP","floor":19},{"not_picked":["Sword Boomerang","Havoc"],"picked":"Perfected Strike+1","floor":21},{"not_picked":["Second Wind","Burning Pact"],"picked":"Wild Strike+1","floor":22}],"player_experience":163165,"relics_obtained":[{"floor":7,"key":"Dodecahedron"}],"event_choices":[{"cards_removed":["Defend_R"],"damage_healed":0,"gold_gain":0,"player_choice":"Card Removal","damage_taken":0,"max_hp_gain":0,"max_hp_loss":0,"event_name":"The Cleric","floor":8,"gold_loss":50},{"damage_healed":0,"gold_gain":0,"player_choice":"0 cards matched","damage_taken":0,"max_hp_gain":0,"max_hp_loss":0,"event_name":"Match and Keep!","floor":20,"gold_loss":0,"cards_obtained":[]}],"is_beta":false,"boss_relics":[{"not_picked":["Eternal Feather","Snecko Eye"],"picked":"Lizard Tail"}],"items_purged_floors":[3],"is_endless":false,"potions_floor_spawned":[2,4,11,16,18,22],"killed_by":"Shelled Parasite and Fungi","ascension_level":3}