{"gold_per_floor":[110,185,185,185,26,59,72,101,126,140,140,40,57,42,42,42],"floor_reached":16,"playtime":928,"items_purged":["Strike_B","Strike_B"],"score":196,"play_id":"fe922223-a790-4924-8fa6-3de19ead1b80","local_time":"20190324100537","is_ascension_mode":true,"campfire_choices":[{"floor":11.0,"key":"REST"},{"floor":15,"key":"REST"}],"neow_cost":"NONE","seed_source_timestamp":985023958993043,"circlet_count":0,"master_deck":["Strike_B","Defend_B","Defend_B","Defend_B","Defend_B","Zap","Dualcast","Capacitor","Gash","Capacitor","Scrape","Defragment","Defragment"],"special_seed":0,"relics":["Cracked Core","NeowsBlessing","Blood Vial","Pocketwatch","Boot"],"potions_floor_usage":[13,13,14],"damage_taken":[{"damage":0.0,"enemies":"Small Slimes","floor":1.0,"turns":1.0},{"damage":0.0,"enemies":"3 Sentries","floor":6.0,"turns":1.0},{"damage":0.0,"enemies":"Jaw Worm","floor":7.0,"turns":1.0},{"damage":60.0,"enemies":"Gremlin Nob","floor":8.0,"turns":6.0},{"damage":1.0,"enemies":"Cultist","floor":10.0,"turns":3.0},{"damage":5,"enemies":"Looter","floor":13,"turns":4},{"damage":14,"enemies":"Exordium Thugs","floor":14,"turns":4},{"damage":45,"enemies":"Slime Boss","floor":16,"turns":5}],"seed_played":"3526812849964687836","potions_obtained":[{"floor":8.0,"key":"SneckoOil"},{"floor":10.0,"key":"Block Potion"},{"floor":13,"key":"EssenceOfSteel"}],"is_trial":false,"path_per_floor":["M","?","?","?","$","E","M","E","T","M","R","$","M","M","R","B"],"character_chosen":"DEFECT","items_purchased":["Gash","Capacitor"],"campfire_rested":2,"item_purchase_floors":[5,5],"current_hp_per_floor":[68,57,57,62,62,62,64,6,6,7,31,31,28,16,40,0],"gold":42,"neow_bonus":"THREE_ENEMY_KILL","is_prod":false,"is_daily":false,"chose_seed":false,"campfire_upgraded":0,"win_rate":0,"timestamp":1553439937,"path_taken":["M","?","?","?","?","E","?","E","T","M","R","?","M","M","R","BOSS"],"build_version":"2019-01-23","purchased_purges":2,"victory":false,"max_hp_per_floor":[75,75,75,80,80,80,80,80,80,80,80,80,80,80,80,80],"card_choices":[{"not_picked":["Leap","Force Field"],"picked":"Capacitor","floor":1.0},{"not_picked":["Streamline","Creative AI"],"picked":"Scrape","floor":6.0},{"not_picked":["Barrage","Doom and Gloom","Cold Snap"],"picked":"SKIP","floor":7.0},{"not_picked":["Conserve Battery","Turbo"],"picked":"Defragment","floor":8.0},{"not_picked":["Heatsinks","Genetic Algorithm"],"picked":"Defragment","floor":10.0},{"not_picked":["Barrage","Force Field","Turbo"],"picked":"SKIP","floor":13},{"not_picked":["Cold Snap","Rip and Tear","Aggregate"],"picked":"SKIP","floor":14}],"player_experience":487374,"relics_obtained":[{"floor":6.0,"key":"Blood Vial"},{"floor":8.0,"key":"Pocketwatch"},{"floor":9.0,"key":"Boot"}],"event_choices":[{"damage_healed":0.0,"max_hp_gain":0.0,"max_hp_loss":0.0,"gold_gain":75.0,"event_name":"World of Goop","player_choice":"Gather Gold","floor":2.0,"gold_loss":0.0,"damage_taken":11.0},{"cards_removed":["Strike_B"],"damage_healed":0.0,"max_hp_gain":0.0,"max_hp_loss":0.0,"gold_gain":0.0,"event_name":"Living Wall","player_choice":"Forget","floor":3.0,"gold_loss":0.0,"damage_taken":0.0},{"damage_healed":0.0,"max_hp_gain":5.0,"max_hp_loss":0.0,"gold_gain":0.0,"event_name":"Big Fish","player_choice":"Donut","floor":4.0,"gold_loss":0.0,"damage_taken":0.0}],"is_beta":false,"boss_relics":[],"items_purged_floors":[5,12],"is_endless":false,"potions_floor_spawned":[8,10,13],"killed_by":"Slime Boss","ascension_level":9}