{"gold_per_floor":[361,361,361,361,536,536,550,47,47,47,47,80,100,100,100,100],"floor_reached":16,"playtime":377,"items_purged":["Regret"],"score":115,"play_id":"9684c2b7-e2f6-431d-817e-182884df9c6f","local_time":"20190426193527","is_ascension_mode":true,"campfire_choices":[{"data":"Bash","floor":6,"key":"SMITH"},{"data":"Uppercut","floor":10,"key":"SMITH"},{"floor":15,"key":"REST"}],"neow_cost":"CURSE","seed_source_timestamp":83351481004417,"circlet_count":0,"master_deck":["Strike_R","Strike_R","Strike_R","Strike_R","Strike_R","Defend_R","Defend_R","Defend_R","Defend_R","Bash+1","Clumsy","Ghostly Armor","Spot Weakness","Uppercut+1","Cleave","Corruption","Inflame"],"relics":["Burning Blood","Juzu Bracelet","Nunchaku","ClockworkSouvenir","PreservedInsect","Singing Bowl","Prayer Wheel","Magic Flower"],"potions_floor_usage":[],"damage_taken":[{"damage":16,"enemies":"Small Slimes","floor":1,"turns":5},{"damage":6,"enemies":"2 Louse","floor":7,"turns":3},{"damage":30,"enemies":"3 Sentries","floor":12,"turns":7},{"damage":11,"enemies":"Cultist","floor":13,"turns":4},{"damage":59,"enemies":"The Guardian","floor":16,"turns":11}],"seed_played":"1190082396583464478","potions_obtained":[{"floor":7,"key":"SmokeBomb"}],"is_trial":false,"path_per_floor":["M","?","?","?","?","R","M","$","T","R","?","E","M","T","R","B"],"character_chosen":"IRONCLAD","items_purchased":["ClockworkSouvenir","PreservedInsect","Uppercut"],"campfire_rested":1,"item_purchase_floors":[8,8,8],"current_hp_per_floor":[70,67,67,67,67,67,67,67,67,67,60,36,31,31,55,0],"gold":100,"neow_bonus":"TWO_FIFTY_GOLD","is_prod":false,"is_daily":false,"chose_seed":false,"campfire_upgraded":2,"win_rate":0,"timestamp":1556271327,"path_taken":["M","?","?","?","?","R","M","$","T","R","?","E","M","?","R","BOSS"],"build_version":"2019-01-23","purchased_purges":1,"victory":false,"max_hp_per_floor":[80,80,80,80,80,80,80,80,80,80,80,80,80,80,80,80],"card_choices":[{"not_picked":["Clash","Burning Pact"],"picked":"Perfected Strike","floor":1},{"not_picked":["Headbutt","True Grit"],"picked":"Spot Weakness","floor":7},{"not_picked":["Shrug It Off","Havoc"],"picked":"Cleave","floor":12},{"not_picked":["Shrug It Off","Headbutt"],"picked":"Corruption","floor":13},{"not_picked":["Clothesline","Dual Wield"],"picked":"Inflame","floor":13}],"player_experience":492414,"relics_obtained":[{"floor":9,"key":"Singing Bowl"},{"floor":12,"key":"Prayer Wheel"},{"floor":14,"key":"Magic Flower"}],"event_choices":[{"damage_healed":0,"gold_gain":0,"player_choice":"Success","damage_taken":3,"relics_obtained":["Juzu Bracelet"],"max_hp_gain":0,"max_hp_loss":0,"event_name":"Scrap Ooze","floor":2,"gold_loss":0},{"damage_healed":0,"gold_gain":0,"cards_transformed":["Perfected Strike"],"player_choice":"Transformed","damage_taken":0,"max_hp_gain":0,"max_hp_loss":0,"event_name":"Transmorgrifier","floor":3,"gold_loss":0,"cards_obtained":["Ghostly Armor"]},{"damage_healed":0,"gold_gain":0,"player_choice":"Box","damage_taken":0,"relics_obtained":["Nunchaku"],"max_hp_gain":0,"max_hp_loss":0,"event_name":"Big Fish","floor":4,"gold_loss":0,"cards_obtained":["Regret"]},{"damage_healed":0,"gold_gain":175,"player_choice":"AGREE","damage_taken":0,"max_hp_gain":0,"max_hp_loss":0,"event_name":"Liars Game","floor":5,"gold_loss":0,"cards_obtained":["Doubt"]},{"cards_removed":["Doubt"],"damage_healed":0,"gold_gain":0,"player_choice":"Card Removal","damage_taken":7,"max_hp_gain":0,"max_hp_loss":0,"event_name":"Golden Wing","floor":11,"gold_loss":0}],"is_beta":false,"boss_relics":[],"items_purged_floors":[8],"is_endless":false,"potions_floor_spawned":[7],"killed_by":"The Guardian","ascension_level":4}