{"gold_per_floor":[119,119,20,38,54,80,93,93,117,17,17,17,41,56,56,182,182],"floor_reached":17,"playtime":557,"items_purged":["Shame","Strike_B"],"score":173,"play_id":"109f4d0f-1c41-409e-b913-b5225e17466d","local_time":"20190115173713","is_ascension_mode":true,"campfire_choices":[{"data":"Go for the Eyes","floor":8,"key":"SMITH"},{"floor":15,"key":"REST"}],"neow_cost":"CURSE","seed_source_timestamp":0,"circlet_count":0,"master_deck":["Strike_B","Strike_B","Strike_B","Defend_B","Defend_B","Defend_B","Defend_B","Zap","Dualcast","FTL","Hologram","Cold Snap","Sweeping Beam","Go for the Eyes+1","Gash"],"special_seed":0,"relics":["Cracked Core","Lantern","Art of War","Happy Flower","Golden Idol","Cursed Key"],"potions_floor_usage":[],"damage_taken":[{"damage":7.0,"enemies":"Small Slimes","floor":1.0,"turns":3.0},{"damage":3.0,"enemies":"Cultist","floor":4.0,"turns":3.0},{"damage":4.0,"enemies":"Jaw Worm","floor":5.0,"turns":3.0},{"damage":36.0,"enemies":"Lagavulin","floor":6.0,"turns":6.0},{"damage":2.0,"enemies":"Blue Slaver","floor":7.0,"turns":4.0},{"damage":11,"enemies":"2 Fungi Beasts","floor":13,"turns":3},{"damage":24,"enemies":"Exordium Wildlife","floor":14,"turns":4},{"damage":19,"enemies":"Hexaghost","floor":16,"turns":12}],"seed_played":"-8357229576463192865","potions_obtained":[{"floor":1.0,"key":"SkillPotion"},{"floor":5.0,"key":"EssenceOfSteel"},{"floor":6.0,"key":"AttackPotion"},{"floor":14,"key":"Weak Potion"},{"floor":16,"key":"SteroidPotion"}],"is_trial":false,"path_per_floor":["M","?","$","M","M","E","M","R","T","$","?","$","M","M","R","B",null],"character_chosen":"DEFECT","items_purchased":["Hologram"],"campfire_rested":1,"item_purchase_floors":[3],"current_hp_per_floor":[82,82,82,79,75,39,37,37,37,37,37,37,26,2,26,7,82],"gold":182,"neow_bonus":"TWENTY_PERCENT_HP_BONUS","is_prod":false,"is_daily":false,"chose_seed":false,"campfire_upgraded":1,"win_rate":0,"timestamp":1547591833,"path_taken":["M","?","$","M","M","E","M","R","T","?","?","?","M","?","R","BOSS"],"build_version":"2019-01-10","purchased_purges":2,"victory":false,"max_hp_per_floor":[89,89,89,89,89,89,89,89,89,89,82,82,82,82,82,82,82],"card_choices":[{"not_picked":["Conserve Battery","Scrape"],"picked":"FTL","floor":1.0},{"not_picked":["Skim","Storm"],"picked":"Cold Snap","floor":4.0},{"not_picked":["Chill","Tempest"],"picked":"Sweeping Beam","floor":5.0},{"not_picked":["FTL","Rainbow","Undo"],"picked":"SKIP","floor":6.0},{"not_picked":["Doom and Gloom","Cold Snap"],"picked":"Go for the Eyes","floor":7.0},{"not_picked":["Conserve Battery","Compile Driver"],"picked":"Gash","floor":13},{"not_picked":["Blizzard","Rebound","Streamline"],"picked":"SKIP","floor":14}],"player_experience":77698,"relics_obtained":[{"floor":6.0,"key":"Art of War"},{"floor":9,"key":"Happy Flower"}],"event_choices":[{"damage_healed":0.0,"max_hp_gain":0.0,"max_hp_loss":0.0,"gold_gain":0.0,"event_name":"WeMeetAgain","player_choice":"Gave Potion","floor":2.0,"gold_loss":0.0,"damage_taken":0.0,"relics_obtained":["Lantern"]},{"damage_healed":0,"gold_gain":0,"player_choice":"Lose Max HP","damage_taken":0,"relics_obtained":["Golden Idol"],"max_hp_gain":0,"max_hp_loss":7,"event_name":"Golden Idol","floor":11,"gold_loss":0}],"is_beta":false,"boss_relics":[{"not_picked":["Eternal Feather","Inserter"],"picked":"Cursed Key"}],"items_purged_floors":[3,10],"is_endless":false,"potions_floor_spawned":[1,5,6,14,16],"ascension_level":2}