{"gold_per_floor":[114,129,9,24,39,69,69,84,109,124,154,154,169,169,169,269,269,284,299,314,314,344,344,359,374,374,374,374,389,404,42,42,42],"floor_reached":33,"playtime":1597,"items_purged":["Havoc"],"score":308,"play_id":"8e5ce0aa-c15c-4e83-bdbe-0a3d3f599564","local_time":"20190422032832","daily_mods":["Draft","Green Cards","DeadlyEvents"],"is_ascension_mode":false,"campfire_choices":[{"data":"Envenom","floor":7.0,"key":"SMITH"},{"data":"Entrench","floor":12,"key":"SMITH"},{"data":"Armaments","floor":15,"key":"SMITH"},{"floor":23,"key":"REST"},{"data":"Envenom","floor":27,"key":"SMITH"},{"floor":32,"key":"REST"}],"neow_cost":"","seed_source_timestamp":0,"circlet_count":0,"master_deck":["Deflect","Terror","Quick Slash","Outmaneuver","Cleave","Clash","Poisoned Stab","Choke","Warcry","Power Through","Slice","Finisher","Backstab","Backflip","Entrench+1","Rage","Outmaneuver","Cloak And Dagger","Disarm","Envenom+1","Underhanded Strike","Warcry","Shrug It Off","Armaments+1","Envenom+1","Slice+1","Dagger Throw","Heavy Blade+1","Sword Boomerang","Cloak And Dagger","Underhanded Strike","Poisoned Stab+1","Headbutt","Apotheosis","Cloak And Dagger","Well Laid Plans","Clothesline"],"special_seed":18007,"relics":["Burning Blood","Bag of Marbles","Bronze Scales","Letter Opener","Runic Dome","Blood Vial","Blue Candle","Nilry\u0027s Codex"],"potions_floor_usage":[16,16,16,18,22,24,25,29,33],"damage_taken":[{"damage":0.0,"enemies":"Cultist","floor":1.0,"turns":2.0},{"damage":0.0,"enemies":"2 Louse","floor":2.0,"turns":1.0},{"damage":0.0,"enemies":"Small Slimes","floor":4.0,"turns":2.0},{"damage":10.0,"enemies":"Exordium Thugs","floor":5.0,"turns":3.0},{"damage":12.0,"enemies":"Lagavulin","floor":6.0,"turns":5.0},{"damage":0.0,"enemies":"2 Fungi Beasts","floor":8.0,"turns":1.0},{"damage":0.0,"enemies":"3 Louse","floor":10.0,"turns":2.0},{"damage":14,"enemies":"3 Sentries","floor":11,"turns":6},{"damage":4,"enemies":"Lots of Slimes","floor":13,"turns":3},{"damage":36,"enemies":"Slime Boss","floor":16,"turns":11},{"damage":1,"enemies":"Spheric Guardian","floor":18,"turns":3},{"damage":12,"enemies":"Shell Parasite","floor":19,"turns":2},{"damage":29,"enemies":"Shelled Parasite and Fungi","floor":20,"turns":4},{"damage":18,"enemies":"Slavers","floor":22,"turns":4},{"damage":0,"enemies":"Snake Plant","floor":24,"turns":2},{"damage":1,"enemies":"Snecko","floor":25,"turns":4},{"damage":10,"enemies":"Shelled Parasite and Fungi","floor":29,"turns":4},{"damage":13,"enemies":"Centurion and Healer","floor":30,"turns":5},{"damage":78,"enemies":"Collector","floor":33,"turns":7}],"seed_played":"5562409950653752880","potions_obtained":[{"floor":1.0,"key":"Explosive Potion"},{"floor":2.0,"key":"PowerPotion"},{"floor":4.0,"key":"GamblersBrew"},{"floor":8.0,"key":"SneckoOil"},{"floor":10.0,"key":"Ancient Potion"},{"floor":14,"key":"SneckoOil"},{"floor":16,"key":"SkillPotion"},{"floor":18,"key":"Strength Potion"},{"floor":22,"key":"AttackPotion"},{"floor":24,"key":"Swift Potion"},{"floor":25,"key":"EssenceOfSteel"},{"floor":29,"key":"SkillPotion"}],"is_trial":false,"path_per_floor":["M","M","$","M","M","E","R","M","T","M","E","R","M","?","R","B",null,"M","M","M","?","E","R","M","M","T","R","?","M","M","$","R","B"],"character_chosen":"IRONCLAD","items_purchased":["Outmaneuver","Apotheosis","Cloak And Dagger","Well Laid Plans","Clothesline"],"campfire_rested":2,"item_purchase_floors":[3,31,31,31,31],"current_hp_per_floor":[80,80,80,80,76,70,70,76,76,80,72,72,74,74,74,44,80,80,74,51,36,24,49,57,64,64,64,48,46,41,41,66,0],"gold":42,"neow_bonus":"","is_prod":false,"is_daily":true,"chose_seed":false,"campfire_upgraded":4,"win_rate":0,"timestamp":1555867712,"path_taken":["M","M","?","M","M","E","R","M","T","M","E","R","M","?","R","BOSS","M","?","M","?","?","R","M","M","T","R","?","M","M","$","R","BOSS"],"build_version":"2019-01-23","purchased_purges":1,"victory":false,"max_hp_per_floor":[80,80,80,80,80,80,80,80,80,80,80,80,80,80,80,80,80,80,80,80,85,85,85,85,85,85,85,85,85,85,85,85,85],"card_choices":[{"not_picked":["Escape Plan","Bouncing Flask"],"picked":"Havoc","floor":0.0},{"not_picked":["Clash","Escape Plan"],"picked":"Deflect","floor":0.0},{"not_picked":["Deadly Poison","Blade Dance"],"picked":"Terror","floor":0.0},{"not_picked":["Dodge and Roll","Intimidate"],"picked":"Quick Slash","floor":0.0},{"not_picked":["Eviscerate","Bane"],"picked":"Outmaneuver","floor":0.0},{"not_picked":["Outmaneuver","Deflect"],"picked":"Cleave","floor":0.0},{"not_picked":["Dagger Spray","Whirlwind"],"picked":"Clash","floor":0.0},{"not_picked":["Sword Boomerang","Combust"],"picked":"Poisoned Stab","floor":0.0},{"not_picked":["Calculated Gamble","Deadly Poison"],"picked":"Choke","floor":0.0},{"not_picked":["Iron Wave","Battle Trance"],"picked":"Warcry","floor":0.0},{"not_picked":["Spot Weakness","Flex"],"picked":"Power Through","floor":0.0},{"not_picked":["Flying Knee","Prepared"],"picked":"Slice","floor":0.0},{"not_picked":["Twin Strike","Riddle With Holes"],"picked":"Finisher","floor":0.0},{"not_picked":["Burning Pact","Poisoned Stab"],"picked":"Backstab","floor":0.0},{"not_picked":["Dodge and Roll","Dagger Spray"],"picked":"Backflip","floor":0.0},{"not_picked":["Finisher","Crippling Poison"],"picked":"Entrench","floor":1.0},{"not_picked":["Rampage","Deadly Poison"],"picked":"Rage","floor":2.0},{"not_picked":["Crippling Poison","Dropkick"],"picked":"Cloak And Dagger","floor":4.0},{"not_picked":["Feel No Pain","Sucker Punch"],"picked":"Disarm","floor":5.0},{"not_picked":["Havoc","Accuracy"],"picked":"Envenom","floor":6.0},{"not_picked":["Whirlwind","Cleave"],"picked":"Underhanded Strike","floor":8.0},{"not_picked":["Rampage","Accuracy"],"picked":"Warcry","floor":10.0},{"not_picked":["Accuracy","True Grit"],"picked":"Shrug It Off","floor":11},{"not_picked":["Bloodletting","Backflip"],"picked":"Armaments","floor":13},{"not_picked":["Fiend Fire","Wraith Form v2"],"picked":"Envenom","floor":16},{"not_picked":["Sucker Punch","Dagger Spray"],"picked":"Slice+1","floor":18},{"not_picked":["Bane","Slice"],"picked":"Dagger Throw","floor":19},{"not_picked":["Shrug It Off","Cleave+1"],"picked":"Heavy Blade+1","floor":20},{"not_picked":["Fire Breathing","Rampage"],"picked":"Sword Boomerang","floor":22},{"not_picked":["Entrench+1","Flechettes"],"picked":"Cloak And Dagger","floor":24},{"not_picked":["Shrug It Off","Wraith Form v2"],"picked":"Underhanded Strike","floor":25},{"not_picked":["Searing Blow","Acrobatics+1"],"picked":"Poisoned Stab+1","floor":29},{"not_picked":["Whirlwind+1","Feel No Pain"],"picked":"Headbutt","floor":30}],"player_experience":420423,"relics_obtained":[{"floor":6.0,"key":"Bag of Marbles"},{"floor":9.0,"key":"Bronze Scales"},{"floor":11,"key":"Letter Opener"},{"floor":22,"key":"Blood Vial"},{"floor":26,"key":"Blue Candle"},{"floor":28,"key":"Nilry\u0027s Codex"}],"event_choices":[{"damage_healed":0,"gold_gain":0,"player_choice":"Got Potions","damage_taken":0,"max_hp_gain":0,"max_hp_loss":0,"event_name":"Lab","floor":14,"gold_loss":0},{"damage_healed":0,"gold_gain":0,"player_choice":"Shed Blood","damage_taken":20,"max_hp_gain":5,"max_hp_loss":0,"event_name":"Forgotten Altar","floor":21,"gold_loss":0},{"damage_healed":0,"gold_gain":0,"player_choice":"Obtained Book","damage_taken":16,"max_hp_gain":0,"max_hp_loss":0,"event_name":"Cursed Tome","floor":28,"gold_loss":0}],"is_beta":false,"boss_relics":[{"not_picked":["Astrolabe","Snecko Eye"],"picked":"Runic Dome"}],"items_purged_floors":[3],"is_endless":false,"potions_floor_spawned":[1,2,4,8,10,13,16,18,22,24,25,29],"killed_by":"Collector","ascension_level":0}