{"gold_per_floor":[109,62,82,82,101,101,127,92,169,203,203,203,216,231,231,336,336,351,266,286,302,302,302,317,317,317,317,76,76,87,101,101,101],"floor_reached":33,"playtime":14183,"items_purged":["Strike_G"],"score":257,"play_id":"a36c59c7-7123-4e66-97bf-ab9610b301b1","local_time":"20190713130645","is_ascension_mode":false,"campfire_choices":[{"floor":6,"key":"REST"},{"floor":11,"key":"REST"},{"data":"Deadly Poison","floor":15,"key":"SMITH"},{"floor":23,"key":"REST"},{"data":"Quick Slash","floor":25,"key":"SMITH"},{"data":"Caltrops","floor":27,"key":"SMITH"},{"floor":32,"key":"REST"}],"neow_cost":"NONE","seed_source_timestamp":46711550998200,"circlet_count":0,"master_deck":["Strike_G","Strike_G","Strike_G","Strike_G","Defend_G+1","Defend_G+1","Defend_G","Defend_G","Defend_G","Survivor+1","Neutralize","Dodge and Roll","Backflip+1","Backflip","Poisoned Stab","Outmaneuver","Quick Slash+1","Poisoned Stab","Deadly Poison+1","After Image","Sucker Punch","Sucker Punch+1","Well Laid Plans+1","Caltrops+1","Sucker Punch+1","Necronomicurse","Dagger Spray+1","Deadly Poison"],"relics":["Ring of the Snake","NeowsBlessing","Bag of Preparation","Sundial","Bird Faced Urn","Vajra","White Beast Statue","War Paint","Molten Egg 2","Pantograph","Blood Vial","Necronomicon"],"potions_floor_usage":[7,10,16,24,24,31,33,33,33],"damage_taken":[{"damage":0,"enemies":"Small Slimes","floor":1,"turns":1},{"damage":0,"enemies":"2 Louse","floor":3,"turns":1},{"damage":0,"enemies":"Cultist","floor":5,"turns":1},{"damage":40,"enemies":"3 Sentries","floor":7,"turns":13},{"damage":18,"enemies":"Lagavulin","floor":10,"turns":10},{"damage":3,"enemies":"Exordium Wildlife","floor":13,"turns":5},{"damage":2,"enemies":"Large Slime","floor":14,"turns":6},{"damage":8,"enemies":"The Guardian","floor":16,"turns":9},{"damage":15,"enemies":"Spheric Guardian","floor":18,"turns":8},{"damage":5,"enemies":"3 Byrds","floor":20,"turns":8},{"damage":37,"enemies":"3 Cultists","floor":21,"turns":8},{"damage":30,"enemies":"Cultist and Chosen","floor":24,"turns":8},{"damage":15,"enemies":"Snake Plant","floor":30,"turns":4},{"damage":21,"enemies":"Snecko","floor":31,"turns":6},{"damage":97,"enemies":"Collector","floor":33,"turns":9}],"seed_played":"4636216858764531096","potions_obtained":[{"floor":1,"key":"Weak Potion"},{"floor":3,"key":"SteroidPotion"},{"floor":7,"key":"SneckoOil"},{"floor":18,"key":"EssenceOfSteel"},{"floor":20,"key":"Regen Potion"},{"floor":21,"key":"Regen Potion"},{"floor":24,"key":"Ancient Potion"},{"floor":30,"key":"Regen Potion"},{"floor":31,"key":"Regen Potion"}],"is_trial":false,"path_per_floor":["M","$","M","?","M","R","E","?","T","E","R","?","M","M","R","B",null,"M","?","M","M","?","R","M","R","T","R","$","?","M","M","R","B"],"character_chosen":"THE_SILENT","items_purchased":["Backflip","Blood Vial","Sucker Punch+1"],"campfire_rested":4,"item_purchase_floors":[2,28,28],"current_hp_per_floor":[70,70,70,56,56,70,30,47,47,29,50,50,47,45,45,37,70,55,55,52,17,17,38,60,60,60,60,60,44,37,39,60,0],"gold":101,"neow_bonus":"THREE_ENEMY_KILL","is_prod":false,"is_daily":false,"chose_seed":false,"campfire_upgraded":3,"win_rate":0.0,"timestamp":1563037605,"path_taken":["M","$","M","?","M","R","E","?","T","E","R","?","M","?","R","BOSS","M","?","M","M","?","R","M","R","T","R","$","?","?","M","R","BOSS"],"build_version":"2019-07-05","purchased_purges":1,"victory":false,"max_hp_per_floor":[70,70,70,70,70,70,70,70,70,70,70,70,70,70,70,70,70,70,70,70,70,70,70,70,70,70,70,70,70,70,70,70,70],"card_choices":[{"not_picked":["Calculated Gamble","Blade Dance"],"picked":"Dodge and Roll","floor":1},{"not_picked":["Crippling Poison","Eviscerate"],"picked":"Backflip","floor":3},{"not_picked":["Reflex","All Out Attack"],"picked":"Poisoned Stab","floor":5},{"not_picked":["Dodge and Roll","Quick Slash"],"picked":"Outmaneuver","floor":7},{"not_picked":["Slice","Eviscerate"],"picked":"Quick Slash","floor":10},{"not_picked":["PiercingWail","Bouncing Flask"],"picked":"Poisoned Stab","floor":13},{"not_picked":["Backflip","Dodge and Roll"],"picked":"Deadly Poison","floor":14},{"not_picked":["Unload","Doppelganger"],"picked":"After Image","floor":16},{"not_picked":["Calculated Gamble+1","Dagger Throw"],"picked":"Sucker Punch","floor":18},{"not_picked":["Poisoned Stab","Underhanded Strike+1"],"picked":"Sucker Punch+1","floor":20},{"not_picked":["Caltrops+1","Flying Knee"],"picked":"Well Laid Plans+1","floor":21},{"not_picked":["Blur","Slice+1"],"picked":"Caltrops","floor":24},{"not_picked":["PiercingWail","Outmaneuver"],"picked":"Dagger Spray+1","floor":30},{"not_picked":["Acrobatics","Flying Knee+1"],"picked":"Deadly Poison","floor":31}],"player_experience":61494,"relics_obtained":[{"floor":7,"key":"Bag of Preparation"},{"floor":9,"key":"Sundial"},{"floor":10,"key":"Bird Faced Urn"},{"floor":12,"key":"Vajra"},{"floor":26,"key":"Pantograph"},{"floor":29,"key":"Necronomicon"}],"event_choices":[{"damage_healed":0,"gold_gain":0,"player_choice":"Entered Light","damage_taken":14,"max_hp_gain":0,"max_hp_loss":0,"event_name":"Shining Light","floor":4,"gold_loss":0,"cards_upgraded":["Defend_G","Backflip"]},{"damage_healed":17,"gold_gain":0,"player_choice":"Healed","damage_taken":0,"max_hp_gain":0,"max_hp_loss":0,"event_name":"The Cleric","floor":8,"gold_loss":35},{"damage_healed":0,"gold_gain":0,"player_choice":"Relic","damage_taken":0,"max_hp_gain":0,"max_hp_loss":0,"event_name":"Wheel of Change","floor":12,"gold_loss":0},{"damage_healed":0,"gold_gain":0,"player_choice":"Obtained Relic","damage_taken":0,"relics_obtained":["War Paint"],"max_hp_gain":0,"max_hp_loss":0,"event_name":"Addict","floor":19,"gold_loss":85},{"damage_healed":0,"gold_gain":0,"player_choice":"Opened","damage_taken":0,"relics_obtained":["Molten Egg 2"],"max_hp_gain":0,"max_hp_loss":0,"event_name":"The Mausoleum","floor":22,"gold_loss":0},{"damage_healed":0,"gold_gain":0,"player_choice":"Obtained Book","damage_taken":16,"max_hp_gain":0,"max_hp_loss":0,"event_name":"Cursed Tome","floor":29,"gold_loss":0}],"is_beta":false,"boss_relics":[{"not_picked":["Tiny House","Runic Pyramid"],"picked":"White Beast Statue"}],"items_purged_floors":[28],"is_endless":false,"potions_floor_spawned":[1,3,7,18,20,21,24,30,31],"killed_by":"Collector","ascension_level":0}