{"gold_per_floor":[117,117,137,157,157,157,186,41,68,68,68,93,111,127,127,127],"floor_reached":16,"playtime":468,"items_purged":[],"score":122,"play_id":"1fed8751-3cf7-4f30-a2ab-580a444efe82","local_time":"20190426192859","is_ascension_mode":true,"campfire_choices":[{"data":"Bash","floor":6,"key":"SMITH"},{"data":"Metallicize","floor":10,"key":"SMITH"},{"floor":15,"key":"REST"}],"neow_cost":"NONE","seed_source_timestamp":82873355426345,"circlet_count":0,"master_deck":["Strike_R","Strike_R","Strike_R","Strike_R+1","Strike_R","Defend_R","Defend_R","Defend_R+1","Defend_R","Bash+1","Sword Boomerang","Blood for Blood","Warcry","Spot Weakness","Metallicize+1","Flex","Heavy Blade","Injury","Flex","Wild Strike","Flex","Reckless Charge"],"relics":["Burning Blood","NeowsBlessing","Dream Catcher","Sundial","Art of War","Golden Idol"],"potions_floor_usage":[7,16,16],"damage_taken":[{"damage":0,"enemies":"Jaw Worm","floor":1,"turns":1},{"damage":0,"enemies":"2 Louse","floor":3,"turns":1},{"damage":0,"enemies":"Small Slimes","floor":4,"turns":1},{"damage":47,"enemies":"3 Sentries","floor":7,"turns":9},{"damage":8,"enemies":"Exordium Wildlife","floor":12,"turns":5},{"damage":13,"enemies":"Blue Slaver","floor":13,"turns":2},{"damage":2,"enemies":"3 Louse","floor":14,"turns":3},{"damage":55,"enemies":"Hexaghost","floor":16,"turns":9}],"seed_played":"-4865417464532991761","potions_obtained":[{"floor":3,"key":"SpeedPotion"},{"floor":7,"key":"LiquidBronze"},{"floor":14,"key":"SneckoOil"}],"is_trial":false,"path_per_floor":["M","?","M","M","?","R","E","$","T","R","?","M","M","M","R","B"],"character_chosen":"IRONCLAD","items_purchased":["Metallicize","Flex","Heavy Blade"],"campfire_rested":1,"item_purchase_floors":[8,8,8],"current_hp_per_floor":[80,64,70,76,73,73,32,32,32,32,32,30,23,27,51,0],"gold":127,"neow_bonus":"THREE_ENEMY_KILL","is_prod":false,"is_daily":false,"chose_seed":false,"campfire_upgraded":2,"win_rate":0,"timestamp":1556270939,"path_taken":["M","?","M","M","?","R","E","$","T","R","?","?","M","M","R","BOSS"],"build_version":"2019-01-23","purchased_purges":0,"victory":false,"max_hp_per_floor":[80,80,80,80,80,80,80,80,80,80,80,80,80,80,80,80],"card_choices":[{"not_picked":["Anger","Havoc"],"picked":"Sword Boomerang","floor":1},{"not_picked":["Havoc","Shrug It Off"],"picked":"Blood for Blood","floor":3},{"not_picked":["Perfected Strike","Thunderclap"],"picked":"Warcry","floor":4},{"not_picked":["Blood for Blood","True Grit"],"picked":"Spot Weakness","floor":7},{"not_picked":["Evolve","Heavy Blade"],"picked":"Flex","floor":12},{"not_picked":["Shrug It Off","Twin Strike"],"picked":"Wild Strike","floor":13},{"not_picked":["Ghostly Armor","Body Slam"],"picked":"Flex","floor":14},{"not_picked":["Headbutt","Flex"],"picked":"Reckless Charge","floor":15}],"player_experience":491946,"relics_obtained":[{"floor":7,"key":"Sundial"},{"floor":9,"key":"Art of War"}],"event_choices":[{"damage_healed":0,"gold_gain":0,"player_choice":"Entered Light","damage_taken":16,"max_hp_gain":0,"max_hp_loss":0,"event_name":"Shining Light","floor":2,"gold_loss":0,"cards_upgraded":["Defend_R","Strike_R"]},{"damage_healed":0,"gold_gain":0,"player_choice":"Success","damage_taken":3,"relics_obtained":["Dream Catcher"],"max_hp_gain":0,"max_hp_loss":0,"event_name":"Scrap Ooze","floor":5,"gold_loss":0},{"damage_healed":0,"gold_gain":0,"player_choice":"Take Wound","damage_taken":0,"relics_obtained":["Golden Idol"],"max_hp_gain":0,"max_hp_loss":0,"event_name":"Golden Idol","floor":11,"gold_loss":0,"cards_obtained":["Injury"]}],"is_beta":false,"boss_relics":[],"items_purged_floors":[],"is_endless":false,"potions_floor_spawned":[3,7,14],"killed_by":"Hexaghost","ascension_level":4}