{"gold_per_floor":[360,35,46,121,137,170,184,202,271,271,286,286,297,315,315,415,415,428,428,17,34,34,68,68,83,135,135],"floor_reached":27,"playtime":1479,"items_purged":[],"score":296,"play_id":"8505bce1-04cd-4aef-bfe6-37434ac99383","local_time":"20190503154003","is_ascension_mode":true,"campfire_choices":[{"floor":10,"key":"REST"},{"data":"Flex","floor":12,"key":"SMITH"},{"floor":15,"key":"REST"},{"floor":24,"key":"REST"}],"neow_cost":"TEN_PERCENT_HP_LOSS","seed_source_timestamp":13152572362994,"circlet_count":0,"master_deck":["Strike_R","Strike_R","Strike_R","Strike_R","Strike_R","Defend_R","Defend_R","Defend_R","Defend_R","Bash","Iron Wave","Panacea","True Grit","Sentinel","Clothesline","Blood for Blood","Headbutt","Feed","Anger","Flex+1","Double Tap","Inflame","Pommel Strike","Reaper","Uppercut","Flame Barrier","Body Slam","Warcry","Headbutt+1","Seeing Red"],"relics":["Burning Blood","HandDrill","Dream Catcher","Paper Frog","Lizard Tail","Orichalcum","Toy Ornithopter","Shovel","Potion Belt","Vajra"],"potions_floor_usage":[7,13,16,16,21,23],"damage_taken":[{"damage":20,"enemies":"Cultist","floor":1,"turns":5},{"damage":3,"enemies":"2 Louse","floor":3,"turns":3},{"damage":9,"enemies":"Jaw Worm","floor":5,"turns":3},{"damage":22,"enemies":"Lagavulin","floor":6,"turns":10},{"damage":11,"enemies":"2 Fungi Beasts","floor":7,"turns":4},{"damage":13,"enemies":"Lots of Slimes","floor":8,"turns":4},{"damage":5,"enemies":"Red Slaver","floor":11,"turns":4},{"damage":14,"enemies":"Exordium Thugs","floor":13,"turns":4},{"damage":2,"enemies":"2 Fungi Beasts","floor":14,"turns":3},{"damage":50,"enemies":"Slime Boss","floor":16,"turns":10},{"damage":8,"enemies":"Chosen","floor":18,"turns":4},{"damage":5,"enemies":"Spheric Guardian","floor":21,"turns":3},{"damage":81,"enemies":"Gremlin Leader","floor":23,"turns":9},{"damage":65,"enemies":"Centurion and Healer","floor":25,"turns":9},{"damage":34,"enemies":"Shelled Parasite and Fungi","floor":27,"turns":3}],"seed_played":"5944189297303780262","potions_obtained":[{"floor":3,"key":"Weak Potion"},{"floor":6,"key":"SkillPotion"},{"floor":7,"key":"Fruit Juice"},{"floor":11,"key":"SneckoOil"},{"floor":14,"key":"EssenceOfSteel"},{"floor":16,"key":"AttackPotion"},{"floor":18,"key":"Weak Potion"}],"is_trial":false,"path_per_floor":["M","$","M","?","M","E","M","M","T","R","M","R","M","M","R","B",null,"M","?","$","M","?","E","R","M","T","M"],"character_chosen":"IRONCLAD","items_purchased":["Panacea","HandDrill","True Grit","Orichalcum","Body Slam","Toy Ornithopter"],"campfire_rested":3,"item_purchase_floors":[2,2,2,20,20,20],"current_hp_per_floor":[58,58,61,54,51,35,35,28,28,51,55,55,47,54,78,37,74,78,78,78,84,84,11,36,34,34,0],"gold":135,"neow_bonus":"TWO_FIFTY_GOLD","is_prod":false,"is_daily":false,"chose_seed":false,"campfire_upgraded":1,"win_rate":0,"timestamp":1556862003,"path_taken":["M","$","?","?","M","E","?","M","T","R","M","R","M","M","R","BOSS","M","?","$","M","?","E","R","M","T","M"],"build_version":"2019-01-23","purchased_purges":0,"victory":false,"max_hp_per_floor":[72,72,72,72,72,72,77,77,77,77,80,80,80,83,83,86,86,86,86,86,86,86,86,86,89,89,89],"card_choices":[{"not_picked":["Wild Strike","Flex"],"picked":"Iron Wave","floor":1},{"not_picked":["Burning Pact","Headbutt"],"picked":"Sentinel","floor":3},{"not_picked":["Iron Wave","Anger"],"picked":"Clothesline","floor":5},{"not_picked":["Combust","Iron Wave"],"picked":"Blood for Blood","floor":6},{"not_picked":["Perfected Strike","Twin Strike"],"picked":"Headbutt","floor":7},{"not_picked":["Blood for Blood","True Grit"],"picked":"Feed","floor":8},{"not_picked":["Fire Breathing","Sword Boomerang"],"picked":"Anger","floor":10},{"not_picked":["Ghostly Armor","Feel No Pain"],"picked":"Flex","floor":11},{"not_picked":["Clothesline","Second Wind"],"picked":"Double Tap","floor":13},{"not_picked":["Clash","Pommel Strike"],"picked":"Inflame","floor":14},{"not_picked":["Sword Boomerang","Second Wind"],"picked":"Pommel Strike","floor":15},{"not_picked":["Berserk","Fiend Fire"],"picked":"Reaper","floor":16},{"not_picked":["Rupture+1","Headbutt"],"picked":"Uppercut","floor":18},{"not_picked":["Thunderclap","Flex"],"picked":"Warcry","floor":21},{"not_picked":["Disarm","Fire Breathing"],"picked":"Headbutt+1","floor":23},{"not_picked":["Warcry","Anger"],"picked":"Seeing Red","floor":25}],"player_experience":598112,"relics_obtained":[{"floor":6,"key":"Dream Catcher"},{"floor":9,"key":"Paper Frog"},{"floor":23,"key":"Potion Belt"},{"floor":26,"key":"Vajra"}],"event_choices":[{"damage_healed":0,"gold_gain":75,"player_choice":"Touch","damage_taken":7,"max_hp_gain":0,"max_hp_loss":0,"event_name":"FaceTrader","floor":4,"gold_loss":0},{"damage_healed":0,"gold_gain":0,"player_choice":"Read","damage_taken":0,"max_hp_gain":0,"max_hp_loss":0,"event_name":"The Library","floor":19,"gold_loss":0,"cards_obtained":["Flame Barrier"]},{"damage_healed":0,"gold_gain":0,"player_choice":"Gave Potion","damage_taken":0,"relics_obtained":["Shovel"],"max_hp_gain":0,"max_hp_loss":0,"event_name":"WeMeetAgain","floor":22,"gold_loss":0}],"is_beta":false,"boss_relics":[{"not_picked":["Ectoplasm","White Beast Statue"],"picked":"Lizard Tail"}],"items_purged_floors":[],"is_endless":false,"potions_floor_spawned":[3,6,7,11,14,16,18],"killed_by":"Shelled Parasite and Fungi","ascension_level":5}