{"gold_per_floor":[118,16,16,16,28,62,75,88,137,149,161,202,232,261,273,285],"floor_reached":16,"playtime":463,"items_purged":[],"score":134,"play_id":"e9170ede-8391-4bde-a84b-a0f27d6ceebf","local_time":"20190124234012","is_ascension_mode":true,"campfire_choices":[{"floor":15,"key":"REST"}],"neow_cost":"NONE","seed_source_timestamp":650436873202582,"circlet_count":0,"master_deck":["Strike_B","Strike_B","Defend_B","Defend_B","Defend_B","Defend_B","Zap","Dualcast","Gash","Go for the Eyes","Rebound","Beam Cell","Coolheaded","Hologram","Double Energy"],"relics":["Cracked Core","Question Card","Bronze Scales","MawBank","Oddly Smooth Stone"],"potions_floor_usage":[12,12,12],"damage_taken":[{"damage":4,"enemies":"2 Louse","floor":1,"turns":2},{"damage":0,"enemies":"Cultist","floor":5,"turns":3},{"damage":25,"enemies":"Gremlin Nob","floor":6,"turns":4},{"damage":5,"enemies":"Small Slimes","floor":7,"turns":2},{"damage":4,"enemies":"Red Slaver","floor":8,"turns":3},{"damage":18,"enemies":"3 Sentries","floor":12,"turns":6},{"damage":1,"enemies":"Large Slime","floor":13,"turns":4},{"damage":12,"enemies":"Exordium Wildlife","floor":14,"turns":4},{"damage":35,"enemies":"Slime Boss","floor":16,"turns":10}],"seed_played":"5347787970759235702","potions_obtained":[{"floor":1,"key":"PowerPotion"},{"floor":6,"key":"Regen Potion"},{"floor":7,"key":"FocusPotion"},{"floor":8,"key":"EssenceOfSteel"}],"is_trial":false,"path_per_floor":["M","$","?","?","M","E","M","M","T","$","?","E","M","M","R","B"],"character_chosen":"DEFECT","items_purchased":["Go for the Eyes","Rebound"],"campfire_rested":1,"item_purchase_floors":[2,2],"current_hp_per_floor":[78,78,60,60,60,35,30,26,26,26,26,23,22,10,34,0],"gold":285,"neow_bonus":"TEN_PERCENT_HP_BONUS","is_prod":false,"is_daily":false,"chose_seed":false,"campfire_upgraded":0,"win_rate":0,"timestamp":1548391212,"path_taken":["M","$","?","?","M","E","?","M","T","$","?","E","?","M","R","BOSS"],"build_version":"2019-01-23","purchased_purges":0,"victory":false,"max_hp_per_floor":[82,82,82,82,82,82,82,82,82,82,82,82,82,82,82,82],"card_choices":[{"not_picked":["Auto Shields","Barrage"],"picked":"Gash","floor":1},{"not_picked":["Capacitor","Steam","Self Repair"],"picked":"Beam Cell","floor":5},{"not_picked":["Cold Snap","Beam Cell","Storm"],"picked":"Coolheaded","floor":6},{"not_picked":["Auto Shields","Turbo","Coolheaded","Force Field"],"picked":"SKIP","floor":7},{"not_picked":["Hello World","Stack","Static Discharge"],"picked":"Hologram","floor":8},{"not_picked":["Go for the Eyes","Fission","Fusion"],"picked":"Double Energy","floor":12},{"not_picked":["Ball Lightning","Sweeping Beam","Blizzard","Steam"],"picked":"SKIP","floor":13},{"not_picked":["Ball Lightning","Rip and Tear","Turbo","Rebound"],"picked":"SKIP","floor":14}],"player_experience":110217,"relics_obtained":[{"floor":6,"key":"Bronze Scales"},{"floor":9,"key":"MawBank"},{"floor":12,"key":"Oddly Smooth Stone"}],"event_choices":[{"damage_healed":0,"gold_gain":0,"player_choice":"Success","damage_taken":18,"relics_obtained":["Question Card"],"max_hp_gain":0,"max_hp_loss":0,"event_name":"Scrap Ooze","floor":3,"gold_loss":0},{"cards_removed":["Strike_B"],"damage_healed":0,"gold_gain":0,"player_choice":"Purged","damage_taken":0,"max_hp_gain":0,"max_hp_loss":0,"event_name":"Purifier","floor":4,"gold_loss":0},{"cards_removed":["Strike_B"],"damage_healed":0,"gold_gain":0,"player_choice":"Offered Basic","damage_taken":0,"max_hp_gain":0,"max_hp_loss":0,"event_name":"Bonfire Elementals","floor":11,"gold_loss":0}],"is_beta":false,"boss_relics":[],"items_purged_floors":[],"is_endless":false,"potions_floor_spawned":[1,6,7,8],"killed_by":"Slime Boss","ascension_level":4}