{"gold_per_floor":[115,128,146,146,170,170,210,210,210,235,235,200,535,556,556,652,652,671,164,179,94,108,108,132,167,167,167,180,180,35,135,135,209,209,224,124,124,139,159,159,434,463,509,509],"floor_reached":44,"playtime":2917,"items_purged":["Injury","Strike_G"],"score":869,"play_id":"201e1761-d26e-4fe2-802a-702abd05a333","local_time":"20190717012828","is_ascension_mode":true,"campfire_choices":[{"data":"Neutralize","floor":6,"key":"SMITH"},{"floor":8,"key":"REST"},{"data":"Bouncing Flask","floor":11,"key":"SMITH"},{"floor":15,"key":"REST"},{"floor":23,"key":"REST"},{"floor":29,"key":"REST"},{"floor":32,"key":"REST"},{"data":"Well Laid Plans","floor":40,"key":"SMITH"}],"neow_cost":"NONE","seed_source_timestamp":68461645584584,"circlet_count":0,"master_deck":["AscendersBane","Strike_G","Strike_G","Strike_G","Defend_G","Defend_G","Defend_G","Defend_G","Defend_G+1","Survivor","Neutralize+1","Dodge and Roll","Bouncing Flask+1","Crippling Poison","Dash","Backflip","Crippling Poison","Cloak And Dagger+1","A Thousand Cuts","Tools of the Trade","Caltrops","Noxious Fumes","PiercingWail","Tactician","Well Laid Plans+1","Blur+1","Dagger Spray","Deflect+1","Dodge and Roll+1","PiercingWail+1","Corpse Explosion+1","Cloak And Dagger+1","Dodge and Roll+1","Regret","Acrobatics+1"],"relics":["Ring of the Snake","Bag of Marbles","Bloody Idol","Centennial Puzzle","Letter Opener","Old Coin","Philosopher\u0027s Stone","Dream Catcher","War Paint","Bag of Preparation","Ancient Tea Set","Toxic Egg 2","Du-Vu Doll","Ninja Scroll","Snecko Eye","Bird Faced Urn","Art of War"],"potions_floor_usage":[7,10,16,24,31,33,33,33,44,44],"damage_taken":[{"damage":1,"enemies":"Cultist","floor":1,"turns":5},{"damage":0,"enemies":"Small Slimes","floor":2,"turns":4},{"damage":3,"enemies":"Jaw Worm","floor":3,"turns":4},{"damage":19,"enemies":"Large Slime","floor":5,"turns":11},{"damage":21,"enemies":"Lagavulin","floor":7,"turns":7},{"damage":0,"enemies":"2 Fungi Beasts","floor":10,"turns":3},{"damage":21,"enemies":"Gremlin Nob","floor":13,"turns":5},{"damage":8,"enemies":"Exordium Wildlife","floor":14,"turns":4},{"damage":15,"enemies":"Hexaghost","floor":16,"turns":9},{"damage":0,"enemies":"Spheric Guardian","floor":18,"turns":3},{"damage":25,"enemies":"2 Thieves","floor":20,"turns":4},{"damage":9,"enemies":"Chosen and Byrds","floor":22,"turns":5},{"damage":5,"enemies":"Snake Plant","floor":24,"turns":4},{"damage":4,"enemies":"Gremlin Leader","floor":25,"turns":8},{"damage":9,"enemies":"Centurion and Healer","floor":28,"turns":7},{"damage":12,"enemies":"Colosseum Slavers","floor":31,"turns":4},{"damage":9,"enemies":"Colosseum Nobs","floor":31,"turns":4},{"damage":39,"enemies":"Collector","floor":33,"turns":9},{"damage":4,"enemies":"3 Darklings","floor":35,"turns":3},{"damage":7,"enemies":"Orb Walker","floor":38,"turns":4},{"damage":9,"enemies":"Jaw Worm Horde","floor":39,"turns":2},{"damage":26,"enemies":"Nemesis","floor":42,"turns":7},{"damage":54,"enemies":"Giant Head","floor":44,"turns":9}],"seed_played":"-7092542763228490806","potions_obtained":[{"floor":1,"key":"Swift Potion"},{"floor":2,"key":"Explosive Potion"},{"floor":13,"key":"PowerPotion"},{"floor":18,"key":"Block Potion"},{"floor":24,"key":"Ancient Potion"},{"floor":38,"key":"SteroidPotion"},{"floor":39,"key":"Swift Potion"},{"floor":42,"key":"SkillPotion"}],"is_trial":false,"path_per_floor":["M","M","M","?","M","R","E","R","T","M","R","?","E","M","R","B",null,"M","$","M","?","M","R","M","E","T","?","M","R","$","?","R","B",null,"M","$","?","M","M","R","?","E","T","E"],"character_chosen":"THE_SILENT","items_purchased":["Noxious Fumes","GhostInAJar","Dream Catcher","War Paint","EntropicBrew","Deflect+1"],"campfire_rested":5,"item_purchase_floors":[19,19,19,19,30,30],"current_hp_per_floor":[58,58,55,55,36,36,15,34,34,34,34,50,29,21,40,25,56,56,56,31,31,22,41,36,32,32,32,28,47,47,31,50,16,54,55,55,55,53,49,49,54,33,38,0],"gold":509,"neow_bonus":"RANDOM_COMMON_RELIC","is_prod":false,"is_daily":false,"chose_seed":false,"campfire_upgraded":3,"win_rate":0,"timestamp":1563290908,"path_taken":["M","M","?","?","M","R","E","R","T","M","R","?","E","M","R","BOSS","M","$","M","?","M","R","M","E","T","?","M","R","?","?","R","BOSS","M","$","?","?","M","R","?","E","T","E"],"build_version":"2019-07-05","purchased_purges":2,"victory":false,"max_hp_per_floor":[66,66,66,66,66,66,66,66,66,66,66,66,66,66,66,66,66,66,66,66,66,66,66,66,66,66,66,66,66,66,66,66,66,66,66,66,66,66,66,66,66,66,66,66],"card_choices":[{"not_picked":["Tactician","Dagger Spray"],"picked":"Dodge and Roll","floor":1},{"not_picked":["Reflex","Poisoned Stab"],"picked":"Bouncing Flask","floor":2},{"not_picked":["Dagger Spray","Endless Agony"],"picked":"Crippling Poison","floor":3},{"not_picked":["Blade Dance","Deflect"],"picked":"Dash","floor":5},{"not_picked":["Envenom","Riddle With Holes"],"picked":"Backflip","floor":7},{"not_picked":["Skewer","Slice"],"picked":"Crippling Poison","floor":10},{"not_picked":["Tactician","Choke"],"picked":"Cloak And Dagger","floor":13},{"not_picked":["Slice","Dagger Throw"],"picked":"A Thousand Cuts","floor":14},{"not_picked":["Night Terror","Venomology"],"picked":"Tools of the Trade","floor":16},{"not_picked":["Deadly Poison","Slice"],"picked":"Caltrops","floor":18},{"not_picked":["Blur","Bane"],"picked":"PiercingWail","floor":20},{"not_picked":["Endless Agony","Deflect","Finisher"],"picked":"SKIP","floor":22},{"not_picked":["PiercingWail","Prepared"],"picked":"Tactician","floor":23},{"not_picked":["Sucker Punch","Dagger Throw"],"picked":"Well Laid Plans","floor":24},{"not_picked":["Eviscerate","Deadly Poison","Dash"],"picked":"SKIP","floor":25},{"not_picked":["Prepared+1","Dash"],"picked":"Blur+1","floor":28},{"not_picked":["Acrobatics+1","All Out Attack"],"picked":"Dagger Spray","floor":29},{"not_picked":["Tactician+1","Quick Slash"],"picked":"Dodge and Roll+1","floor":31},{"not_picked":["Backstab","Acrobatics+1"],"picked":"PiercingWail+1","floor":32},{"not_picked":["Storm of Steel+1","Glass Knife"],"picked":"Corpse Explosion+1","floor":33},{"not_picked":["Dagger Spray","Slice","Sucker Punch"],"picked":"SKIP","floor":35},{"not_picked":["Bane+1","Slice"],"picked":"Cloak And Dagger+1","floor":38},{"not_picked":["Underhanded Strike","Deflect+1"],"picked":"Dodge and Roll+1","floor":39},{"not_picked":["Masterful Stab","Bane"],"picked":"Acrobatics+1","floor":42}],"player_experience":994248,"relics_obtained":[{"floor":7,"key":"Centennial Puzzle"},{"floor":9,"key":"Letter Opener"},{"floor":13,"key":"Old Coin"},{"floor":25,"key":"Ancient Tea Set"},{"floor":26,"key":"Toxic Egg 2"},{"floor":31,"key":"Du-Vu Doll"},{"floor":31,"key":"Ninja Scroll"},{"floor":42,"key":"Bird Faced Urn"},{"floor":43,"key":"Art of War"}],"event_choices":[{"damage_healed":0,"gold_gain":0,"player_choice":"Take Wound","damage_taken":0,"relics_obtained":["Golden Idol"],"max_hp_gain":0,"max_hp_loss":0,"event_name":"Golden Idol","floor":4,"gold_loss":0,"cards_obtained":["Injury"]},{"damage_healed":16,"gold_gain":0,"player_choice":"Healed","damage_taken":0,"max_hp_gain":0,"max_hp_loss":0,"event_name":"The Cleric","floor":12,"gold_loss":35},{"damage_healed":0,"gold_gain":0,"player_choice":"Obtained Relic","damage_taken":0,"relics_obtained":["Bag of Preparation"],"max_hp_gain":0,"max_hp_loss":0,"event_name":"Addict","floor":21,"gold_loss":85},{"damage_healed":0,"gold_gain":0,"player_choice":"Gave Idol","damage_taken":0,"relics_obtained":["Bloody Idol"],"max_hp_gain":0,"max_hp_loss":0,"event_name":"Forgotten Altar","floor":27,"relics_lost":["Golden Idol"],"gold_loss":0},{"damage_healed":0,"gold_gain":0,"player_choice":"Fight","damage_taken":0,"max_hp_gain":0,"max_hp_loss":0,"event_name":"Colosseum","floor":31,"gold_loss":0},{"damage_healed":0,"gold_gain":0,"player_choice":"Fought Nobs","damage_taken":0,"max_hp_gain":0,"max_hp_loss":0,"event_name":"Colosseum","floor":31,"gold_loss":0},{"cards_removed":["Strike_G"],"damage_healed":0,"gold_gain":0,"player_choice":"Purged","damage_taken":0,"max_hp_gain":0,"max_hp_loss":0,"event_name":"Purifier","floor":37,"gold_loss":0},{"damage_healed":0,"gold_gain":275,"player_choice":"Desecrate","damage_taken":0,"max_hp_gain":0,"max_hp_loss":0,"event_name":"Golden Shrine","floor":41,"gold_loss":0,"cards_obtained":["Regret"]}],"is_beta":false,"boss_relics":[{"not_picked":["Tiny House","HoveringKite"],"picked":"Philosopher\u0027s Stone"},{"not_picked":["Velvet Choker","Astrolabe"],"picked":"Snecko Eye"}],"items_purged_floors":[19,36],"is_endless":false,"potions_floor_spawned":[1,2,5,13,18,20,22,24,31,38,39,42],"killed_by":"Giant Head","ascension_level":15}