{"gold_per_floor":[12,24,24,38,58,58,75,103,127,127,76,108,128,163,163,236,236,251,251,251,94,94,94,119,139,139,139,164,184,47,47,47,123,123,135,44,44,0,11,38,38,67,67,67,95,146,146,180,180,180,180,180,180,51,83,83],"floor_reached":57,"playtime":7241,"items_purged":["Defend_B"],"score":2844,"play_id":"18787a4a-d453-412c-a3aa-765384760932","local_time":"20190716133726","is_ascension_mode":true,"campfire_choices":[{"floor":6.0,"key":"REST"},{"floor":10.0,"key":"REST"},{"data":"Consume","floor":15.0,"key":"SMITH"},{"floor":23.0,"key":"REST"},{"floor":32.0,"key":"REST"},{"data":"Defragment","floor":41.0,"key":"SMITH"},{"floor":44.0,"key":"RECALL"},{"data":"Defragment","floor":47.0,"key":"SMITH"},{"data":"Consume","floor":49.0,"key":"SMITH"},{"data":"Multi-Cast","floor":53.0,"key":"SMITH"}],"neow_cost":"NO_GOLD","seed_source_timestamp":0,"circlet_count":0,"master_deck":["AscendersBane","Defend_B","Defend_B+1","Zap+1","Dualcast","Ball Lightning","Lockon+1","Consume+1","Go for the Eyes+1","Conserve Battery","Gash","Reinforced Body","Steam","Chill","Hyperbeam","Turbo","Bite","Bite","Bite","Bite","Bite","Recycle","Conserve Battery","Stack","Defragment+1","Reboot","Consume+1","Conserve Battery","Defragment+1","Coolheaded","Hologram","Multi-Cast+1","Coolheaded","Enlightenment","Compile Driver","Cold Snap","Doom and Gloom","Hologram+1","Cold Snap","Echo Form","Capacitor+1"],"special_seed":0,"relics":["Cracked Core","Du-Vu Doll","Boot","Whetstone","Dream Catcher","Juzu Bracelet","Inserter","DataDisk","War Paint","Symbiotic Virus","Mercury Hourglass","Snecko Eye","Red Mask","WingedGreaves","Question Card","Meat on the Bone","Incense Burner","Smiling Mask","Gremlin Horn"],"potions_floor_usage":[56,56],"damage_taken":[{"damage":10.0,"enemies":"Small Slimes","floor":1.0,"turns":3.0},{"damage":1.0,"enemies":"Cultist","floor":2.0,"turns":3.0},{"damage":7.0,"enemies":"Jaw Worm","floor":4.0,"turns":3.0},{"damage":12.0,"enemies":"Gremlin Gang","floor":5.0,"turns":4.0},{"damage":30.0,"enemies":"Exordium Thugs","floor":7.0,"turns":4.0},{"damage":5.0,"enemies":"3 Sentries","floor":8.0,"turns":7.0},{"damage":8.0,"enemies":"Lagavulin","floor":12.0,"turns":6.0},{"damage":10.0,"enemies":"Looter","floor":13.0,"turns":3.0},{"damage":8.0,"enemies":"Gremlin Nob","floor":14.0,"turns":3.0},{"damage":4.0,"enemies":"The Guardian","floor":16.0,"turns":10.0},{"damage":18.0,"enemies":"Chosen","floor":18.0,"turns":5.0},{"damage":36.0,"enemies":"Gremlin Leader","floor":24.0,"turns":9.0},{"damage":26.0,"enemies":"Shell Parasite","floor":25.0,"turns":18.0},{"damage":23.0,"enemies":"Book of Stabbing","floor":28.0,"turns":6.0},{"damage":19.0,"enemies":"Snake Plant","floor":29.0,"turns":5.0},{"damage":31.0,"enemies":"Collector","floor":33.0,"turns":14.0},{"damage":33.0,"enemies":"3 Darklings","floor":35.0,"turns":27.0},{"damage":0.0,"enemies":"3 Shapes","floor":39.0,"turns":3.0},{"damage":58.0,"enemies":"Giant Head","floor":40.0,"turns":17.0},{"damage":18.0,"enemies":"Nemesis","floor":42.0,"turns":27.0},{"damage":36.0,"enemies":"Reptomancer","floor":45.0,"turns":10.0},{"damage":0.0,"enemies":"2 Orb Walkers","floor":46.0,"turns":6.0},{"damage":5.0,"enemies":"Giant Head","floor":48.0,"turns":24.0},{"damage":47.0,"enemies":"Awakened One","floor":50.0,"turns":25.0},{"damage":16.0,"enemies":"Donu and Deca","floor":51.0,"turns":15.0},{"damage":51.0,"enemies":"Shield and Spear","floor":55.0,"turns":27.0},{"damage":62,"enemies":"The Heart","floor":56,"turns":15}],"seed_played":"908556972219085","potions_obtained":[{"floor":5.0,"key":"PowerPotion"},{"floor":7.0,"key":"Swift Potion"},{"floor":14.0,"key":"Block Potion"},{"floor":16.0,"key":"EssenceOfSteel"},{"floor":18.0,"key":"Energy Potion"},{"floor":28.0,"key":"SteroidPotion"},{"floor":31.0,"key":"Fruit Juice"},{"floor":35.0,"key":"Explosive Potion"},{"floor":42.0,"key":"EssenceOfSteel"},{"floor":48.0,"key":"PowerPotion"}],"is_trial":false,"path_per_floor":["M","M","?","M","M","R","M","E","T","R","$","E","M","E","R","B",null,"M","?","?","$","?","R","E","M","T","?","E","M","$","?","R","B",null,"M","$","?","?","M","E","R","E","T","R","E","?","R","E","R","B","B",null,"R","$","E","B",null],"character_chosen":"DEFECT","items_purchased":["Compile Driver","DataDisk","Defragment","Coolheaded","Enlightenment","FocusPotion"],"campfire_rested":4,"item_purchase_floors":[11,21,30,30,36,54],"current_hp_per_floor":[54,53,53,46,34,55,25,20,20,41,41,33,23,15,15,11,56,38,38,26,26,26,42,24,28,28,28,15,4,4,4,20,18,49,48,48,48,48,58,22,22,32,32,32,10,30,30,59,59,59,59,59,59,59,54,20],"gold":83,"neow_bonus":"ONE_RARE_RELIC","is_prod":false,"is_daily":false,"chose_seed":false,"campfire_upgraded":5,"win_rate":0,"timestamp":1563298646,"path_taken":["M","M","?","M","?","R","M","E","T","R","?","E","M","E","R","BOSS","M","?","?","$","?","R","E","M","T","?","E","M","$","?","R","BOSS","M","$","?","?","M","E","R","E","T","R","E","?","R","E","R","BOSS","BOSS","R","$","E","BOSS"],"build_version":"2019-07-10","purchased_purges":1,"victory":true,"max_hp_per_floor":[71,71,71,71,71,71,71,71,71,71,71,71,71,71,71,71,71,71,49,54,54,54,54,54,54,54,54,54,54,54,54,54,59,59,59,59,59,59,59,59,59,59,59,59,59,59,59,59,59,59,59,59,59,59,59,59],"card_choices":[{"not_picked":["Beam Cell","Barrage"],"picked":"Ball Lightning","floor":1.0},{"not_picked":["Stack","Leap"],"picked":"Lockon","floor":2.0},{"not_picked":["Redo","Rebound"],"picked":"Consume","floor":4.0},{"not_picked":["Double Energy","Hologram"],"picked":"Go for the Eyes","floor":5.0},{"not_picked":["Turbo","Redo"],"picked":"Conserve Battery","floor":7.0},{"not_picked":["Amplify","Rebound"],"picked":"Gash","floor":8.0},{"not_picked":["Redo","Go for the Eyes"],"picked":"Reinforced Body","floor":12.0},{"not_picked":["Consume","Conserve Battery"],"picked":"Steam","floor":13.0},{"not_picked":["Rebound","Skim"],"picked":"Chill","floor":14.0},{"not_picked":["Reboot","Machine Learning"],"picked":"Hyperbeam","floor":16.0},{"not_picked":["Beam Cell","Heatsinks+1"],"picked":"Turbo","floor":18.0},{"not_picked":["Streamline","Redo"],"picked":"Conserve Battery","floor":23.0},{"not_picked":["Thunder Strike","Auto Shields"],"picked":"Stack","floor":24.0},{"not_picked":["Chaos","Lockon+1"],"picked":"Defragment","floor":25.0},{"not_picked":["Barrage","Doom and Gloom+1"],"picked":"Conserve Battery","floor":28.0},{"not_picked":["Blizzard","Beam Cell","Steam Power"],"picked":"SKIP","floor":29.0},{"not_picked":["Beam Cell","Recycle+1"],"picked":"Hologram","floor":32.0},{"not_picked":["Core Surge","Reboot"],"picked":"Multi-Cast","floor":33.0},{"not_picked":["Double Energy+1","Turbo"],"picked":"Coolheaded","floor":35.0},{"not_picked":["Barrage","Leap+1"],"picked":"Compile Driver","floor":39.0},{"not_picked":["Multi-Cast","Turbo+1"],"picked":"Cold Snap","floor":40.0},{"not_picked":["Hyperbeam","Leap"],"picked":"Doom and Gloom","floor":42.0},{"not_picked":["BootSequence","Rebound+1","Reboot"],"picked":"Hologram+1","floor":45.0},{"not_picked":["Steam","Go for the Eyes","Rip and Tear+1"],"picked":"Cold Snap","floor":46.0},{"not_picked":["Turbo+1","Genetic Algorithm+1","Glacier"],"picked":"Echo Form","floor":48.0},{"not_picked":["Turbo+1","Compile Driver+1","Double Energy"],"picked":"Capacitor+1","floor":55.0}],"player_experience":3226779,"relics_obtained":[{"floor":8.0,"key":"Boot"},{"floor":9.0,"key":"Whetstone"},{"floor":12.0,"key":"Dream Catcher"},{"floor":14.0,"key":"Juzu Bracelet"},{"floor":24.0,"key":"War Paint"},{"floor":26.0,"key":"Symbiotic Virus"},{"floor":28.0,"key":"Mercury Hourglass"},{"floor":40.0,"key":"WingedGreaves"},{"floor":42.0,"key":"Question Card"},{"floor":45.0,"key":"Meat on the Bone"},{"floor":46.0,"key":"Incense Burner"},{"floor":48.0,"key":"Smiling Mask"},{"floor":55.0,"key":"Gremlin Horn"}],"event_choices":[{"damage_healed":0.0,"max_hp_gain":0.0,"max_hp_loss":0.0,"gold_gain":0.0,"event_name":"Upgrade Shrine","player_choice":"Upgraded","floor":3.0,"gold_loss":0.0,"damage_taken":0.0,"cards_upgraded":["Lockon"]},{"damage_healed":0.0,"max_hp_gain":0.0,"max_hp_loss":22.0,"gold_gain":0.0,"event_name":"Vampires","player_choice":"Became a vampire","floor":19.0,"gold_loss":0.0,"damage_taken":0.0,"cards_obtained":["Bite","Bite","Bite","Bite","Bite"]},{"damage_healed":0.0,"max_hp_gain":5.0,"max_hp_loss":0.0,"gold_gain":0.0,"event_name":"Forgotten Altar","player_choice":"Shed Blood","floor":20.0,"gold_loss":0.0,"damage_taken":17.0},{"damage_healed":0.0,"max_hp_gain":0.0,"max_hp_loss":0.0,"gold_gain":0.0,"cards_transformed":["Defend_B"],"event_name":"Transmorgrifier","player_choice":"Transformed","floor":22.0,"gold_loss":0.0,"damage_taken":0.0,"cards_obtained":["Recycle"]},{"damage_healed":0.0,"max_hp_gain":0.0,"max_hp_loss":0.0,"gold_gain":0.0,"event_name":"Match and Keep!","player_choice":"2 cards matched","floor":27.0,"gold_loss":0.0,"damage_taken":0.0,"cards_obtained":["Reboot","Consume"]},{"damage_healed":0.0,"max_hp_gain":0.0,"max_hp_loss":0.0,"gold_gain":0.0,"event_name":"Lab","player_choice":"Got Potions","floor":31.0,"gold_loss":0.0,"damage_taken":0.0},{"cards_removed":["Compile Driver"],"damage_healed":0.0,"max_hp_gain":0.0,"max_hp_loss":0.0,"gold_gain":0.0,"event_name":"Falling","player_choice":"Removed Attack","floor":37.0,"gold_loss":0.0,"damage_taken":0.0},{"damage_healed":0.0,"max_hp_gain":0.0,"max_hp_loss":0.0,"gold_gain":0.0,"event_name":"Tomb of Lord Red Mask","player_choice":"Paid","floor":38.0,"gold_loss":44.0,"damage_taken":0.0,"relics_obtained":["Red Mask"]},{"damage_healed":0.0,"max_hp_gain":0.0,"max_hp_loss":0.0,"gold_gain":0.0,"event_name":"Mysterious Sphere","player_choice":"Fight","floor":46.0,"gold_loss":0.0,"damage_taken":0.0}],"is_beta":true,"boss_relics":[{"not_picked":["Busted Crown","Sozu"],"picked":"Inserter"},{"not_picked":["Tiny House","Astrolabe"],"picked":"Snecko Eye"}],"items_purged_floors":[54],"is_endless":false,"potions_floor_spawned":[5,7,14,16,18,28,35,42,48],"ascension_level":20}