{"gold_per_floor":[365,365,388,30,30,73,88,88,88,121,121,86,102,16,16,109,109,109,123,31,31,80,111,111,149,149,189,204,204,222,42,42,133,133,153,153,173,173,298,336,336,375,427,461,477,197,228,241,241,241,241,241,241,84,122,122],"floor_reached":57,"playtime":3923,"items_purged":["Strike_R+1"],"score":2943,"play_id":"11250f2e-bb73-487a-a27e-159763f4ae53","local_time":"20190716221637","is_ascension_mode":true,"campfire_choices":[{"floor":8.0,"key":"REST"},{"data":"1","floor":11.0,"key":"LIFT"},{"data":"Disarm","floor":15.0,"key":"SMITH"},{"data":"2","floor":24.0,"key":"LIFT"},{"data":"3","floor":29.0,"key":"LIFT"},{"floor":32.0,"key":"REST"},{"floor":41.0,"key":"RECALL"},{"floor":49.0,"key":"REST"},{"floor":53.0,"key":"REST"}],"neow_cost":"PERCENT_DAMAGE","seed_source_timestamp":0,"circlet_count":0,"master_deck":["AscendersBane","Strike_R+1","Strike_R+1","Strike_R+1","Strike_R+1","Defend_R+1","Defend_R+1","Defend_R+1","Defend_R+1","Bash","Disarm+1","Disarm+1","Inflame+1","Shrug It Off","Headbutt+1","Feel No Pain+1","Sword Boomerang+1","Feel No Pain+1","Berserk+1","Pommel Strike+1","Battle Trance","Headbutt+1","Shockwave","Battle Trance","Flame Barrier","Heavy Blade+1","Berserk+1","Second Wind","Discovery","Flame Barrier","Reaper+1","Dual Wield","Reaper+1","Barricade+1","Dual Wield","Ghostly Armor+1","Shrug It Off","Offering","Inflame+1","Corruption+1","Whirlwind+1","Disarm","Dropkick+1","Headbutt+1","Battle Trance+1","Warcry","Power Through","Battle Trance"],"special_seed":0,"relics":["Burning Blood","Golden Idol","Frozen Egg 2","Molten Egg 2","Girya","Philosopher\u0027s Stone","Happy Flower","Shuriken","Dream Catcher","Gremlin Horn","Bottled Tornado","Fusion Hammer","Gambling Chip","Pear","Potion Belt","Red Skull","Ornamental Fan","PreservedInsect","Ice Cream"],"potions_floor_usage":[55,56,56],"damage_taken":[{"damage":10.0,"enemies":"Small Slimes","floor":1.0,"turns":4.0},{"damage":12.0,"enemies":"2 Louse","floor":3.0,"turns":4.0},{"damage":35.0,"enemies":"Lagavulin","floor":6.0,"turns":8.0},{"damage":2.0,"enemies":"Jaw Worm","floor":7.0,"turns":7.0},{"damage":32.0,"enemies":"Gremlin Nob","floor":10.0,"turns":4.0},{"damage":0.0,"enemies":"Large Slime","floor":13.0,"turns":3.0},{"damage":8.0,"enemies":"Hexaghost","floor":16.0,"turns":10.0},{"damage":0.0,"enemies":"Spheric Guardian","floor":18.0,"turns":2.0},{"damage":6.0,"enemies":"3 Byrds","floor":19.0,"turns":5.0},{"damage":22.0,"enemies":"Gremlin Leader","floor":23.0,"turns":5.0},{"damage":37.0,"enemies":"Slavers","floor":25.0,"turns":5.0},{"damage":2.0,"enemies":"Gremlin Leader","floor":27.0,"turns":4.0},{"damage":0.0,"enemies":"3 Cultists","floor":28.0,"turns":3.0},{"damage":7.0,"enemies":"Snake Plant","floor":30.0,"turns":3.0},{"damage":6.0,"enemies":"Automaton","floor":33.0,"turns":6.0},{"damage":17.0,"enemies":"3 Darklings","floor":35.0,"turns":7.0},{"damage":0.0,"enemies":"Orb Walker","floor":37.0,"turns":3.0},{"damage":0.0,"enemies":"Mind Bloom Boss Battle","floor":39.0,"turns":7.0},{"damage":42.0,"enemies":"Reptomancer","floor":40.0,"turns":7.0},{"damage":22.0,"enemies":"Nemesis","floor":42.0,"turns":9.0},{"damage":0.0,"enemies":"Giant Head","floor":44.0,"turns":5.0},{"damage":6.0,"enemies":"Writhing Mass","floor":45.0,"turns":9.0},{"damage":10.0,"enemies":"Reptomancer","floor":47.0,"turns":4.0},{"damage":3.0,"enemies":"4 Shapes","floor":48.0,"turns":3.0},{"damage":36.0,"enemies":"Donu and Deca","floor":50.0,"turns":7.0},{"damage":37.0,"enemies":"Awakened One","floor":51.0,"turns":16.0},{"damage":71,"enemies":"Shield and Spear","floor":55,"turns":7},{"damage":62,"enemies":"The Heart","floor":56,"turns":8}],"seed_played":"908556972219086","potions_obtained":[{"floor":6.0,"key":"SmokeBomb"},{"floor":7.0,"key":"LiquidBronze"},{"floor":23.0,"key":"Weak Potion"},{"floor":27.0,"key":"Weak Potion"},{"floor":40.0,"key":"LiquidBronze"},{"floor":42.0,"key":"GamblersBrew"},{"floor":44.0,"key":"Fruit Juice"},{"floor":48.0,"key":"Poison Potion"},{"floor":55,"key":"Swift Potion"}],"is_trial":false,"path_per_floor":["M","?","M","$","?","E","M","R","T","E","R","?","M","$","R","B",null,"M","M","$","?","T","E","R","E","T","E","M","R","M","$","R","B",null,"M","?","M","?","?","E","R","E","T","E","M","$","E","M","R","B","B",null,"R","$","E","B",null],"character_chosen":"IRONCLAD","items_purchased":["Frozen Egg 2","Inflame+1","Feel No Pain+1","Battle Trance","Headbutt+1","Second Wind","Discovery","Corruption+1","Whirlwind+1","Disarm","Power Through","EssenceOfSteel"],"campfire_rested":4,"item_purchase_floors":[4,4,14,20,20,31,31,46,46,46,54,54],"current_hp_per_floor":[46,46,40,40,40,11,15,35,35,9,9,26,32,32,32,30,59,65,65,65,65,65,49,49,18,18,22,28,28,27,27,47,47,63,68,68,68,68,68,78,78,78,78,78,78,78,83,83,83,83,83,83,83,83,71,58],"gold":122,"neow_bonus":"TWO_FIFTY_GOLD","is_prod":false,"is_daily":false,"chose_seed":false,"campfire_upgraded":1,"win_rate":0,"timestamp":1563329797,"path_taken":["M","?","M","$","?","E","M","R","T","E","R","?","M","?","R","BOSS","M","M","$","?","?","E","R","E","T","E","?","R","M","$","R","BOSS","M","?","?","?","?","E","R","E","T","E","M","$","E","M","R","BOSS","BOSS","R","$","E","BOSS"],"build_version":"2019-07-10","purchased_purges":1,"victory":true,"max_hp_per_floor":[75,68,68,68,68,68,68,68,68,68,68,68,68,68,68,68,68,68,68,68,68,68,68,68,68,68,68,68,68,68,68,68,68,68,68,68,68,68,68,78,78,78,78,78,78,78,83,83,83,83,83,83,83,83,83,83],"card_choices":[{"not_picked":["Body Slam","Dual Wield"],"picked":"Disarm","floor":1.0},{"not_picked":["Wild Strike","Intimidate"],"picked":"Disarm","floor":3.0},{"not_picked":["True Grit","Clash"],"picked":"Shrug It Off","floor":6.0},{"not_picked":["Cleave+1","Rampage+1"],"picked":"Headbutt+1","floor":7.0},{"not_picked":["Rupture+1","Twin Strike+1"],"picked":"Feel No Pain+1","floor":10.0},{"not_picked":["Thunderclap+1","Blood for Blood+1"],"picked":"Sword Boomerang+1","floor":13.0},{"not_picked":["Immolate+1","Double Tap"],"picked":"Berserk+1","floor":16.0},{"not_picked":["Havoc","Headbutt+1"],"picked":"Pommel Strike+1","floor":19.0},{"not_picked":["Dual Wield","Flex"],"picked":"Shockwave","floor":23.0},{"not_picked":["Cleave+1","Headbutt+1"],"picked":"Battle Trance","floor":25.0},{"not_picked":["Wild Strike+1","Hemokinesis+1"],"picked":"Flame Barrier","floor":27.0},{"not_picked":["Cleave+1","Blood for Blood+1"],"picked":"Heavy Blade+1","floor":28.0},{"not_picked":["Body Slam+1","Battle Trance"],"picked":"Berserk+1","floor":30.0},{"not_picked":["Twin Strike+1","Headbutt+1"],"picked":"Flame Barrier","floor":32.0},{"not_picked":["Impervious","Bludgeon+1"],"picked":"Reaper+1","floor":33.0},{"not_picked":["Twin Strike+1","Wild Strike+1"],"picked":"Dual Wield","floor":35.0},{"not_picked":["Pommel Strike+1","Rage"],"picked":"Barricade+1","floor":37.0},{"not_picked":["Wild Strike+1","Havoc"],"picked":"Dual Wield","floor":39.0},{"not_picked":["Flame Barrier","Anger+1"],"picked":"Ghostly Armor+1","floor":40.0},{"not_picked":["Warcry","Sentinel"],"picked":"Shrug It Off","floor":42.0},{"not_picked":["Headbutt+1","Twin Strike+1"],"picked":"Offering","floor":44.0},{"not_picked":["Body Slam+1","Clothesline+1"],"picked":"Inflame+1","floor":45.0},{"not_picked":["Havoc","Heavy Blade+1"],"picked":"Dropkick+1","floor":47.0},{"not_picked":["Clash+1","Twin Strike+1"],"picked":"Headbutt+1","floor":48.0},{"not_picked":["Bludgeon+1","Rampage+1"],"picked":"Battle Trance+1","floor":49.0},{"not_picked":["Anger+1","Wild Strike+1"],"picked":"Warcry","floor":53.0},{"not_picked":["Clothesline+1","Dropkick+1"],"picked":"Battle Trance","floor":55}],"player_experience":3234838,"relics_obtained":[{"floor":6.0,"key":"Molten Egg 2"},{"floor":10.0,"key":"Girya"},{"floor":22.0,"key":"Happy Flower"},{"floor":23.0,"key":"Shuriken"},{"floor":25.0,"key":"Dream Catcher"},{"floor":26.0,"key":"Gremlin Horn"},{"floor":27.0,"key":"Bottled Tornado"},{"floor":39.0,"key":"Gambling Chip"},{"floor":40.0,"key":"Pear"},{"floor":42.0,"key":"Potion Belt"},{"floor":43.0,"key":"Red Skull"},{"floor":44.0,"key":"Ornamental Fan"},{"floor":47.0,"key":"PreservedInsect"},{"floor":55,"key":"Ice Cream"}],"event_choices":[{"damage_healed":0.0,"max_hp_gain":0.0,"max_hp_loss":7.0,"gold_gain":0.0,"event_name":"Golden Idol","player_choice":"Lose Max HP","floor":2.0,"gold_loss":0.0,"damage_taken":0.0,"relics_obtained":["Golden Idol"]},{"damage_healed":0.0,"max_hp_gain":0.0,"max_hp_loss":0.0,"gold_gain":0.0,"event_name":"Living Wall","player_choice":"Grow","floor":5.0,"gold_loss":0.0,"damage_taken":0.0,"cards_upgraded":["Disarm"]},{"damage_healed":17.0,"max_hp_gain":0.0,"max_hp_loss":0.0,"gold_gain":0.0,"event_name":"The Cleric","player_choice":"Healed","floor":12.0,"gold_loss":35.0,"damage_taken":0.0},{"damage_healed":0.0,"max_hp_gain":0.0,"max_hp_loss":0.0,"gold_gain":0.0,"event_name":"Back to Basics","player_choice":"Simplicity","floor":21.0,"gold_loss":0.0,"damage_taken":0.0,"cards_upgraded":["Strike_R","Strike_R","Strike_R","Strike_R","Strike_R","Defend_R","Defend_R","Defend_R","Defend_R"]},{"damage_healed":0.0,"max_hp_gain":0.0,"max_hp_loss":0.0,"gold_gain":0.0,"event_name":"Match and Keep!","player_choice":"1 cards matched","floor":36.0,"gold_loss":0.0,"damage_taken":0.0,"cards_obtained":["Reaper"]},{"damage_healed":0.0,"max_hp_gain":0.0,"max_hp_loss":0.0,"gold_gain":0.0,"event_name":"Tomb of Lord Red Mask","player_choice":"Ignored","floor":38.0,"gold_loss":0.0,"damage_taken":0.0},{"damage_healed":0.0,"max_hp_gain":0.0,"max_hp_loss":0.0,"gold_gain":0.0,"event_name":"MindBloom","player_choice":"Fight","floor":39.0,"gold_loss":0.0,"damage_taken":0.0}],"is_beta":true,"boss_relics":[{"not_picked":["Velvet Choker","Astrolabe"],"picked":"Philosopher\u0027s Stone"},{"not_picked":["Busted Crown","Orrery"],"picked":"Fusion Hammer"}],"items_purged_floors":[46],"is_endless":false,"potions_floor_spawned":[6,7,10,18,23,27,37,40,42,44,48,55],"ascension_level":20}