{"gold_per_floor":[118,130,130,155,173,212,212,230,310,310,348,92,92,92,92,212,212,228,228,239,253,253,253,34,52,52,84,84],"floor_reached":28,"playtime":1338,"items_purged":[],"score":228,"play_id":"59c0e3ad-4d75-49fd-aa2b-6ae4e6a9729f","local_time":"20190420143913","is_ascension_mode":false,"campfire_choices":[{"data":"Bash","floor":7,"key":"SMITH"},{"floor":10,"key":"REST"},{"floor":15,"key":"REST"},{"floor":23,"key":"REST"}],"neow_cost":"TEN_PERCENT_HP_LOSS","seed_source_timestamp":1750286839500,"circlet_count":0,"master_deck":["Strike_R","Strike_R","Strike_R","Strike_R","Strike_R","Defend_R","Defend_R","Defend_R","Defend_R","Bash+1","Brutality","Shrug It Off","Anger","Injury","Cleave","Demon Form","Dropkick","Rupture","Rampage","Bandage Up","Hemokinesis","True Grit+1","Regret","Exhume","Spot Weakness","Anger","Uppercut+1","Reaper","Warcry+1","Rampage"],"relics":["Burning Blood","Bloody Idol","Centennial Puzzle","Kunai","Du-Vu Doll","Oddly Smooth Stone","Mark of Pain","Shuriken","Orichalcum","Boot","Red Mask"],"potions_floor_usage":[5,16,16,20,21,25,27],"damage_taken":[{"damage":2,"enemies":"Cultist","floor":1,"turns":3},{"damage":4,"enemies":"2 Louse","floor":2,"turns":4},{"damage":1,"enemies":"Small Slimes","floor":4,"turns":3},{"damage":0,"enemies":"3 Louse","floor":5,"turns":2},{"damage":29,"enemies":"Lagavulin","floor":6,"turns":6},{"damage":14,"enemies":"2 Fungi Beasts","floor":8,"turns":3},{"damage":30,"enemies":"3 Sentries","floor":11,"turns":8},{"damage":22,"enemies":"Slime Boss","floor":16,"turns":7},{"damage":34,"enemies":"2 Thieves","floor":18,"turns":4},{"damage":22,"enemies":"3 Byrds","floor":20,"turns":6},{"damage":31,"enemies":"Shelled Parasite and Fungi","floor":21,"turns":4},{"damage":7,"enemies":"Centurion and Healer","floor":25,"turns":5},{"damage":29,"enemies":"Masked Bandits","floor":27,"turns":4},{"damage":60,"enemies":"Slavers","floor":28,"turns":4}],"seed_played":"1896538464546956167","potions_obtained":[{"floor":1,"key":"Explosive Potion"},{"floor":4,"key":"Ancient Potion"},{"floor":11,"key":"Weak Potion"},{"floor":16,"key":"EssenceOfSteel"},{"floor":20,"key":"Explosive Potion"},{"floor":21,"key":"Fire Potion"},{"floor":25,"key":"Explosive Potion"}],"is_trial":false,"path_per_floor":["M","M","?","M","M","E","R","M","T","R","E","$","?","?","R","B",null,"M","?","M","M","?","R","$","M","T","?","E"],"character_chosen":"IRONCLAD","items_purchased":["Rampage","Bandage Up","Hemokinesis","True Grit","Orichalcum","Reaper"],"campfire_rested":3,"item_purchase_floors":[12,12,12,12,24,24],"current_hp_per_floor":[72,72,72,72,72,49,49,41,41,62,38,38,38,38,59,47,72,44,44,37,17,17,38,38,50,50,48,0],"gold":84,"neow_bonus":"THREE_RARE_CARDS","is_prod":false,"is_daily":false,"chose_seed":false,"campfire_upgraded":1,"win_rate":0,"timestamp":1555735153,"path_taken":["M","?","?","M","M","E","R","M","T","R","E","$","?","?","R","BOSS","M","?","M","M","?","R","$","M","T","?","E"],"build_version":"2019-01-23","purchased_purges":0,"victory":false,"max_hp_per_floor":[72,72,72,72,72,72,72,72,72,72,72,72,72,72,72,72,72,72,72,72,72,72,72,72,72,72,72,72],"card_choices":[{"not_picked":["Reaper","Immolate"],"picked":"Brutality","floor":0},{"not_picked":["Fire Breathing","Feel No Pain"],"picked":"Shrug It Off","floor":1},{"not_picked":["Iron Wave","Warcry"],"picked":"Anger","floor":2},{"not_picked":["Second Wind","Entrench"],"picked":"Cleave","floor":4},{"not_picked":["Twin Strike","Anger"],"picked":"Demon Form","floor":5},{"not_picked":["Ghostly Armor","Combust"],"picked":"Dropkick","floor":6},{"not_picked":["Sever Soul","Disarm","Ghostly Armor"],"picked":"SKIP","floor":8},{"not_picked":["Flex","Dropkick"],"picked":"Rupture","floor":11},{"not_picked":["Dark Embrace","Reaper"],"picked":"Exhume","floor":16},{"not_picked":["Dual Wield","Thunderclap"],"picked":"Spot Weakness","floor":18},{"not_picked":["Perfected Strike","Thunderclap"],"picked":"Anger","floor":20},{"not_picked":["Intimidate","Feel No Pain+1"],"picked":"Uppercut+1","floor":21},{"not_picked":["Pommel Strike","Battle Trance"],"picked":"Warcry+1","floor":25},{"not_picked":["Rupture","Battle Trance"],"picked":"Rampage","floor":27}],"player_experience":338988,"relics_obtained":[{"floor":6,"key":"Centennial Puzzle"},{"floor":9,"key":"Kunai"},{"floor":11,"key":"Du-Vu Doll"},{"floor":26,"key":"Boot"},{"floor":27,"key":"Red Mask"}],"event_choices":[{"damage_healed":0,"gold_gain":0,"player_choice":"Take Wound","damage_taken":0,"relics_obtained":["Golden Idol"],"max_hp_gain":0,"max_hp_loss":0,"event_name":"Golden Idol","floor":3,"gold_loss":0,"cards_obtained":["Injury"]},{"damage_healed":0,"gold_gain":0,"player_choice":"Grow","damage_taken":0,"max_hp_gain":0,"max_hp_loss":0,"event_name":"Living Wall","floor":13,"gold_loss":0,"cards_upgraded":["True Grit"]},{"damage_healed":0,"gold_gain":0,"player_choice":"Box","damage_taken":0,"relics_obtained":["Oddly Smooth Stone"],"max_hp_gain":0,"max_hp_loss":0,"event_name":"Big Fish","floor":14,"gold_loss":0,"cards_obtained":["Regret"]},{"damage_healed":0,"gold_gain":0,"player_choice":"Gave Idol","damage_taken":0,"relics_obtained":["Bloody Idol"],"max_hp_gain":0,"max_hp_loss":0,"event_name":"Forgotten Altar","floor":19,"relics_lost":["Golden Idol"],"gold_loss":0},{"damage_healed":0,"gold_gain":0,"player_choice":"Opened","damage_taken":0,"relics_obtained":["Shuriken"],"max_hp_gain":0,"max_hp_loss":0,"event_name":"The Mausoleum","floor":22,"gold_loss":0},{"damage_healed":0,"gold_gain":0,"player_choice":"Fought Bandits","damage_taken":0,"max_hp_gain":0,"max_hp_loss":0,"event_name":"Masked Bandits","floor":27,"gold_loss":0}],"is_beta":false,"boss_relics":[{"not_picked":["Runic Cube","Tiny House"],"picked":"Mark of Pain"}],"items_purged_floors":[],"is_endless":false,"potions_floor_spawned":[1,4,11,16,20,21,25],"killed_by":"Slavers","ascension_level":0}