{"gold_per_floor":[115,115,39,39,39,39,75,75,126,146,146,221,246,265,265,385,385,403,422,422,347,347,347,347,272,354,369,389,389,408,308,308,429,429,444,444,444,508,383,383,418,418,487,503,523,544,544,558,558,558],"floor_reached":51,"playtime":3771,"items_purged":["Strike_B","Defend_B+1","Defend_B+1"],"score":799,"play_id":"bee5db55-467a-4846-8a8e-aa70dcf0e7e9","local_time":"20190129222535","is_ascension_mode":true,"campfire_choices":[{"data":"Coolheaded","floor":6,"key":"SMITH"},{"data":"Capacitor","floor":8,"key":"SMITH"},{"floor":15,"key":"REST"},{"floor":23,"key":"REST"},{"data":"Rainbow","floor":29,"key":"SMITH"},{"data":"Echo Form","floor":32,"key":"SMITH"},{"data":"Echo Form","floor":40,"key":"SMITH"},{"floor":47,"key":"REST"},{"data":"Machine Learning","floor":49,"key":"SMITH"}],"neow_cost":"NONE","seed_source_timestamp":257062840288204,"circlet_count":0,"master_deck":["Strike_B+1","Defend_B+1","Zap","Dualcast","Coolheaded+1","Capacitor+1","Machine Learning+1","White Noise","Glacier","Rainbow+1","Blizzard+1","Echo Form+1","Echo Form+1","Capacitor+1"],"relics":["Cracked Core","NeowsBlessing","Golden Idol","Incense Burner","Bag of Preparation","Snecko Eye","Bird Faced Urn","Nilry\u0027s Codex","Mummified Hand","Empty Cage","Nunchaku","Darkstone Periapt","Cables"],"potions_floor_usage":[16,18,33,50,50],"damage_taken":[{"damage":0,"enemies":"Jaw Worm","floor":1,"turns":1},{"damage":0,"enemies":"Gremlin Nob","floor":7,"turns":1},{"damage":0,"enemies":"Small Slimes","floor":10,"turns":1},{"damage":3,"enemies":"2 Louse","floor":13,"turns":2},{"damage":0,"enemies":"Exordium Wildlife","floor":14,"turns":3},{"damage":17,"enemies":"Slime Boss","floor":16,"turns":11},{"damage":15,"enemies":"2 Thieves","floor":18,"turns":3},{"damage":19,"enemies":"Spheric Guardian","floor":19,"turns":6},{"damage":12,"enemies":"Centurion and Healer","floor":27,"turns":5},{"damage":0,"enemies":"Snecko","floor":28,"turns":4},{"damage":0,"enemies":"Snake Plant","floor":30,"turns":3},{"damage":23,"enemies":"Collector","floor":33,"turns":9},{"damage":21,"enemies":"Orb Walker","floor":35,"turns":4},{"damage":3,"enemies":"2 Orb Walkers","floor":38,"turns":5},{"damage":2,"enemies":"Reptomancer","floor":41,"turns":4},{"damage":0,"enemies":"3 Shapes","floor":44,"turns":4},{"damage":0,"enemies":"Sphere and 2 Shapes","floor":45,"turns":2},{"damage":34,"enemies":"3 Darklings","floor":46,"turns":4},{"damage":0,"enemies":"Spire Growth","floor":48,"turns":3},{"damage":14,"enemies":"Awakened One","floor":50,"turns":7}],"seed_played":"9107978702079472681","potions_obtained":[{"floor":10,"key":"LiquidBronze"},{"floor":14,"key":"Explosive Potion"},{"floor":16,"key":"Fire Potion"},{"floor":27,"key":"FocusPotion"},{"floor":30,"key":"Explosive Potion"},{"floor":33,"key":"SpeedPotion"}],"is_trial":false,"path_per_floor":["M","?","$","?","?","R","E","R","T","M","?","?","M","M","R","B",null,"M","M","?","$","?","R","?","?","T","M","M","R","M","$","R","B",null,"M","?","?","?","$","R","E","?","T","M","M","M","R","M","R","B",null],"character_chosen":"DEFECT","items_purchased":["Capacitor"],"campfire_rested":3,"item_purchase_floors":[3],"current_hp_per_floor":[75,57,57,62,62,62,62,62,62,62,46,35,32,32,56,39,80,65,46,46,46,30,54,54,54,54,50,56,56,62,62,62,47,80,60,60,60,69,69,69,74,74,74,76,76,60,76,76,76,68],"gold":558,"neow_bonus":"THREE_ENEMY_KILL","is_prod":false,"is_daily":false,"chose_seed":false,"campfire_upgraded":6,"win_rate":0,"timestamp":1548822335,"path_taken":["M","?","$","?","?","R","E","R","T","?","?","?","M","M","R","BOSS","M","M","?","$","?","R","?","?","T","M","M","R","M","$","R","BOSS","M","?","?","?","$","R","E","?","T","?","M","?","R","M","R","BOSS"],"build_version":"2019-01-23","purchased_purges":3,"victory":true,"max_hp_per_floor":[75,75,75,80,80,80,80,80,80,80,80,80,80,80,80,80,80,80,80,80,80,80,80,80,80,80,80,80,80,80,80,80,80,80,80,80,76,76,76,76,76,76,76,76,76,76,76,76,76,76],"card_choices":[{"not_picked":["Stack","Barrage"],"picked":"Coolheaded","floor":1},{"not_picked":["Heatsinks","Hologram"],"picked":"Machine Learning","floor":7},{"not_picked":["Lockon","Leap"],"picked":"White Noise","floor":10},{"not_picked":["Reinforced Body","Force Field"],"picked":"Glacier","floor":13},{"not_picked":["Gash","Reinforced Body","Force Field"],"picked":"SKIP","floor":14},{"not_picked":["All For One","Machine Learning"],"picked":"Rainbow","floor":16},{"not_picked":["Leap","Loop","Coolheaded"],"picked":"SKIP","floor":18},{"not_picked":["Steam","Melter+1","Reprogram+1"],"picked":"SKIP","floor":19},{"not_picked":["Leap","Coolheaded+1"],"picked":"Blizzard+1","floor":27},{"not_picked":["Conserve Battery","Sweeping Beam","Coolheaded"],"picked":"SKIP","floor":28},{"not_picked":["Cold Snap","Reinforced Body"],"picked":"Echo Form","floor":30},{"not_picked":["Fission","Multi-Cast"],"picked":"Echo Form","floor":33},{"not_picked":["Defragment","Go for the Eyes","Compile Driver+1"],"picked":"SKIP","floor":35},{"not_picked":["Defragment","Go for the Eyes","Compile Driver+1"],"picked":"SKIP","floor":35},{"not_picked":["Hello World+1","Chill+1"],"picked":"Capacitor+1","floor":38},{"not_picked":["Seek","Doom and Gloom","Rebound"],"picked":"SKIP","floor":41},{"not_picked":["Streamline+1","FTL+1","Stack+1"],"picked":"SKIP","floor":44},{"not_picked":["Conserve Battery+1","Streamline","Lockon+1"],"picked":"SKIP","floor":45},{"not_picked":["Streamline","Beam Cell","Tempest+1"],"picked":"SKIP","floor":46},{"not_picked":["Steam+1","Skim+1","Capacitor+1"],"picked":"SKIP","floor":48}],"player_experience":356808,"relics_obtained":[{"floor":7,"key":"Incense Burner"},{"floor":9,"key":"Bag of Preparation"},{"floor":22,"key":"Nilry\u0027s Codex"},{"floor":26,"key":"Mummified Hand"},{"floor":38,"key":"Nunchaku"},{"floor":41,"key":"Darkstone Periapt"},{"floor":43,"key":"Cables"}],"event_choices":[{"damage_healed":0,"gold_gain":0,"player_choice":"Take Damage","damage_taken":18,"relics_obtained":["Golden Idol"],"max_hp_gain":0,"max_hp_loss":0,"event_name":"Golden Idol","floor":2,"gold_loss":0},{"damage_healed":0,"gold_gain":0,"player_choice":"Donut","damage_taken":0,"max_hp_gain":5,"max_hp_loss":0,"event_name":"Big Fish","floor":4,"gold_loss":0},{"damage_healed":0,"gold_gain":0,"player_choice":"Ignored","damage_taken":0,"max_hp_gain":0,"max_hp_loss":0,"event_name":"Liars Game","floor":5,"gold_loss":0},{"damage_healed":0,"gold_gain":0,"player_choice":"Entered Light","damage_taken":16,"max_hp_gain":0,"max_hp_loss":0,"event_name":"Shining Light","floor":11,"gold_loss":0,"cards_upgraded":["Defend_B","Strike_B"]},{"damage_healed":0,"gold_gain":75,"player_choice":"Gather Gold","damage_taken":11,"max_hp_gain":0,"max_hp_loss":0,"event_name":"World of Goop","floor":12,"gold_loss":0},{"damage_healed":0,"gold_gain":0,"player_choice":"Opened","damage_taken":0,"relics_obtained":["Bird Faced Urn"],"max_hp_gain":0,"max_hp_loss":0,"event_name":"The Mausoleum","floor":20,"gold_loss":0},{"damage_healed":0,"gold_gain":0,"player_choice":"Obtained Book","damage_taken":16,"max_hp_gain":0,"max_hp_loss":0,"event_name":"Cursed Tome","floor":22,"gold_loss":0},{"damage_healed":0,"gold_gain":0,"player_choice":"Simplicity","damage_taken":0,"max_hp_gain":0,"max_hp_loss":0,"event_name":"Back to Basics","floor":24,"gold_loss":0,"cards_upgraded":["Strike_B","Strike_B","Defend_B","Defend_B","Defend_B"]},{"cards_removed":["Defend_B"],"damage_healed":0,"gold_gain":0,"player_choice":"Gave Gold","damage_taken":0,"max_hp_gain":0,"max_hp_loss":0,"event_name":"Beggar","floor":25,"gold_loss":75},{"damage_healed":0,"gold_gain":0,"player_choice":"Ignored","damage_taken":0,"max_hp_gain":0,"max_hp_loss":0,"event_name":"Tomb of Lord Red Mask","floor":36,"gold_loss":0},{"damage_healed":0,"gold_gain":0,"player_choice":"Max HP","damage_taken":0,"max_hp_gain":0,"max_hp_loss":4,"event_name":"Winding Halls","floor":37,"gold_loss":0},{"damage_healed":0,"gold_gain":0,"player_choice":"Fight","damage_taken":0,"max_hp_gain":0,"max_hp_loss":0,"event_name":"Mysterious Sphere","floor":38,"gold_loss":0},{"damage_healed":0,"gold_gain":0,"player_choice":"Memory 1","damage_taken":0,"max_hp_gain":0,"max_hp_loss":0,"event_name":"SensoryStone","floor":42,"gold_loss":0}],"is_beta":false,"boss_relics":[{"not_picked":["Runic Dome","Lizard Tail"],"picked":"Snecko Eye"},{"not_picked":["Runic Pyramid","Fusion Hammer"],"picked":"Empty Cage"}],"items_purged_floors":[21,31,39],"is_endless":false,"potions_floor_spawned":[10,14,16,27,30,33,38,44],"ascension_level":3}