{"gold_per_floor":[118,134,134,147,164,194,205,216,269,269,444,472,487,499,499,604,604,618,618],"floor_reached":19,"playtime":1129,"items_purged":[],"score":183,"play_id":"3fe20890-fd99-4519-a25d-54bac946ddbf","local_time":"20190108151812","is_ascension_mode":false,"campfire_choices":[{"floor":10,"key":"REST"},{"floor":15,"key":"REST"}],"neow_cost":"NONE","seed_source_timestamp":1132829621964402,"circlet_count":0,"master_deck":["Strike_B","Strike_B","Strike_B","Strike_B","Defend_B","Defend_B","Defend_B","Defend_B","Zap","Dualcast","Barrage","Coolheaded","Redo","Darkness","Leap","Leap","Doubt","Compile Driver","Capacitor","Blizzard","Rainbow","Capacitor"],"relics":["Cracked Core","Ancient Tea Set","Oddly Smooth Stone","Orichalcum","Anchor","Question Card","Sozu"],"potions_floor_usage":[16,16,19],"damage_taken":[{"damage":0,"enemies":"Small Slimes","floor":1,"turns":2},{"damage":10,"enemies":"Jaw Worm","floor":2,"turns":4},{"damage":0,"enemies":"2 Louse","floor":4,"turns":2},{"damage":17,"enemies":"2 Fungi Beasts","floor":5,"turns":3},{"damage":26,"enemies":"Lagavulin","floor":6,"turns":7},{"damage":0,"enemies":"Large Slime","floor":7,"turns":4},{"damage":0,"enemies":"Red Slaver","floor":8,"turns":4},{"damage":22,"enemies":"Gremlin Nob","floor":12,"turns":5},{"damage":4,"enemies":"Exordium Thugs","floor":13,"turns":3},{"damage":0,"enemies":"3 Louse","floor":14,"turns":4},{"damage":43,"enemies":"The Guardian","floor":16,"turns":13},{"damage":21,"enemies":"3 Byrds","floor":18,"turns":5},{"damage":62,"enemies":"Masked Bandits","floor":19,"turns":5}],"seed_played":"2481616836571903301","potions_obtained":[{"floor":5,"key":"FocusPotion"},{"floor":6,"key":"SpeedPotion"},{"floor":7,"key":"FearPotion"},{"floor":14,"key":"Regen Potion"}],"is_trial":false,"path_per_floor":["M","M","?","M","M","E","M","M","T","R","?","E","M","M","R","B",null,"M","?"],"character_chosen":"DEFECT","items_purchased":[],"campfire_rested":2,"item_purchase_floors":[],"current_hp_per_floor":[75,65,58,58,41,15,15,15,15,37,37,15,11,11,33,5,75,54,0],"gold":618,"neow_bonus":"RANDOM_COMMON_RELIC","is_prod":false,"is_daily":false,"chose_seed":false,"campfire_upgraded":0,"win_rate":0.0,"timestamp":1546978692,"path_taken":["M","M","?","M","M","E","M","M","T","R","?","E","M","?","R","BOSS","M","?"],"build_version":"2019-01-03v4","purchased_purges":0,"victory":false,"max_hp_per_floor":[75,75,75,75,75,75,75,75,75,75,75,75,75,75,75,75,75,75,75],"card_choices":[{"not_picked":["Stack","Gash"],"picked":"Barrage","floor":1},{"not_picked":["Hello World","Go for the Eyes"],"picked":"Coolheaded","floor":2},{"not_picked":["Steam","Hello World","Gash"],"picked":"SKIP","floor":4},{"not_picked":["Beam Cell","Barrage"],"picked":"Redo","floor":5},{"not_picked":["Go for the Eyes","Redo"],"picked":"Darkness","floor":6},{"not_picked":["Darkness","Chaos"],"picked":"Leap","floor":7},{"not_picked":["Auto Shields","Streamline"],"picked":"Leap","floor":8},{"not_picked":["Reinforced Body","Rip and Tear"],"picked":"Compile Driver","floor":12},{"not_picked":["Coolheaded","Conserve Battery","Go for the Eyes"],"picked":"Capacitor","floor":13},{"not_picked":["Cold Snap","Go for the Eyes","Skim"],"picked":"Blizzard","floor":14},{"not_picked":["Reboot","Amplify","Seek"],"picked":"Rainbow","floor":16},{"not_picked":["Beam Cell","Streamline+1","Tempest+1"],"picked":"Capacitor","floor":18}],"player_experience":15572,"relics_obtained":[{"floor":6,"key":"Orichalcum"},{"floor":9,"key":"Anchor"},{"floor":12,"key":"Question Card"}],"event_choices":[{"damage_healed":0,"gold_gain":0,"player_choice":"Success","damage_taken":7,"relics_obtained":["Oddly Smooth Stone"],"max_hp_gain":0,"max_hp_loss":0,"event_name":"Scrap Ooze","floor":3,"gold_loss":0},{"damage_healed":0,"gold_gain":175,"player_choice":"AGREE","damage_taken":0,"max_hp_gain":0,"max_hp_loss":0,"event_name":"Liars Game","floor":11,"gold_loss":0,"cards_obtained":["Doubt"]},{"damage_healed":0,"gold_gain":0,"player_choice":"Fought Bandits","damage_taken":0,"max_hp_gain":0,"max_hp_loss":0,"event_name":"Masked Bandits","floor":19,"gold_loss":0}],"is_beta":false,"boss_relics":[{"not_picked":["Cursed Key","Black Star"],"picked":"Sozu"}],"items_purged_floors":[],"is_endless":false,"potions_floor_spawned":[5,6,7,12,14,18],"killed_by":"Masked Bandits","ascension_level":0}