{"gold_per_floor":[119,136,136,136,136,136,175,199,199,217,238,37,51,128,128,128],"floor_reached":16,"playtime":466,"items_purged":["Strike_G"],"score":191,"play_id":"bf02007c-6062-4a3e-8f0b-7c01ef9e2121","local_time":"20190607221318","is_ascension_mode":true,"campfire_choices":[{"data":"Neutralize","floor":6,"key":"SMITH"},{"data":"Footwork","floor":15,"key":"SMITH"}],"neow_cost":"NONE","seed_source_timestamp":5067753467731,"circlet_count":0,"master_deck":["AscendersBane","Defend_G","Defend_G","Defend_G","Defend_G","Defend_G","Strike_G","Strike_G","Strike_G","Strike_G","Survivor","Neutralize+1","Acrobatics","Cloak And Dagger","Acrobatics","Flying Knee+1","Dagger Spray+1","Footwork+1","Die Die Die+1","Sucker Punch+1","Cloak And Dagger"],"relics":["Ring of the Snake","NeowsBlessing","Golden Idol","Molten Egg 2","Omamori","Meat on the Bone"],"potions_floor_usage":[16],"damage_taken":[{"damage":0,"enemies":"Cultist","floor":1,"turns":1},{"damage":0,"enemies":"Small Slimes","floor":2,"turns":1},{"damage":0,"enemies":"Gremlin Nob","floor":7,"turns":1},{"damage":0,"enemies":"2 Louse","floor":8,"turns":4},{"damage":3,"enemies":"Looter","floor":10,"turns":4},{"damage":9,"enemies":"Exordium Wildlife","floor":11,"turns":3},{"damage":9,"enemies":"Blue Slaver","floor":13,"turns":4},{"damage":45,"enemies":"Hexaghost","floor":16,"turns":16}],"seed_played":"3430473228725159079","potions_obtained":[{"floor":1,"key":"Weak Potion"},{"floor":10,"key":"FearPotion"}],"is_trial":false,"path_per_floor":["M","M","?","?","?","R","E","M","T","M","M","$","M","T","R","B"],"character_chosen":"THE_SILENT","items_purchased":["Die Die Die+1","Sucker Punch+1"],"campfire_rested":0,"item_purchase_floors":[12,12],"current_hp_per_floor":[63,63,63,63,63,63,63,63,63,60,51,51,42,42,42,0],"gold":128,"neow_bonus":"THREE_ENEMY_KILL","is_prod":false,"is_daily":false,"chose_seed":false,"campfire_upgraded":2,"win_rate":0,"timestamp":1559909598,"path_taken":["M","?","?","?","?","R","E","M","T","M","M","?","M","?","R","BOSS"],"build_version":"2019-01-23","purchased_purges":1,"victory":false,"max_hp_per_floor":[70,70,70,70,70,70,70,70,70,70,70,70,70,70,70,70],"card_choices":[{"not_picked":["Reflex","Deflect"],"picked":"Acrobatics","floor":1},{"not_picked":["Noxious Fumes","Quick Slash"],"picked":"Cloak And Dagger","floor":2},{"not_picked":["Catalyst","Reflex"],"picked":"Acrobatics","floor":7},{"not_picked":["Outmaneuver","Caltrops"],"picked":"Flying Knee+1","floor":8},{"not_picked":["Prepared","Slice+1"],"picked":"Dagger Spray+1","floor":10},{"not_picked":["PiercingWail","Crippling Poison"],"picked":"Footwork","floor":11},{"not_picked":["Masterful Stab+1","Riddle With Holes+1"],"picked":"Cloak And Dagger","floor":13}],"player_experience":832690,"relics_obtained":[{"floor":7,"key":"Molten Egg 2"},{"floor":9,"key":"Omamori"},{"floor":14,"key":"Meat on the Bone"}],"event_choices":[{"damage_healed":0,"gold_gain":0,"player_choice":"Take Wound","damage_taken":0,"relics_obtained":["Golden Idol"],"max_hp_gain":0,"max_hp_loss":0,"event_name":"Golden Idol","floor":3,"gold_loss":0,"cards_obtained":["Injury"]},{"cards_removed":["Injury"],"damage_healed":0,"gold_gain":0,"player_choice":"Forget","damage_taken":0,"max_hp_gain":0,"max_hp_loss":0,"event_name":"Living Wall","floor":4,"gold_loss":0},{"damage_healed":0,"gold_gain":0,"player_choice":"Ignored","damage_taken":0,"max_hp_gain":0,"max_hp_loss":0,"event_name":"Golden Wing","floor":5,"gold_loss":0}],"is_beta":false,"boss_relics":[],"items_purged_floors":[12],"is_endless":false,"potions_floor_spawned":[1,10],"killed_by":"Hexaghost","ascension_level":10}