{"gold_per_floor":[113,62,72,72,84,84,117,117,117,117,134,134,134],"floor_reached":13,"playtime":481,"items_purged":[],"score":166,"play_id":"9f3fae69-90d2-493f-aa22-4ac6b23df639","local_time":"20190620155343","is_ascension_mode":true,"campfire_choices":[{"data":"Body Slam","floor":6.0,"key":"SMITH"},{"data":"Body Slam","floor":8,"key":"SMITH"},{"floor":10,"key":"REST"}],"neow_cost":"PERCENT_DAMAGE","seed_source_timestamp":0,"circlet_count":0,"master_deck":["AscendersBane","Strike_R","Strike_R","Strike_R","Strike_R","Defend_R","Defend_R","Defend_R","Defend_R","Bash","Metallicize","Body Slam+1","Body Slam","Body Slam+1","Spot Weakness","Inflame"],"special_seed":0,"relics":["Burning Blood","Pocketwatch","Sundial","Boot","Golden Idol"],"potions_floor_usage":[7],"damage_taken":[{"damage":1.0,"enemies":"Cultist","floor":1.0,"turns":3.0},{"damage":9.0,"enemies":"Jaw Worm","floor":3.0,"turns":3.0},{"damage":7.0,"enemies":"2 Louse","floor":5.0,"turns":5.0},{"damage":39,"enemies":"Lagavulin","floor":7,"turns":10},{"damage":14,"enemies":"Red Slaver","floor":11,"turns":4},{"damage":49,"enemies":"Gremlin Nob","floor":13,"turns":4}],"seed_played":"908556972218947","potions_obtained":[{"floor":3.0,"key":"EssenceOfSteel"}],"is_trial":false,"path_per_floor":["M","$","M","?","M","R","E","R","T","R","M","?","E"],"character_chosen":"IRONCLAD","items_purchased":["Body Slam"],"campfire_rested":1,"item_purchase_floors":[2],"current_hp_per_floor":[55,55,52,52,51,51,18,18,18,40,32,32,0],"gold":134,"neow_bonus":"ONE_RARE_RELIC","is_prod":false,"is_daily":false,"chose_seed":false,"campfire_upgraded":2,"win_rate":0,"timestamp":1561060423,"path_taken":["M","?","M","?","?","R","E","R","T","R","M","?","E"],"build_version":"2019-06-18","purchased_purges":0,"victory":false,"max_hp_per_floor":[75,75,75,75,75,75,75,75,75,75,75,68,68],"card_choices":[{"not_picked":["Clash","Sever Soul"],"picked":"Metallicize","floor":1.0},{"not_picked":["Pommel Strike","Sword Boomerang"],"picked":"Body Slam","floor":3.0},{"not_picked":["Pummel","Thunderclap"],"picked":"Body Slam","floor":5.0},{"not_picked":["Wild Strike","Pommel Strike"],"picked":"Spot Weakness","floor":7},{"not_picked":["Bloodletting","Warcry"],"picked":"Inflame","floor":11}],"player_experience":2990608,"relics_obtained":[{"floor":7,"key":"Sundial"},{"floor":9,"key":"Boot"}],"event_choices":[{"cards_removed":["Strike_R"],"damage_healed":0.0,"max_hp_gain":0.0,"max_hp_loss":0.0,"gold_gain":0.0,"event_name":"Purifier","player_choice":"Purged","floor":4.0,"gold_loss":0.0,"damage_taken":0.0},{"damage_healed":0,"gold_gain":0,"player_choice":"Lose Max HP","damage_taken":0,"relics_obtained":["Golden Idol"],"max_hp_gain":0,"max_hp_loss":7,"event_name":"Golden Idol","floor":12,"gold_loss":0}],"is_beta":true,"boss_relics":[],"items_purged_floors":[],"is_endless":false,"potions_floor_spawned":[3],"killed_by":"Gremlin Nob","ascension_level":20}