{"gold_per_floor":[117,128,147,147,222,222,248,9,9,9,9,19,54,75,75,75],"floor_reached":16,"playtime":471,"items_purged":["Strike_R"],"score":189,"play_id":"e40f3303-d543-4453-b19f-99b1f9a24f66","local_time":"20190714010642","is_ascension_mode":true,"campfire_choices":[{"data":"Iron Wave","floor":6,"key":"SMITH"},{"data":"Fiend Fire","floor":10,"key":"SMITH"},{"data":"Body Slam","floor":15,"key":"SMITH"}],"neow_cost":"NONE","seed_source_timestamp":211384731558212,"circlet_count":0,"master_deck":["AscendersBane","Strike_R","Strike_R","Strike_R","Defend_R","Defend_R","Defend_R","Defend_R","Bash","Iron Wave+1","Clothesline","Shrug It Off","Exhume","Fiend Fire+1","Body Slam+1","Immolate","Shrug It Off"],"relics":["Burning Blood","NeowsBlessing","Bronze Scales","Mummified Hand","Matryoshka","Odd Mushroom"],"potions_floor_usage":[7,16],"damage_taken":[{"damage":0,"enemies":"Cultist","floor":1,"turns":1},{"damage":0,"enemies":"Small Slimes","floor":2,"turns":1},{"damage":0,"enemies":"Jaw Worm","floor":3,"turns":1},{"damage":23,"enemies":"3 Sentries","floor":7,"turns":9},{"damage":3,"enemies":"3 Louse","floor":12,"turns":4},{"damage":16,"enemies":"Gremlin Nob","floor":13,"turns":3},{"damage":16,"enemies":"The Mushroom Lair","floor":14,"turns":2},{"damage":43,"enemies":"The Guardian","floor":16,"turns":11}],"seed_played":"-1713918901755381025","potions_obtained":[{"floor":3,"key":"Energy Potion"},{"floor":12,"key":"Ancient Potion"},{"floor":13,"key":"GamblersBrew"}],"is_trial":false,"path_per_floor":["M","M","M","?","?","R","E","$","T","R","$","M","E","?","R","B"],"character_chosen":"IRONCLAD","items_purchased":["Fiend Fire"],"campfire_rested":0,"item_purchase_floors":[8],"current_hp_per_floor":[74,75,75,75,64,64,47,47,47,47,47,50,40,30,30,0],"gold":75,"neow_bonus":"THREE_ENEMY_KILL","is_prod":false,"is_daily":false,"chose_seed":false,"campfire_upgraded":3,"win_rate":0,"timestamp":1563034002,"path_taken":["M","?","M","?","?","R","E","$","T","R","?","M","E","?","R","BOSS"],"build_version":"2019-07-01","purchased_purges":1,"victory":false,"max_hp_per_floor":[75,75,75,75,75,75,75,75,75,75,75,75,75,75,75,75],"card_choices":[{"not_picked":["Clash","Flex"],"picked":"Iron Wave","floor":1},{"not_picked":["Hemokinesis","Havoc"],"picked":"Clothesline","floor":2},{"not_picked":["Fire Breathing","Warcry"],"picked":"Shrug It Off","floor":3},{"not_picked":["Limit Break","Fire Breathing","Thunderclap"],"picked":"SKIP","floor":7},{"not_picked":["Iron Wave","Bloodletting"],"picked":"Body Slam","floor":12},{"not_picked":["Wild Strike","Havoc"],"picked":"Immolate","floor":13},{"not_picked":["Iron Wave","Anger"],"picked":"Shrug It Off","floor":14}],"player_experience":1129146,"relics_obtained":[{"floor":7,"key":"Bronze Scales"},{"floor":9,"key":"Mummified Hand"},{"floor":13,"key":"Matryoshka"},{"floor":14,"key":"Odd Mushroom"}],"event_choices":[{"damage_healed":0,"gold_gain":0,"cards_transformed":["Strike_R"],"player_choice":"Change","damage_taken":0,"max_hp_gain":0,"max_hp_loss":0,"event_name":"Living Wall","floor":4,"gold_loss":0,"cards_obtained":["Exhume"]},{"damage_healed":0,"gold_gain":75,"player_choice":"Gather Gold","damage_taken":11,"max_hp_gain":0,"max_hp_loss":0,"event_name":"World of Goop","floor":5,"gold_loss":0},{"damage_healed":0,"gold_gain":0,"player_choice":"Fought Mushrooms","damage_taken":0,"max_hp_gain":0,"max_hp_loss":0,"event_name":"Mushrooms","floor":14,"gold_loss":0}],"is_beta":false,"boss_relics":[],"items_purged_floors":[8],"is_endless":false,"potions_floor_spawned":[3,12,13],"killed_by":"The Guardian","ascension_level":15}