{"gold_per_floor":[117,67,19,194,47,77,77,110,136,156,156,182,192,10,10,115,115,129,157,256,274,274],"floor_reached":22,"playtime":845,"items_purged":[],"score":288,"play_id":"b70bee96-35ee-463f-b1d5-6c300e387602","local_time":"20190425213700","is_ascension_mode":true,"campfire_choices":[{"data":"Armaments","floor":7,"key":"SMITH"},{"data":"Barricade","floor":11,"key":"SMITH"},{"data":"Metallicize","floor":15,"key":"SMITH"}],"neow_cost":"NONE","seed_source_timestamp":3776775908832,"circlet_count":0,"master_deck":["Strike_R","Strike_R","Strike_R","Strike_R","Defend_R","Defend_R","Defend_R","Defend_R","Bash","Wild Strike","Armaments+1","Doubt","True Grit","Anger","Flex","Cleave","Barricade+1","Warcry","Dropkick","Rage","Metallicize+1","Impervious","Offering","Sword Boomerang","Pummel","Seeing Red+1"],"relics":["Burning Blood","NeowsBlessing","Strawberry","Question Card","Omamori","Vajra","Sozu","Red Mask"],"potions_floor_usage":[13,16,18],"damage_taken":[{"damage":0,"enemies":"2 Louse","floor":1,"turns":1},{"damage":0,"enemies":"Lagavulin","floor":6,"turns":1},{"damage":0,"enemies":"Gremlin Nob","floor":8,"turns":1},{"damage":1,"enemies":"Small Slimes","floor":10,"turns":4},{"damage":17,"enemies":"Lagavulin","floor":12,"turns":10},{"damage":18,"enemies":"Jaw Worm","floor":13,"turns":4},{"damage":19,"enemies":"The Guardian","floor":16,"turns":13},{"damage":29,"enemies":"Spheric Guardian","floor":18,"turns":6},{"damage":52,"enemies":"Masked Bandits","floor":19,"turns":6},{"damage":0,"enemies":"Chosen","floor":21,"turns":4},{"damage":24,"enemies":"Snecko","floor":22,"turns":3}],"seed_played":"7807829449348560255","potions_obtained":[{"floor":6,"key":"EssenceOfSteel"},{"floor":10,"key":"Energy Potion"},{"floor":12,"key":"BloodPotion"}],"is_trial":false,"path_per_floor":["M","?","$","?","$","E","R","E","T","M","R","E","M","$","R","B",null,"M","?","?","M","M"],"character_chosen":"IRONCLAD","items_purchased":["Armaments","True Grit","Anger","Flex","Metallicize","Impervious"],"campfire_rested":0,"item_purchase_floors":[3,5,5,5,14,14],"current_hp_per_floor":[80,80,80,80,80,87,87,87,87,87,87,76,72,72,72,59,87,64,18,18,24,0],"gold":274,"neow_bonus":"THREE_ENEMY_KILL","is_prod":false,"is_daily":false,"chose_seed":false,"campfire_upgraded":3,"win_rate":0,"timestamp":1556192220,"path_taken":["M","?","$","?","?","E","R","E","T","M","R","E","M","$","R","BOSS","M","?","?","M","M"],"build_version":"2019-01-23","purchased_purges":0,"victory":false,"max_hp_per_floor":[80,80,80,80,80,87,87,87,87,87,87,87,87,87,87,87,87,87,87,87,87,87],"card_choices":[{"not_picked":["Clothesline","Iron Wave"],"picked":"Wild Strike","floor":1},{"not_picked":["Fire Breathing","Entrench"],"picked":"Cleave","floor":6},{"not_picked":["Uppercut","Cleave"],"picked":"Barricade","floor":8},{"not_picked":["Armaments","Twin Strike","True Grit"],"picked":"Warcry","floor":10},{"not_picked":["Ghostly Armor","Fire Breathing","Twin Strike"],"picked":"Dropkick","floor":12},{"not_picked":["Hemokinesis","Anger","Cleave"],"picked":"Rage","floor":13},{"not_picked":["Feed","Immolate","Brutality"],"picked":"Offering","floor":16},{"not_picked":["Clash+1","Evolve","Heavy Blade+1"],"picked":"Sword Boomerang","floor":18},{"not_picked":["Sword Boomerang","Clothesline","Pommel Strike"],"picked":"Pummel","floor":19},{"not_picked":["Twin Strike+1","Headbutt","Clothesline"],"picked":"Seeing Red+1","floor":21}],"player_experience":477656,"relics_obtained":[{"floor":6,"key":"Strawberry"},{"floor":8,"key":"Question Card"},{"floor":9,"key":"Omamori"},{"floor":12,"key":"Vajra"},{"floor":19,"key":"Red Mask"}],"event_choices":[{"cards_removed":["Strike_R"],"damage_healed":0,"gold_gain":0,"player_choice":"Card Removal","damage_taken":0,"max_hp_gain":0,"max_hp_loss":0,"event_name":"The Cleric","floor":2,"gold_loss":50},{"damage_healed":0,"gold_gain":175,"player_choice":"AGREE","damage_taken":0,"max_hp_gain":0,"max_hp_loss":0,"event_name":"Liars Game","floor":4,"gold_loss":0,"cards_obtained":["Doubt"]},{"damage_healed":0,"gold_gain":0,"player_choice":"Fought Bandits","damage_taken":0,"max_hp_gain":0,"max_hp_loss":0,"event_name":"Masked Bandits","floor":19,"gold_loss":0},{"damage_healed":0,"gold_gain":99,"player_choice":"Stole From Cult","damage_taken":0,"max_hp_gain":0,"max_hp_loss":0,"event_name":"Nest","floor":20,"gold_loss":0}],"is_beta":false,"boss_relics":[{"not_picked":["Snecko Eye","Philosopher\u0027s Stone"],"picked":"Sozu"}],"items_purged_floors":[],"is_endless":false,"potions_floor_spawned":[6,10,12,19],"killed_by":"Snecko","ascension_level":3}