{"gold_per_floor":[116,133,133,150,162,162,188,188,212,22,197,197,229,25,25,25],"floor_reached":16,"playtime":506,"items_purged":["Doubt"],"score":184,"play_id":"bbf072f0-1c6c-4ffd-b808-cfc9b528e2ff","local_time":"20190708085936","is_ascension_mode":true,"campfire_choices":[{"data":"Infinite Blades","floor":6,"key":"SMITH"},{"data":"Neutralize","floor":8,"key":"SMITH"},{"data":"Footwork","floor":12,"key":"SMITH"},{"floor":15,"key":"REST"}],"neow_cost":"NONE","seed_source_timestamp":36715674148165,"circlet_count":0,"master_deck":["AscendersBane","Strike_G","Strike_G","Strike_G","Strike_G","Strike_G","Defend_G","Defend_G","Defend_G","Defend_G","Defend_G","Survivor","Neutralize+1","Footwork+1","Cloak And Dagger+1","Deadly Poison+1","Infinite Blades+1","Blur","Quick Slash"],"relics":["Ring of the Snake","NeowsBlessing","Centennial Puzzle","Smiling Mask","OrangePellets","War Paint","Vajra"],"potions_floor_usage":[7,13,16],"damage_taken":[{"damage":0,"enemies":"Cultist","floor":1,"turns":1},{"damage":0,"enemies":"2 Louse","floor":2,"turns":1},{"damage":0,"enemies":"Jaw Worm","floor":4,"turns":1},{"damage":2,"enemies":"Exordium Wildlife","floor":5,"turns":6},{"damage":8,"enemies":"Lagavulin","floor":7,"turns":8},{"damage":45,"enemies":"Gremlin Nob","floor":13,"turns":7},{"damage":24,"enemies":"Slime Boss","floor":16,"turns":9}],"seed_played":"-4899717195574498329","potions_obtained":[{"floor":1,"key":"EssenceOfSteel"},{"floor":7,"key":"GamblersBrew"},{"floor":13,"key":"Poison Potion"}],"is_trial":false,"path_per_floor":["M","M","?","M","M","R","E","R","T","$","?","R","E","$","R","B"],"character_chosen":"THE_SILENT","items_purchased":["OrangePellets","Vajra"],"campfire_rested":1,"item_purchase_floors":[10,14],"current_hp_per_floor":[59,59,59,59,57,57,49,49,49,49,49,49,4,4,23,0],"gold":25,"neow_bonus":"THREE_ENEMY_KILL","is_prod":false,"is_daily":false,"chose_seed":false,"campfire_upgraded":3,"win_rate":0,"timestamp":1562540376,"path_taken":["M","?","?","M","?","R","E","R","T","$","?","R","E","$","R","BOSS"],"build_version":"2019-07-05","purchased_purges":1,"victory":false,"max_hp_per_floor":[66,66,66,66,66,66,66,66,66,66,66,66,66,66,66,66],"card_choices":[{"not_picked":["Catalyst","PiercingWail"],"picked":"Footwork","floor":1},{"not_picked":["Dagger Throw","Prepared"],"picked":"Cloak And Dagger","floor":2},{"not_picked":["Slice","Eviscerate"],"picked":"Deadly Poison","floor":4},{"not_picked":["Calculated Gamble","Deflect"],"picked":"Infinite Blades","floor":5},{"not_picked":["Underhanded Strike","Outmaneuver"],"picked":"Blur","floor":7},{"not_picked":["Infinite Blades","Blade Dance"],"picked":"Quick Slash","floor":13}],"player_experience":953413,"relics_obtained":[{"floor":7,"key":"Centennial Puzzle"},{"floor":9,"key":"Smiling Mask"},{"floor":13,"key":"War Paint"}],"event_choices":[{"damage_healed":0,"gold_gain":0,"player_choice":"Bought 0 Potions","damage_taken":0,"max_hp_gain":0,"max_hp_loss":0,"event_name":"The Woman in Blue","floor":3,"gold_loss":0},{"damage_healed":0,"gold_gain":175,"player_choice":"AGREE","damage_taken":0,"max_hp_gain":0,"max_hp_loss":0,"event_name":"Liars Game","floor":11,"gold_loss":0,"cards_obtained":["Doubt"]}],"is_beta":false,"boss_relics":[],"items_purged_floors":[14],"is_endless":false,"potions_floor_spawned":[1,7,13],"killed_by":"Slime Boss","ascension_level":14}