{"gold_per_floor":[110,110,110,10,10,50,50,65,91,127,153,188,200,225,237,368,380,412,334,367,400,4,4,4,4],"floor_reached":25,"playtime":864,"items_purged":["Injury","Strike_R"],"score":228,"play_id":"af4b13fb-d013-4bb4-b794-b68cff180e90","local_time":"20190330203951","is_ascension_mode":false,"campfire_choices":[{"floor":7,"key":"REST"},{"data":"Demon Form","floor":15,"key":"SMITH"},{"floor":23,"key":"REST"}],"neow_cost":"PERCENT_DAMAGE","seed_source_timestamp":5077168294296,"circlet_count":0,"master_deck":["Strike_R","Strike_R","Strike_R","Defend_R","Defend_R","Defend_R","Defend_R","Bash","Pommel Strike","Armaments","Twin Strike","Heavy Blade","Heavy Blade","Demon Form+1","Twin Strike","Flex+1","Spot Weakness","Perfected Strike","Inflame","Seeing Red","Shrug It Off","Flame Barrier"],"relics":["Burning Blood","Bird Faced Urn","Ancient Tea Set","Golden Idol","Bronze Scales","MawBank","Ornamental Fan","Orrery","Girya"],"potions_floor_usage":[6,6,14,16,16,18,25],"damage_taken":[{"damage":0,"enemies":"Small Slimes","floor":1,"turns":3},{"damage":42,"enemies":"Lagavulin","floor":6,"turns":11},{"damage":0,"enemies":"2 Louse","floor":8,"turns":2},{"damage":1,"enemies":"Cultist","floor":10,"turns":3},{"damage":3,"enemies":"Exordium Wildlife","floor":11,"turns":4},{"damage":0,"enemies":"Looter","floor":12,"turns":4},{"damage":7,"enemies":"Gremlin Gang","floor":14,"turns":5},{"damage":49,"enemies":"Hexaghost","floor":16,"turns":9},{"damage":28,"enemies":"Shell Parasite","floor":18,"turns":3},{"damage":10,"enemies":"3 Byrds","floor":20,"turns":4},{"damage":33,"enemies":"Snake Plant","floor":21,"turns":4},{"damage":79,"enemies":"Slavers","floor":25,"turns":4}],"seed_played":"8590751278923549069","potions_obtained":[{"floor":5,"key":"Strength Potion"},{"floor":5,"key":"Swift Potion"},{"floor":5,"key":"BloodPotion"},{"floor":10,"key":"BloodPotion"},{"floor":12,"key":"SkillPotion"},{"floor":16,"key":"Fire Potion"},{"floor":21,"key":"SpeedPotion"}],"is_trial":false,"path_per_floor":["M","?","?","$","?","E","R","M","T","M","M","M","T","M","R","B",null,"M","?","M","M","$","R","?","E"],"character_chosen":"IRONCLAD","items_purchased":["Armaments","Girya"],"campfire_rested":2,"item_purchase_floors":[4,22],"current_hp_per_floor":[62,55,55,55,55,27,51,57,57,62,65,71,71,70,70,37,80,58,58,54,31,31,55,60,0],"gold":4,"neow_bonus":"ONE_RARE_RELIC","is_prod":false,"is_daily":false,"chose_seed":false,"campfire_upgraded":1,"win_rate":0,"timestamp":1553942391,"path_taken":["M","?","?","$","?","E","R","M","T","M","?","M","?","M","R","BOSS","M","?","M","?","$","R","?","E"],"build_version":"2019-01-23","purchased_purges":2,"victory":false,"max_hp_per_floor":[80,80,80,80,80,80,80,80,80,80,80,80,80,80,80,80,80,80,80,80,80,80,80,80,80],"card_choices":[{"not_picked":["Perfected Strike","Combust"],"picked":"Pommel Strike","floor":1},{"not_picked":["Wild Strike","Double Tap"],"picked":"Twin Strike","floor":6},{"not_picked":["Clash","Second Wind","Bloodletting"],"picked":"SKIP","floor":8},{"not_picked":["True Grit","Pommel Strike"],"picked":"Heavy Blade","floor":10},{"not_picked":["Armaments","Uppercut"],"picked":"Flex","floor":11},{"not_picked":["Combust","Sword Boomerang"],"picked":"Heavy Blade","floor":12},{"not_picked":["Flex","Anger"],"picked":"Demon Form","floor":14},{"not_picked":["Sever Soul","Feel No Pain"],"picked":"Twin Strike","floor":17},{"not_picked":["Clash","Seeing Red"],"picked":"Flex","floor":17},{"not_picked":["Rampage","Ghostly Armor"],"picked":"Spot Weakness","floor":17},{"not_picked":["Armaments","Twin Strike"],"picked":"Perfected Strike","floor":17},{"not_picked":["Intimidate","Flex"],"picked":"Inflame","floor":17},{"not_picked":["Rupture+1","True Grit"],"picked":"Seeing Red","floor":18},{"not_picked":["Wild Strike","Armaments"],"picked":"Shrug It Off","floor":20},{"not_picked":["Wild Strike+1","Headbutt+1"],"picked":"Flame Barrier","floor":21}],"player_experience":293442,"relics_obtained":[{"floor":6,"key":"Bronze Scales"},{"floor":9,"key":"MawBank"},{"floor":13,"key":"Ornamental Fan"}],"event_choices":[{"damage_healed":0,"gold_gain":0,"player_choice":"Success","damage_taken":7,"relics_obtained":["Ancient Tea Set"],"max_hp_gain":0,"max_hp_loss":0,"event_name":"Scrap Ooze","floor":2,"gold_loss":0},{"damage_healed":0,"gold_gain":0,"player_choice":"Take Wound","damage_taken":0,"relics_obtained":["Golden Idol"],"max_hp_gain":0,"max_hp_loss":0,"event_name":"Golden Idol","floor":3,"gold_loss":0,"cards_obtained":["Injury"]},{"damage_healed":0,"gold_gain":0,"player_choice":"Got Potions","damage_taken":0,"max_hp_gain":0,"max_hp_loss":0,"event_name":"Lab","floor":5,"gold_loss":0},{"cards_removed":["Strike_R"],"damage_healed":0,"gold_gain":0,"player_choice":"Upgrade and Remove","damage_taken":0,"max_hp_gain":0,"max_hp_loss":0,"event_name":"Designer","floor":19,"gold_loss":90,"cards_upgraded":["Flex"]},{"cards_removed":["Flex"],"damage_healed":5,"gold_gain":0,"player_choice":"Offered Common","damage_taken":0,"max_hp_gain":0,"max_hp_loss":0,"event_name":"Bonfire Elementals","floor":24,"gold_loss":0},{"cards_removed":["Flex"],"damage_healed":5,"gold_gain":0,"player_choice":"Offered Special","damage_taken":0,"max_hp_gain":0,"max_hp_loss":0,"event_name":"Bonfire Elementals","floor":24,"gold_loss":0}],"is_beta":false,"boss_relics":[{"not_picked":["Cursed Key","Empty Cage"],"picked":"Orrery"}],"items_purged_floors":[4,22],"is_endless":false,"potions_floor_spawned":[10,12,16,21],"killed_by":"Slavers","ascension_level":0}