{"gold_per_floor":[116,41,41,41,61,88,88,108,161,186,198],"floor_reached":11,"playtime":449,"items_purged":["Strike_B"],"score":84,"play_id":"0650102f-92ff-432e-bf1c-de758991e4ef","local_time":"20190129112407","is_ascension_mode":true,"campfire_choices":[{"data":"Defend_B","floor":7,"key":"SMITH"}],"neow_cost":"NONE","seed_source_timestamp":220715401757884,"circlet_count":0,"master_deck":["Strike_B+1","Strike_B+1","Strike_B","Defend_B+1","Defend_B","Defend_B","Defend_B","Zap","Dualcast","Gash+1","Scrape","BootSequence"],"relics":["Coffee Dripper","Juzu Bracelet","MawBank"],"potions_floor_usage":[6],"damage_taken":[{"damage":1,"enemies":"Cultist","floor":1,"turns":4},{"damage":2,"enemies":"Jaw Worm","floor":5,"turns":3},{"damage":18,"enemies":"Gremlin Nob","floor":6,"turns":3},{"damage":0,"enemies":"Small Slimes","floor":8,"turns":2},{"damage":9,"enemies":"Red Slaver","floor":10,"turns":3},{"damage":32,"enemies":"3 Sentries","floor":11,"turns":4}],"seed_played":"-3405344165176998908","potions_obtained":[{"floor":5,"key":"AttackPotion"},{"floor":8,"key":"FearPotion"}],"is_trial":false,"path_per_floor":["M","$","?","?","M","E","R","M","T","M","E"],"character_chosen":"DEFECT","items_purchased":[],"campfire_rested":0,"item_purchase_floors":[],"current_hp_per_floor":[74,74,59,59,57,39,39,39,39,30,0],"gold":198,"neow_bonus":"BOSS_RELIC","is_prod":false,"is_daily":false,"chose_seed":false,"campfire_upgraded":1,"win_rate":0,"timestamp":1548782647,"path_taken":["M","?","?","?","M","E","R","M","T","M","E"],"build_version":"2019-01-23","purchased_purges":1,"victory":false,"max_hp_per_floor":[75,75,75,75,75,75,75,75,75,75,75],"card_choices":[{"not_picked":["Compile Driver","Turbo"],"picked":"Gash","floor":1},{"not_picked":["Rebound","Hologram","Leap"],"picked":"SKIP","floor":5},{"not_picked":["Steam Power","Meteor Strike","Consume"],"picked":"SKIP","floor":6},{"not_picked":["Sunder","Redo"],"picked":"Scrape","floor":8},{"not_picked":["Tempest","Streamline"],"picked":"BootSequence","floor":10}],"player_experience":352083,"relics_obtained":[{"floor":6,"key":"Juzu Bracelet"},{"floor":9,"key":"MawBank"}],"event_choices":[{"damage_healed":0,"gold_gain":0,"player_choice":"Entered Light","damage_taken":15,"max_hp_gain":0,"max_hp_loss":0,"event_name":"Shining Light","floor":3,"gold_loss":0,"cards_upgraded":["Strike_B","Strike_B"]},{"damage_healed":0,"gold_gain":0,"player_choice":"Forge","damage_taken":0,"max_hp_gain":0,"max_hp_loss":0,"event_name":"Accursed Blacksmith","floor":4,"gold_loss":0,"cards_upgraded":["Gash"]}],"is_beta":false,"boss_relics":[],"items_purged_floors":[2],"is_endless":false,"potions_floor_spawned":[5,8],"killed_by":"3 Sentries","ascension_level":3}