{"gold_per_floor":[118,118,133,143,143,177,191,191,217,217,17,35,46,46,46,141,141,153,153,68,68,87,119,129,129,179,190,203,203,32,0,0,101,101,114,128,128,143,158,158,511,511,511,511,531,531,531],"floor_reached":47,"playtime":4279,"items_purged":["Defend_R","Strike_R"],"score":522,"play_id":"1a0dfe26-68ca-49b6-a4d4-7e5b0ca74c66","local_time":"20190708153748","is_ascension_mode":false,"campfire_choices":[{"data":"Metallicize","floor":8.0,"key":"SMITH"},{"data":"Infernal Blade","floor":10.0,"key":"SMITH"},{"data":"Berserk","floor":15.0,"key":"SMITH"},{"data":"Metallicize","floor":25,"key":"SMITH"},{"floor":29,"key":"REST"},{"data":"Offering","floor":32,"key":"SMITH"},{"data":"Combust","floor":40,"key":"SMITH"},{"data":"Armaments","floor":42,"key":"SMITH"},{"data":"Whirlwind","floor":46,"key":"SMITH"}],"neow_cost":"PERCENT_DAMAGE","seed_source_timestamp":0,"circlet_count":0,"master_deck":["Strike_R","Strike_R","Bash","Seeing Red","Pummel","Pommel Strike","Whirlwind+1","Infernal Blade+1","Metallicize+1","Inflame","Good Instincts","Inflame","Berserk+1","Offering+1","Uppercut","Rage","Reckless Charge","Heavy Blade+1","Metallicize+1","Heavy Blade","Thunderclap+1","Inflame+1","Inflame","Juggernaut+1","Flex","Flame Barrier+1","Berserk+1","Clothesline+1","Combust+1","Armaments+1","Pommel Strike+1"],"special_seed":0,"relics":["Black Blood","Blood Vial","Ancient Tea Set","PreservedInsect","Pear","Centennial Puzzle","Coffee Dripper","Old Coin","Potion Belt"],"potions_floor_usage":[33,33,33,38],"damage_taken":[{"damage":4.0,"enemies":"Jaw Worm","floor":1.0,"turns":5.0},{"damage":1.0,"enemies":"Cultist","floor":3.0,"turns":3.0},{"damage":5.0,"enemies":"Small Slimes","floor":4.0,"turns":3.0},{"damage":31.0,"enemies":"3 Sentries","floor":6.0,"turns":6.0},{"damage":11.0,"enemies":"Exordium Wildlife","floor":7.0,"turns":2.0},{"damage":12.0,"enemies":"Blue Slaver","floor":12.0,"turns":2.0},{"damage":4.0,"enemies":"Large Slime","floor":13.0,"turns":4.0},{"damage":27.0,"enemies":"Hexaghost","floor":16.0,"turns":6.0},{"damage":21.0,"enemies":"Shell Parasite","floor":18.0,"turns":5.0},{"damage":32.0,"enemies":"2 Thieves","floor":22.0,"turns":3.0},{"damage":28.0,"enemies":"Book of Stabbing","floor":23.0,"turns":3.0},{"damage":18.0,"enemies":"Snecko","floor":24.0,"turns":4.0},{"damage":34,"enemies":"Snake Plant","floor":27,"turns":3},{"damage":22,"enemies":"Shelled Parasite and Fungi","floor":28,"turns":3},{"damage":14,"enemies":"Automaton","floor":33,"turns":6},{"damage":8,"enemies":"3 Shapes","floor":35,"turns":3},{"damage":17,"enemies":"3 Darklings","floor":36,"turns":3},{"damage":28,"enemies":"Jaw Worm Horde","floor":38,"turns":3},{"damage":38,"enemies":"4 Shapes","floor":39,"turns":5},{"damage":43,"enemies":"2 Orb Walkers","floor":41,"turns":3},{"damage":17,"enemies":"Maw","floor":45,"turns":6},{"damage":28,"enemies":"Sphere and 2 Shapes","floor":47,"turns":3}],"seed_played":"-8161890097788644387","potions_obtained":[{"floor":1.0,"key":"SmokeBomb"},{"floor":3.0,"key":"Strength Potion"},{"floor":7.0,"key":"Poison Potion"},{"floor":18.0,"key":"SkillPotion"},{"floor":24,"key":"Explosive Potion"},{"floor":28,"key":"Regen Potion"},{"floor":35,"key":"Fruit Juice"},{"floor":45,"key":"Fire Potion"}],"is_trial":false,"path_per_floor":["M","?","M","M","?","E","M","R","T","R","$","M","M","$","R","B",null,"M","?","?","?","M","E","M","R","T","M","M","R","$","?","R","B",null,"M","M","?","M","M","R","?","R","T","?","M","R","M"],"character_chosen":"IRONCLAD","items_purchased":["Inflame","Good Instincts","Inflame"],"campfire_rested":1,"item_purchase_floors":[11,11,30],"current_hp_per_floor":[74,74,79,80,80,55,52,52,52,52,52,48,52,52,52,33,96,85,85,85,85,65,59,53,53,53,31,21,52,52,52,52,64,106,106,99,99,88,62,62,31,31,31,31,26,26,0],"gold":531,"neow_bonus":"TWENTY_PERCENT_HP_BONUS","is_prod":false,"is_daily":false,"chose_seed":false,"campfire_upgraded":8,"win_rate":0.0,"timestamp":1562593068,"path_taken":["M","?","?","M","?","E","M","R","T","R","$","M","M","?","R","BOSS","M","?","?","?","M","E","M","R","T","M","M","R","$","?","R","BOSS","M","M","?","M","?","R","?","R","T","?","?","R","M"],"build_version":"2019-07-05","purchased_purges":2,"victory":false,"max_hp_per_floor":[96,96,96,96,96,96,96,96,96,96,96,96,96,96,96,96,96,96,96,96,96,96,106,106,106,106,106,106,106,106,106,106,106,106,106,106,106,111,111,111,111,111,111,111,111,111,111],"card_choices":[{"not_picked":["Feel No Pain","Cleave"],"picked":"Seeing Red","floor":1.0},{"not_picked":["Clash","Perfected Strike"],"picked":"Pummel","floor":3.0},{"not_picked":["Clash","Headbutt"],"picked":"Pommel Strike","floor":4.0},{"not_picked":["Heavy Blade","Warcry"],"picked":"Infernal Blade","floor":6.0},{"not_picked":["Cleave","Armaments"],"picked":"Metallicize","floor":7.0},{"not_picked":["Perfected Strike","Fire Breathing"],"picked":"Inflame","floor":12.0},{"not_picked":["Shrug It Off","Combust"],"picked":"Berserk","floor":13.0},{"not_picked":["Limit Break","Fiend Fire"],"picked":"Offering","floor":16.0},{"not_picked":["Shrug It Off+1","Headbutt"],"picked":"Uppercut","floor":18.0},{"not_picked":["Warcry","Body Slam+1"],"picked":"Heavy Blade+1","floor":22.0},{"not_picked":["Shockwave","Perfected Strike"],"picked":"Metallicize","floor":23.0},{"not_picked":["Clothesline","Cleave"],"picked":"Heavy Blade","floor":24},{"not_picked":["Twin Strike","Perfected Strike"],"picked":"Thunderclap+1","floor":27},{"not_picked":["Shockwave","Feed"],"picked":"Inflame+1","floor":28},{"not_picked":["Impervious","Fiend Fire"],"picked":"Juggernaut","floor":33},{"not_picked":["Warcry+1","Armaments"],"picked":"Flex","floor":35},{"not_picked":["Thunderclap","True Grit"],"picked":"Flame Barrier+1","floor":36},{"not_picked":["Pommel Strike+1","Power Through"],"picked":"Clothesline+1","floor":38},{"not_picked":["Sword Boomerang","Clothesline"],"picked":"Combust","floor":39},{"not_picked":["Twin Strike","Reckless Charge"],"picked":"Armaments","floor":41},{"not_picked":["Twin Strike","Reckless Charge"],"picked":"Pommel Strike+1","floor":45}],"player_experience":9554,"relics_obtained":[{"floor":6.0,"key":"Blood Vial"},{"floor":9.0,"key":"Ancient Tea Set"},{"floor":23.0,"key":"Pear"},{"floor":26,"key":"Centennial Puzzle"},{"floor":41,"key":"Old Coin"},{"floor":43,"key":"Potion Belt"}],"event_choices":[{"cards_removed":["Defend_R"],"damage_healed":0.0,"max_hp_gain":0.0,"max_hp_loss":0.0,"gold_gain":0.0,"event_name":"Bonfire Elementals","player_choice":"Offered Basic","floor":2.0,"gold_loss":0.0,"damage_taken":0.0},{"damage_healed":0.0,"max_hp_gain":0.0,"max_hp_loss":0.0,"gold_gain":0.0,"cards_transformed":["Defend_R"],"event_name":"Living Wall","player_choice":"Change","floor":5.0,"gold_loss":0.0,"damage_taken":0.0,"cards_obtained":["Whirlwind"]},{"cards_removed":["Defend_R"],"damage_healed":0.0,"max_hp_gain":0.0,"max_hp_loss":0.0,"gold_gain":0.0,"event_name":"Back to Basics","player_choice":"Elegance","floor":19.0,"gold_loss":0.0,"damage_taken":0.0},{"damage_healed":0.0,"max_hp_gain":0.0,"max_hp_loss":0.0,"gold_gain":0.0,"event_name":"Addict","player_choice":"Obtained Relic","floor":20.0,"gold_loss":85.0,"damage_taken":0.0,"relics_obtained":["PreservedInsect"]},{"damage_healed":0.0,"max_hp_gain":0.0,"max_hp_loss":0.0,"gold_gain":0.0,"cards_transformed":["Strike_R","Strike_R"],"event_name":"Drug Dealer","player_choice":"Became Test Subject","floor":21.0,"gold_loss":0.0,"damage_taken":0.0,"cards_obtained":["Rage","Reckless Charge"]},{"damage_healed":0,"gold_gain":0,"player_choice":"Paid Fearfully","damage_taken":0,"max_hp_gain":0,"max_hp_loss":0,"event_name":"Masked Bandits","floor":31,"gold_loss":32},{"damage_healed":0,"gold_gain":0,"player_choice":"Copied","damage_taken":0,"max_hp_gain":0,"max_hp_loss":0,"event_name":"Duplicator","floor":37,"gold_loss":0,"cards_obtained":["Berserk"]},{"damage_healed":0,"gold_gain":0,"player_choice":"Fight","damage_taken":0,"max_hp_gain":0,"max_hp_loss":0,"event_name":"Mysterious Sphere","floor":41,"gold_loss":0},{"damage_healed":0,"gold_gain":0,"player_choice":"Forge","damage_taken":0,"max_hp_gain":0,"max_hp_loss":0,"event_name":"Accursed Blacksmith","floor":44,"gold_loss":0,"cards_upgraded":["Juggernaut"]}],"is_beta":false,"boss_relics":[{"not_picked":["Calling Bell","Orrery"],"picked":"Black Blood"},{"not_picked":["Empty Cage","Snecko Eye"],"picked":"Coffee Dripper"}],"items_purged_floors":[11,30],"is_endless":false,"potions_floor_spawned":[1,3,7,18,24,28,35,45],"killed_by":"Sphere and 2 Shapes","ascension_level":0}