{"gold_per_floor":[114,64,64,379,394,409,439,454,479,494,563,563,150,165,165,265,265,280,295,310,325,340,340,355,370,370,385,400,430,445,460,460,560,560,575,602,614,176,191,191,206,206,206,56,71,86,101,116,116,116],"floor_reached":51,"playtime":2225,"items_purged":[],"score":862,"play_id":"7c730e3f-496b-4c76-8b93-a435fe15c976","local_time":"20190108170557","daily_mods":["Insanity","Vintage","Night Terrors"],"is_ascension_mode":false,"campfire_choices":[{"data":"Apotheosis","floor":15,"key":"SMITH"},{"data":"Perfected Strike","floor":23,"key":"SMITH"},{"data":"Perfected Strike","floor":32,"key":"SMITH"},{"data":"Metallicize","floor":40,"key":"SMITH"},{"data":"Barricade","floor":49,"key":"SMITH"}],"neow_cost":"","seed_source_timestamp":1136726353839222,"circlet_count":0,"master_deck":["Heavy Blade","Wild Strike","Intimidate","Perfected Strike+1","Bloodletting","True Grit","True Grit","Warcry","Shockwave","Twin Strike","Dual Wield","Flex","Iron Wave","Flame Barrier","Iron Wave","True Grit","Combust","Perfected Strike+1","Flex","Body Slam","Uppercut","Dropkick+1","Heavy Blade","Uppercut","Spot Weakness","Armaments","Wild Strike","Rampage","Twin Strike","Thunderclap","Perfected Strike+1","Warcry","Disarm","Body Slam","Burning Pact","Heavy Blade","Headbutt","Armaments","Entrench","Rampage","Iron Wave","Wild Strike","Rampage","Havoc","Blood for Blood","Metallicize+1","Thunderclap","Iron Wave","Apotheosis+1","Barricade+1","Metallicize","Berserk","Doubt","Parasite"],"special_seed":17904,"relics":["Black Blood","Nunchaku","Old Coin","Bottled Tornado","Strawberry","Ornamental Fan","Orichalcum","Pen Nib","Bottled Flame","Paper Frog","Ancient Tea Set","Philosopher\u0027s Stone","Vajra","Calipers","Kunai","Regal Pillow","Blood Vial","Letter Opener","Boot","PreservedInsect","Pear","Bag of Preparation","Red Skull","Question Card","Lantern","MawBank","Self Forming Clay","Lee\u0027s Waffle","Mummified Hand","Pantograph","Whetstone","Gremlin Horn","Anchor","Molten Egg 2","Sundial","Meat on the Bone","StoneCalendar"],"potions_floor_usage":[7,31,50,50],"damage_taken":[{"damage":4,"enemies":"Jaw Worm","floor":1,"turns":4},{"damage":1,"enemies":"Small Slimes","floor":4,"turns":4},{"damage":2,"enemies":"Cultist","floor":5,"turns":4},{"damage":1,"enemies":"2 Fungi Beasts","floor":6,"turns":4},{"damage":9,"enemies":"Gremlin Nob","floor":7,"turns":5},{"damage":5,"enemies":"3 Louse","floor":8,"turns":4},{"damage":1,"enemies":"Red Slaver","floor":10,"turns":2},{"damage":11,"enemies":"Gremlin Gang","floor":14,"turns":4},{"damage":20,"enemies":"Slime Boss","floor":16,"turns":6},{"damage":17,"enemies":"2 Thieves","floor":18,"turns":4},{"damage":2,"enemies":"Shell Parasite","floor":19,"turns":2},{"damage":8,"enemies":"Centurion and Healer","floor":20,"turns":5},{"damage":12,"enemies":"Snake Plant","floor":21,"turns":4},{"damage":0,"enemies":"Snecko","floor":22,"turns":4},{"damage":7,"enemies":"Chosen and Byrds","floor":24,"turns":5},{"damage":10,"enemies":"3 Cultists","floor":25,"turns":4},{"damage":12,"enemies":"Centurion and Healer","floor":27,"turns":3},{"damage":24,"enemies":"Snake Plant","floor":28,"turns":4},{"damage":17,"enemies":"Gremlin Leader","floor":29,"turns":5},{"damage":5,"enemies":"Cultist and Chosen","floor":30,"turns":6},{"damage":5,"enemies":"Chosen and Byrds","floor":31,"turns":4},{"damage":24,"enemies":"Champ","floor":33,"turns":8},{"damage":1,"enemies":"Orb Walker","floor":35,"turns":3},{"damage":0,"enemies":"3 Shapes","floor":36,"turns":2},{"damage":33,"enemies":"Transient","floor":39,"turns":5},{"damage":0,"enemies":"Spire Growth","floor":41,"turns":4},{"damage":10,"enemies":"4 Shapes","floor":45,"turns":3},{"damage":5,"enemies":"Writhing Mass","floor":46,"turns":4},{"damage":0,"enemies":"Sphere and 2 Shapes","floor":47,"turns":2},{"damage":8,"enemies":"Maw","floor":48,"turns":6},{"damage":93,"enemies":"Time Eater","floor":50,"turns":9}],"seed_played":"-1546988897683153099","potions_obtained":[{"floor":3,"key":"FairyPotion"},{"floor":3,"key":"Explosive Potion"},{"floor":3,"key":"SkillPotion"},{"floor":7,"key":"Dexterity Potion"},{"floor":18,"key":"SteroidPotion"},{"floor":28,"key":"EssenceOfSteel"},{"floor":36,"key":"Strength Potion"}],"is_trial":false,"path_per_floor":["M","?","?","M","M","M","E","M","T","M","?","?","$","M","R","B",null,"M","M","M","M","M","R","M","M","T","M","M","E","M","M","R","B",null,"M","M","?","$","M","R","M","?","T","$","M","M","M","M","R","B",null],"character_chosen":"IRONCLAD","items_purchased":["Paper Frog","Apotheosis","Lee\u0027s Waffle","Mummified Hand","Anchor"],"campfire_rested":0,"item_purchase_floors":[13,13,38,38,44],"current_hp_per_floor":[80,80,80,80,80,87,84,85,85,87,87,87,87,82,82,68,87,76,80,78,72,78,78,79,77,77,83,67,58,61,64,64,48,97,97,97,97,104,81,81,93,104,104,104,104,104,104,104,104,33],"gold":116,"neow_bonus":"","is_prod":false,"is_daily":true,"chose_seed":false,"campfire_upgraded":5,"win_rate":0,"timestamp":1546985157,"path_taken":["M","?","?","?","M","M","E","M","T","M","?","?","$","?","R","BOSS","M","M","M","?","M","R","M","M","T","M","M","E","M","M","R","BOSS","M","M","?","$","M","R","M","?","T","?","M","M","M","?","R","BOSS"],"build_version":"2019-01-03v4","purchased_purges":0,"victory":true,"max_hp_per_floor":[80,80,80,80,80,87,87,87,87,87,87,87,87,87,87,87,87,87,87,87,87,87,87,87,87,87,97,97,97,97,97,97,97,97,97,97,97,104,104,104,104,104,104,104,104,104,104,104,104,104],"card_choices":[{"not_picked":["Fire Breathing","Pommel Strike","Ghostly Armor"],"picked":"SKIP","floor":7},{"not_picked":["Fiend Fire","Berserk"],"picked":"Barricade","floor":16},{"not_picked":["Anger","Armaments"],"picked":"Metallicize","floor":29},{"not_picked":["Fiend Fire","Offering","Immolate"],"picked":"Berserk","floor":33}],"player_experience":20844,"relics_obtained":[{"floor":1,"key":"Nunchaku"},{"floor":4,"key":"Old Coin"},{"floor":5,"key":"Bottled Tornado"},{"floor":6,"key":"Strawberry"},{"floor":7,"key":"Ornamental Fan"},{"floor":8,"key":"Orichalcum"},{"floor":9,"key":"Pen Nib"},{"floor":10,"key":"Bottled Flame"},{"floor":14,"key":"Ancient Tea Set"},{"floor":18,"key":"Vajra"},{"floor":19,"key":"Calipers"},{"floor":20,"key":"Kunai"},{"floor":21,"key":"Regal Pillow"},{"floor":22,"key":"Blood Vial"},{"floor":24,"key":"Letter Opener"},{"floor":25,"key":"Boot"},{"floor":26,"key":"PreservedInsect"},{"floor":27,"key":"Pear"},{"floor":28,"key":"Bag of Preparation"},{"floor":29,"key":"Red Skull"},{"floor":30,"key":"Question Card"},{"floor":31,"key":"Lantern"},{"floor":35,"key":"MawBank"},{"floor":36,"key":"Self Forming Clay"},{"floor":39,"key":"Pantograph"},{"floor":41,"key":"Whetstone"},{"floor":43,"key":"Gremlin Horn"},{"floor":45,"key":"Molten Egg 2"},{"floor":46,"key":"Sundial"},{"floor":47,"key":"Meat on the Bone"},{"floor":48,"key":"StoneCalendar"}],"event_choices":[{"cards_removed":["Body Slam"],"damage_healed":0,"gold_gain":0,"player_choice":"Card Removal","damage_taken":0,"max_hp_gain":0,"max_hp_loss":0,"event_name":"The Cleric","floor":2,"gold_loss":50},{"damage_healed":0,"gold_gain":0,"player_choice":"Got Potions","damage_taken":0,"max_hp_gain":0,"max_hp_loss":0,"event_name":"Lab","floor":3,"gold_loss":0},{"damage_healed":0,"gold_gain":69,"player_choice":"Gained Gold","damage_taken":0,"max_hp_gain":0,"max_hp_loss":0,"event_name":"Golden Wing","floor":11,"gold_loss":0},{"cards_removed":["Body Slam"],"damage_healed":0,"gold_gain":0,"player_choice":"Purged","damage_taken":0,"max_hp_gain":0,"max_hp_loss":0,"event_name":"Purifier","floor":12,"gold_loss":0},{"damage_healed":0,"gold_gain":0,"player_choice":"Ignored","damage_taken":0,"max_hp_gain":0,"max_hp_loss":0,"event_name":"Mysterious Sphere","floor":37,"gold_loss":0},{"damage_healed":11,"gold_gain":0,"player_choice":"Heal","damage_taken":0,"max_hp_gain":0,"max_hp_loss":0,"event_name":"MindBloom","floor":42,"gold_loss":0,"cards_obtained":["Doubt"]}],"is_beta":false,"boss_relics":[{"not_picked":["Runic Cube","Velvet Choker"],"picked":"Philosopher\u0027s Stone"},{"not_picked":["Snecko Eye","Empty Cage"],"picked":"Black Blood"}],"items_purged_floors":[],"is_endless":false,"potions_floor_spawned":[4,5,6,7,16,18,20,25,27,28,29,30,36,41,46,47,48],"ascension_level":0}