{"gold_per_floor":[115,40,40,57,76,76,106,6,29,41,61,11,24,37,37,142,142,156,168,98,0,16,16,16,50,50,70,101,101,116,132,132,231,231,246,246,246,265,285,285],"floor_reached":40,"playtime":1957,"items_purged":["Strike_R","Strike_R"],"score":479,"play_id":"c7374460-8f16-4b6e-abc3-67daa1737e8d","local_time":"20190111050406","is_ascension_mode":true,"campfire_choices":[{"data":"Anger","floor":6,"key":"SMITH"},{"data":"Dual Wield","floor":15,"key":"SMITH"},{"data":"Barricade","floor":23,"key":"SMITH"},{"floor":32,"key":"REST"}],"neow_cost":"NONE","seed_source_timestamp":138825764921705,"circlet_count":0,"master_deck":["Bash","Cleave","Anger+1","Iron Wave","Pommel Strike","Rage","Dual Wield+1","Metallicize","Iron Wave","Barricade+1","Inflame","Iron Wave","Disarm","Wild Strike","Pummel","Body Slam+1","Entrench","Flame Barrier","Infernal Blade+1","Double Tap","Flame Barrier+1"],"relics":["Burning Blood","Pen Nib","Art of War","Pandora\u0027s Box","Ancient Tea Set","Omamori","Strawberry","Mark of Pain","Bottled Flame"],"potions_floor_usage":[16,16,19,19,25,28,30,31,40],"damage_taken":[{"damage":4,"enemies":"2 Louse","floor":1,"turns":4},{"damage":6,"enemies":"Cultist","floor":4,"turns":3},{"damage":15,"enemies":"Jaw Worm","floor":5,"turns":4},{"damage":20,"enemies":"Gremlin Nob","floor":7,"turns":4},{"damage":10,"enemies":"3 Louse","floor":10,"turns":3},{"damage":2,"enemies":"Red Slaver","floor":11,"turns":3},{"damage":11,"enemies":"Exordium Wildlife","floor":13,"turns":4},{"damage":10,"enemies":"Large Slime","floor":14,"turns":3},{"damage":46,"enemies":"Slime Boss","floor":16,"turns":10},{"damage":18,"enemies":"Chosen","floor":18,"turns":6},{"damage":21,"enemies":"Shell Parasite","floor":19,"turns":4},{"damage":13,"enemies":"Sentry and Sphere","floor":22,"turns":7},{"damage":16,"enemies":"Book of Stabbing","floor":25,"turns":5},{"damage":8,"enemies":"Cultist and Chosen","floor":27,"turns":7},{"damage":41,"enemies":"Slavers","floor":28,"turns":8},{"damage":6,"enemies":"Centurion and Healer","floor":30,"turns":7},{"damage":27,"enemies":"Snake Plant","floor":31,"turns":5},{"damage":36,"enemies":"Automaton","floor":33,"turns":10},{"damage":29,"enemies":"3 Shapes","floor":35,"turns":5},{"damage":23,"enemies":"Orb Walker","floor":38,"turns":3},{"damage":53,"enemies":"Spire Growth","floor":39,"turns":7},{"damage":45,"enemies":"Reptomancer","floor":40,"turns":2}],"seed_played":"1596727210179942135","potions_obtained":[{"floor":3,"key":"Explosive Potion"},{"floor":3,"key":"EntropicBrew"},{"floor":3,"key":"PowerPotion"},{"floor":16,"key":"Strength Potion"},{"floor":19,"key":"PowerPotion"},{"floor":25,"key":"SkillPotion"},{"floor":30,"key":"BloodPotion"},{"floor":33,"key":"EssenceOfSteel"},{"floor":38,"key":"Swift Potion"}],"is_trial":false,"path_per_floor":["M","$","?","M","M","R","E","$","T","M","M","?","M","M","R","B",null,"M","M","$","?","M","R","?","E","T","M","E","$","M","M","R","B",null,"M","T","?","M","M","E"],"character_chosen":"IRONCLAD","items_purchased":["Flame Barrier"],"campfire_rested":1,"item_purchase_floors":[20],"current_hp_per_floor":[88,88,88,88,79,79,65,65,65,61,65,65,60,56,56,16,88,76,73,73,73,66,66,71,61,61,59,31,31,31,19,47,17,95,72,72,95,78,31,0],"gold":285,"neow_bonus":"TEN_PERCENT_HP_BONUS","is_prod":false,"is_daily":false,"chose_seed":false,"campfire_upgraded":3,"win_rate":0,"timestamp":1547201046,"path_taken":["M","$","?","M","?","R","E","?","T","M","M","?","M","M","R","BOSS","M","M","$","?","M","R","?","E","T","M","E","$","M","M","R","BOSS","M","?","?","M","M","E"],"build_version":"2019-01-10","purchased_purges":2,"victory":false,"max_hp_per_floor":[88,88,88,88,88,88,88,88,88,88,88,88,88,88,88,88,88,88,88,88,88,88,88,88,88,88,88,95,95,95,95,95,95,95,95,95,95,95,95,95],"card_choices":[{"not_picked":["Reckless Charge","Rage"],"picked":"Cleave","floor":1},{"not_picked":["Uppercut","Battle Trance"],"picked":"Anger","floor":4},{"not_picked":["Metallicize","Fire Breathing"],"picked":"Iron Wave","floor":5},{"not_picked":["Warcry","Juggernaut"],"picked":"Pommel Strike","floor":7},{"not_picked":["Heavy Blade","Headbutt"],"picked":"Rage","floor":10},{"not_picked":["Flex","Sword Boomerang"],"picked":"Dual Wield","floor":11},{"not_picked":["Perfected Strike","Warcry"],"picked":"Metallicize","floor":13},{"not_picked":["Offering","Wild Strike"],"picked":"Iron Wave","floor":14},{"not_picked":["Reaper","Brutality"],"picked":"Barricade","floor":16},{"not_picked":["Clothesline","Twin Strike"],"picked":"Body Slam+1","floor":18},{"not_picked":["Dual Wield","Armaments"],"picked":"Entrench","floor":19},{"not_picked":["Headbutt","Heavy Blade","Rage"],"picked":"SKIP","floor":22},{"not_picked":["Anger","Cleave"],"picked":"Infernal Blade+1","floor":25},{"not_picked":["Headbutt","Pommel Strike","Anger+1"],"picked":"SKIP","floor":27},{"not_picked":["Body Slam","Headbutt","Sword Boomerang"],"picked":"SKIP","floor":28},{"not_picked":["Body Slam","Headbutt","Sword Boomerang"],"picked":"SKIP","floor":28},{"not_picked":["Power Through+1","Ghostly Armor","Rupture"],"picked":"SKIP","floor":30},{"not_picked":["Sword Boomerang","Battle Trance","Ghostly Armor"],"picked":"SKIP","floor":31},{"not_picked":["Immolate","Berserk"],"picked":"Double Tap","floor":33},{"not_picked":["Thunderclap+1","Intimidate+1","Havoc+1"],"picked":"SKIP","floor":35},{"not_picked":["Iron Wave+1","Cleave"],"picked":"Flame Barrier+1","floor":38},{"not_picked":["Heavy Blade","Sword Boomerang","Pommel Strike+1"],"picked":"SKIP","floor":39}],"player_experience":51703,"relics_obtained":[{"floor":7,"key":"Pen Nib"},{"floor":9,"key":"Art of War"},{"floor":25,"key":"Ancient Tea Set"},{"floor":26,"key":"Omamori"},{"floor":28,"key":"Strawberry"},{"floor":36,"key":"Bottled Flame"}],"event_choices":[{"damage_healed":0,"gold_gain":0,"player_choice":"Got Potions","damage_taken":0,"max_hp_gain":0,"max_hp_loss":0,"event_name":"Lab","floor":3,"gold_loss":0},{"cards_removed":["Defend_R"],"damage_healed":0,"gold_gain":0,"player_choice":"Card Removal","damage_taken":0,"max_hp_gain":0,"max_hp_loss":0,"event_name":"The Cleric","floor":12,"gold_loss":50},{"damage_healed":0,"gold_gain":0,"player_choice":"Paid Fearfully","damage_taken":0,"max_hp_gain":0,"max_hp_loss":0,"event_name":"Masked Bandits","floor":21,"gold_loss":98},{"cards_removed":["Pommel Strike"],"damage_healed":5,"gold_gain":0,"player_choice":"Offered Common","damage_taken":0,"max_hp_gain":0,"max_hp_loss":0,"event_name":"Bonfire Elementals","floor":24,"gold_loss":0},{"cards_removed":["Pommel Strike"],"damage_healed":5,"gold_gain":0,"player_choice":"Offered Special","damage_taken":0,"max_hp_gain":0,"max_hp_loss":0,"event_name":"Bonfire Elementals","floor":24,"gold_loss":0},{"damage_healed":24,"gold_gain":0,"player_choice":"Writhe","damage_taken":0,"max_hp_gain":0,"max_hp_loss":0,"event_name":"Winding Halls","floor":37,"gold_loss":0,"cards_obtained":["Writhe"]}],"is_beta":false,"boss_relics":[{"not_picked":["Sozu","Runic Cube"],"picked":"Pandora\u0027s Box"},{"not_picked":["Snecko Eye","Lizard Tail"],"picked":"Mark of Pain"}],"items_purged_floors":[2,8],"is_endless":false,"potions_floor_spawned":[5,10,11,13,16,19,25,27,30,33,38],"killed_by":"Reptomancer","ascension_level":1}