{"gold_per_floor":[11,26,101,26,26,40,40,69,149,149,49,80,80,91,91,195,195,209,209,49,79,79,79,99,129,156,187,197,217,244,244,244,346,346,361,54,154,165,219,246,246,346,426,442,473,473,278,298,298,298,298,298,157,184,184],"floor_reached":56,"playtime":6312,"items_purged":["Defend_B","Storm","Strike_B","Strike_B","Defend_B","Defend_B"],"score":1348,"play_id":"413ce10c-5a57-40c3-bcd0-00b17a3e9de0","local_time":"20190120114655","is_ascension_mode":true,"campfire_choices":[{"data":"Coolheaded","floor":7.0,"key":"SMITH"},{"floor":10.0,"key":"REST"},{"floor":13.0,"key":"REST"},{"floor":15.0,"key":"REST"},{"data":"Gash","floor":23.0,"key":"SMITH"},{"data":"Gash","floor":32.0,"key":"SMITH"},{"floor":41.0,"key":"RECALL"},{"data":"Violence","floor":49.0,"key":"SMITH"},{"data":"Echo Form","floor":52.0,"key":"SMITH"}],"neow_cost":"NO_GOLD","seed_source_timestamp":0,"circlet_count":0,"master_deck":["Defend_B","Zap","Dualcast","Coolheaded+1","Gash","Gash+1","Core Surge","Sweeping Beam+1","Self Repair","Gash","Self Repair","Machine Learning","Gash+1","Echo Form+1","Gash","Gash+1","Violence+1","Capacitor"],"special_seed":0,"relics":["FrozenCore","Bottled Lightning","Blood Vial","Letter Opener","FossilizedHelix","Enchiridion","Red Mask","Regal Pillow","DataDisk","Pocketwatch","Smiling Mask","Lizard Tail","Runic Capacitor","Incense Burner","Calipers","Bronze Scales","Shuriken","Anchor","Happy Flower"],"potions_floor_usage":[54,55],"damage_taken":[{"damage":0.0,"enemies":"Cultist","floor":1.0,"turns":4.0},{"damage":0.0,"enemies":"2 Louse","floor":2.0,"turns":3.0},{"damage":4.0,"enemies":"Jaw Worm","floor":6.0,"turns":3.0},{"damage":42.0,"enemies":"Gremlin Nob","floor":8.0,"turns":5.0},{"damage":18.0,"enemies":"3 Sentries","floor":12.0,"turns":6.0},{"damage":0.0,"enemies":"Exordium Wildlife","floor":14.0,"turns":2.0},{"damage":27.0,"enemies":"The Guardian","floor":16.0,"turns":9.0},{"damage":0.0,"enemies":"Spheric Guardian","floor":18.0,"turns":4.0},{"damage":13.0,"enemies":"Masked Bandits","floor":21.0,"turns":4.0},{"damage":8.0,"enemies":"3 Byrds","floor":24.0,"turns":5.0},{"damage":15.0,"enemies":"Book of Stabbing","floor":25.0,"turns":5.0},{"damage":44.0,"enemies":"Gremlin Leader","floor":27.0,"turns":7.0},{"damage":0.0,"enemies":"Cultist and Chosen","floor":28.0,"turns":6.0},{"damage":0.0,"enemies":"Snake Plant","floor":29.0,"turns":5.0},{"damage":65.0,"enemies":"Automaton","floor":33.0,"turns":8.0},{"damage":16.0,"enemies":"3 Shapes","floor":35.0,"turns":5.0},{"damage":0.0,"enemies":"Mind Bloom Boss Battle","floor":37.0,"turns":5.0},{"damage":16.0,"enemies":"3 Darklings","floor":38.0,"turns":3.0},{"damage":32.0,"enemies":"2 Orb Walkers","floor":39.0,"turns":3.0},{"damage":0.0,"enemies":"Giant Head","floor":40.0,"turns":6.0},{"damage":0.0,"enemies":"Sphere and 2 Shapes","floor":44.0,"turns":4.0},{"damage":0.0,"enemies":"Reptomancer","floor":45.0,"turns":5.0},{"damage":0.0,"enemies":"Transient","floor":48.0,"turns":5.0},{"damage":16.0,"enemies":"Time Eater","floor":50.0,"turns":6.0},{"damage":30,"enemies":"Shield and Spear","floor":54,"turns":5},{"damage":49,"enemies":"The Heart","floor":55,"turns":7}],"seed_played":"-8477862887520721837","potions_obtained":[{"floor":2.0,"key":"Regen Potion"},{"floor":6.0,"key":"PowerPotion"},{"floor":21.0,"key":"FocusPotion"},{"floor":27.0,"key":"Poison Potion"},{"floor":29.0,"key":"Explosive Potion"},{"floor":33.0,"key":"Ancient Potion"},{"floor":35.0,"key":"FairyPotion"}],"is_trial":false,"path_per_floor":["M","M","?","$","T","M","R","E","T","R","$","E","R","M","R","B",null,"M","?","$","?","?","R","M","E","T","E","M","M","T","?","R","B",null,"M","$","?","M","?","E","R","?","T","M","E","?","$","M","R","B",null,"R","$","E","B",null],"character_chosen":"DEFECT","items_purchased":["Self Repair","Runic Capacitor","Gash","Anchor","Capacitor","PowerPotion"],"campfire_rested":3,"item_purchase_floors":[20,36,36,47,53,53],"current_hp_per_floor":[75,75,64,64,64,65,65,23,23,45,45,29,51,53,75,48,75,75,59,59,62,62,62,63,64,64,36,52,75,75,75,75,17,75,66,66,75,66,50,75,75,75,75,75,75,75,75,75,75,66,75,75,75,59,26],"gold":184,"neow_bonus":"TRANSFORM_TWO_CARDS","is_prod":false,"is_daily":false,"chose_seed":false,"campfire_upgraded":5,"win_rate":0,"timestamp":1548006415,"path_taken":["M","?","?","?","?","M","R","E","T","R","$","E","R","M","R","BOSS","M","?","$","?","?","R","M","E","T","E","M","M","?","?","R","BOSS","M","$","?","M","?","E","R","?","T","?","E","?","?","M","R","BOSS","R","$","E","BOSS"],"build_version":"2019-01-17v2","purchased_purges":6,"victory":true,"max_hp_per_floor":[75,75,75,75,75,75,75,75,75,75,75,75,75,75,75,75,75,75,75,75,75,75,75,75,75,75,75,75,75,75,75,75,75,75,75,75,75,75,75,75,75,75,75,75,75,75,75,75,75,75,75,75,75,75,75],"card_choices":[{"not_picked":["Streamline","Compile Driver","Undo"],"picked":"SKIP","floor":1.0},{"not_picked":["Doom and Gloom","Loop"],"picked":"Gash","floor":2.0},{"not_picked":["Coolheaded","Turbo","Beam Cell"],"picked":"SKIP","floor":6.0},{"not_picked":["Sweeping Beam","Glacier","Hologram"],"picked":"SKIP","floor":8.0},{"not_picked":["Rip and Tear","Rebound"],"picked":"Gash","floor":12.0},{"not_picked":["Genetic Algorithm","Turbo","Hyperbeam"],"picked":"SKIP","floor":14.0},{"not_picked":["Creative AI","Biased Cognition"],"picked":"Core Surge","floor":16.0},{"not_picked":["Conserve Battery","Compile Driver"],"picked":"Sweeping Beam+1","floor":18.0},{"not_picked":["Go for the Eyes","Rebound+1"],"picked":"Gash","floor":24.0},{"not_picked":["Rebound+1","Lockon"],"picked":"Self Repair","floor":25.0},{"not_picked":["Ball Lightning+1","Glacier+1"],"picked":"Machine Learning","floor":27.0},{"not_picked":["Turbo+1","Leap"],"picked":"Gash","floor":28.0},{"not_picked":["Self Repair","Lockon","Stack"],"picked":"SKIP","floor":29.0},{"not_picked":["Biased Cognition","Reboot"],"picked":"Echo Form","floor":33.0},{"not_picked":["Compile Driver+1","White Noise","Leap"],"picked":"SKIP","floor":35.0},{"not_picked":["Hologram+1","Lockon"],"picked":"Gash+1","floor":37.0},{"not_picked":["Reprogram+1","Stack+1","Self Repair+1"],"picked":"SKIP","floor":38.0},{"not_picked":["Barrage+1","Go for the Eyes","Stack"],"picked":"SKIP","floor":40.0},{"not_picked":["Consume","Undo+1","Barrage+1"],"picked":"SKIP","floor":44.0},{"not_picked":["Cold Snap+1","Loop","Tempest+1"],"picked":"SKIP","floor":45.0},{"not_picked":["HandOfGreed","The Bomb"],"picked":"Violence","floor":46.0},{"not_picked":["Rebound+1","Hologram+1","Coolheaded+1"],"picked":"SKIP","floor":48.0},{"not_picked":["Steam+1","Cold Snap","Blizzard+1"],"picked":"SKIP","floor":54}],"player_experience":322497,"relics_obtained":[{"floor":5.0,"key":"Bottled Lightning"},{"floor":8.0,"key":"Blood Vial"},{"floor":9.0,"key":"Letter Opener"},{"floor":12.0,"key":"FossilizedHelix"},{"floor":19.0,"key":"Enchiridion"},{"floor":21.0,"key":"Red Mask"},{"floor":25.0,"key":"Regal Pillow"},{"floor":26.0,"key":"DataDisk"},{"floor":27.0,"key":"Pocketwatch"},{"floor":30.0,"key":"Smiling Mask"},{"floor":37.0,"key":"Incense Burner"},{"floor":39.0,"key":"Calipers"},{"floor":40.0,"key":"Bronze Scales"},{"floor":45.0,"key":"Shuriken"},{"floor":54,"key":"Happy Flower"}],"event_choices":[{"damage_healed":0.0,"max_hp_gain":0.0,"max_hp_loss":0.0,"gold_gain":75.0,"event_name":"World of Goop","player_choice":"Gather Gold","floor":3.0,"gold_loss":0.0,"damage_taken":11.0},{"damage_healed":0.0,"max_hp_gain":0.0,"max_hp_loss":0.0,"gold_gain":0.0,"event_name":"Cursed Tome","player_choice":"Obtained Book","floor":19.0,"gold_loss":0.0,"damage_taken":16.0},{"damage_healed":0.0,"max_hp_gain":0.0,"max_hp_loss":0.0,"gold_gain":0.0,"event_name":"Masked Bandits","player_choice":"Fought Bandits","floor":21.0,"gold_loss":0.0,"damage_taken":0.0},{"damage_healed":0.0,"max_hp_gain":0.0,"max_hp_loss":0.0,"gold_gain":0.0,"event_name":"Ghosts","player_choice":"Ignored","floor":22.0,"gold_loss":0.0,"damage_taken":0.0},{"damage_healed":0.0,"max_hp_gain":0.0,"max_hp_loss":0.0,"gold_gain":0.0,"event_name":"Vampires","player_choice":"Ignored","floor":31.0,"gold_loss":0.0,"damage_taken":0.0},{"damage_healed":0.0,"max_hp_gain":0.0,"max_hp_loss":0.0,"gold_gain":0.0,"event_name":"MindBloom","player_choice":"Fight","floor":37.0,"gold_loss":0.0,"damage_taken":0.0},{"damage_healed":0.0,"max_hp_gain":0.0,"max_hp_loss":0.0,"gold_gain":0.0,"event_name":"Mysterious Sphere","player_choice":"Fight","floor":39.0,"gold_loss":0.0,"damage_taken":0.0},{"damage_healed":0.0,"max_hp_gain":0.0,"max_hp_loss":0.0,"gold_gain":100.0,"event_name":"Golden Shrine","player_choice":"Pray","floor":42.0,"gold_loss":0.0,"damage_taken":0.0},{"damage_healed":0.0,"max_hp_gain":0.0,"max_hp_loss":0.0,"gold_gain":0.0,"event_name":"SensoryStone","player_choice":"Memory 1","floor":46.0,"gold_loss":0.0,"damage_taken":0.0}],"is_beta":false,"boss_relics":[{"not_picked":["Eternal Feather","Coffee Dripper"],"picked":"FrozenCore"},{"not_picked":["Orrery","Inserter"],"picked":"Lizard Tail"}],"items_purged_floors":[4,11,20,36,47,53],"is_endless":false,"potions_floor_spawned":[2,6,21,27,29,33,35,38,39],"ascension_level":1}