{"gold_per_floor":[113,131,149,3,21,21,21,21,21,36,51,62,96,107,107,203,203,214,234,234],"floor_reached":20,"playtime":2275,"items_purged":["Writhe"],"score":207,"play_id":"384dd48f-8d0f-4ba1-871f-d16017edaf48","local_time":"20190422124101","is_ascension_mode":true,"campfire_choices":[{"data":"Neutralize","floor":6,"key":"SMITH"},{"data":"Survivor","floor":8,"key":"SMITH"},{"floor":15,"key":"REST"}],"neow_cost":"CURSE","seed_source_timestamp":75240080649484,"circlet_count":0,"master_deck":["Survivor+1","Neutralize+1","Acrobatics","Backflip","Catalyst","Dagger Throw","Prepared","Blur","Poisoned Stab","Bouncing Flask","Underhanded Strike","Envenom","Backflip","Bane","Calculated Gamble","Bullet Time","Storm of Steel","Leg Sweep","Cloak And Dagger","Cloak And Dagger","Poisoned Stab","Masterful Stab","Dagger Spray","Setup"],"relics":["Ring of the Snake","NlothsMask","Question Card","Pandora\u0027s Box"],"potions_floor_usage":[13,13,14],"damage_taken":[{"damage":0,"enemies":"2 Louse","floor":1,"turns":4},{"damage":6,"enemies":"Cultist","floor":2,"turns":5},{"damage":12,"enemies":"Small Slimes","floor":3,"turns":5},{"damage":9,"enemies":"Looter","floor":5,"turns":4},{"damage":6,"enemies":"2 Fungi Beasts","floor":10,"turns":5},{"damage":9,"enemies":"3 Louse","floor":11,"turns":5},{"damage":5,"enemies":"Looter","floor":12,"turns":5},{"damage":23,"enemies":"Gremlin Nob","floor":13,"turns":4},{"damage":0,"enemies":"Gremlin Gang","floor":14,"turns":2},{"damage":17,"enemies":"Hexaghost","floor":16,"turns":11},{"damage":17,"enemies":"3 Byrds","floor":18,"turns":8},{"damage":27,"enemies":"2 Thieves","floor":19,"turns":5},{"damage":28,"enemies":"Chosen and Byrds","floor":20,"turns":4}],"seed_played":"-3410256700228827850","potions_obtained":[{"floor":1,"key":"FairyPotion"},{"floor":3,"key":"PowerPotion"},{"floor":11,"key":"SpeedPotion"},{"floor":13,"key":"Explosive Potion"}],"is_trial":false,"path_per_floor":["M","M","M","$","M","R","?","R","T","M","M","M","E","M","R","B",null,"M","M","M"],"character_chosen":"THE_SILENT","items_purchased":["Dagger Throw","Prepared"],"campfire_rested":1,"item_purchase_floors":[4,4],"current_hp_per_floor":[70,64,52,52,43,43,43,43,43,37,28,23,7,7,28,11,70,53,26,0],"gold":234,"neow_bonus":"THREE_RARE_CARDS","is_prod":false,"is_daily":false,"chose_seed":false,"campfire_upgraded":2,"win_rate":0,"timestamp":1555900861,"path_taken":["M","M","M","$","M","R","?","R","T","M","?","M","E","M","R","BOSS","M","M","M"],"build_version":"2019-01-23","purchased_purges":1,"victory":false,"max_hp_per_floor":[70,70,70,70,70,70,70,70,70,70,70,70,70,70,70,70,70,70,70,70],"card_choices":[{"not_picked":["Dagger Spray","Dagger Throw"],"picked":"Acrobatics","floor":1},{"not_picked":["Prepared","Endless Agony"],"picked":"Backflip","floor":2},{"not_picked":["Prepared","Skewer"],"picked":"Catalyst","floor":3},{"not_picked":["Backstab","Bouncing Flask"],"picked":"Blur","floor":5},{"not_picked":["Blade Dance","All Out Attack","Eviscerate"],"picked":"SKIP","floor":10},{"not_picked":["Underhanded Strike","All Out Attack"],"picked":"Poisoned Stab","floor":11},{"not_picked":["Blade Dance","Finisher"],"picked":"Bouncing Flask","floor":12},{"not_picked":["Acrobatics","Blade Dance","Finisher"],"picked":"SKIP","floor":13},{"not_picked":["Concentrate","Calculated Gamble","Catalyst"],"picked":"Underhanded Strike","floor":14},{"not_picked":["Venomology","Phantasmal Killer","Tools of the Trade"],"picked":"Envenom","floor":16},{"not_picked":["Sucker Punch","Deflect","Quick Slash+1"],"picked":"Dagger Spray","floor":18},{"not_picked":["Terror+1","Flechettes","Blade Dance"],"picked":"Setup","floor":19}],"player_experience":441360,"relics_obtained":[{"floor":13,"key":"Question Card"}],"event_choices":[{"damage_healed":0,"gold_gain":0,"player_choice":"Trade","damage_taken":0,"relics_obtained":["NlothsMask"],"max_hp_gain":0,"max_hp_loss":0,"event_name":"FaceTrader","floor":7,"gold_loss":0}],"is_beta":false,"boss_relics":[{"not_picked":["White Beast Statue","Black Star"],"picked":"Pandora\u0027s Box"}],"items_purged_floors":[4],"is_endless":false,"potions_floor_spawned":[1,3,11,13],"killed_by":"Chosen and Byrds","ascension_level":3}