{"gold_per_floor":[117,117,141,161,39,39,67,67,117,146,158,184,207,248,260,344,356,378,403,415,447,459,497,509,555,645,657,701,725,755,781,793,878,890,917,1329,1341,1369,1397,1409,1446,318,318,318,318,318,328,343,343,343,343,343,343,45,76,76],"floor_reached":56,"playtime":4096,"items_purged":["Strike_R"],"score":1985,"play_id":"70c5e903-63fd-4dca-bfc6-2913dafd1fdd","local_time":"20190626144439","is_ascension_mode":true,"campfire_choices":[{"floor":6.0,"key":"REST"},{"floor":8.0,"key":"REST"},{"data":"Uppercut","floor":11.0,"key":"SMITH"},{"data":"Armaments","floor":15.0,"key":"SMITH"},{"floor":24.0,"key":"REST"},{"data":"Disarm","floor":27.0,"key":"SMITH"},{"data":"J.A.X.","floor":32.0,"key":"SMITH"},{"floor":40,"key":"RECALL"},{"data":"Metallicize","floor":46,"key":"SMITH"},{"data":"Metallicize","floor":49,"key":"SMITH"},{"data":"True Grit","floor":53,"key":"SMITH"}],"neow_cost":"NONE","seed_source_timestamp":0,"circlet_count":0,"master_deck":["AscendersBane","Strike_R","Strike_R","Strike_R","Strike_R","Defend_R+1","Defend_R","Defend_R","Bash","Offering","Armaments+1","Cleave","Dark Shackles+1","Pommel Strike","Shockwave","Uppercut+1","Pommel Strike","Iron Wave","Ghostly Armor","Fiend Fire","Reaper","Disarm+1","J.A.X.+1","Iron Wave","Flame Barrier","Spot Weakness","Inflame","Rupture","Rupture","Brutality","Feed","Dropkick","True Grit+1","Burning Pact+1","Body Slam+1","Metallicize+1","Metallicize+1","Impatience","Iron Wave+1","Iron Wave+1","True Grit","Limit Break"],"special_seed":0,"relics":["Burning Blood","Turnip","Dream Catcher","The Courier","Happy Flower","MawBank","Omamori","Cursed Key","Enchiridion","Dodecahedron","Orichalcum","Meat on the Bone","Mummified Hand","Sozu","Old Coin","Potion Belt","Toolbox","Ancient Tea Set","Vajra","Bottled Tornado","Centennial Puzzle","Bag of Marbles","Lantern","Strawberry","War Paint"],"potions_floor_usage":[50],"damage_taken":[{"damage":8.0,"enemies":"Jaw Worm","floor":1.0,"turns":3.0},{"damage":6.0,"enemies":"2 Louse","floor":4.0,"turns":3.0},{"damage":40.0,"enemies":"Lagavulin","floor":7.0,"turns":8.0},{"damage":16.0,"enemies":"3 Sentries","floor":10.0,"turns":4.0},{"damage":6.0,"enemies":"Small Slimes","floor":12.0,"turns":2.0},{"damage":1.0,"enemies":"Exordium Wildlife","floor":13.0,"turns":4.0},{"damage":7.0,"enemies":"Gremlin Nob","floor":14.0,"turns":3.0},{"damage":25.0,"enemies":"Slime Boss","floor":16.0,"turns":9.0},{"damage":11.0,"enemies":"Shell Parasite","floor":18.0,"turns":3.0},{"damage":11.0,"enemies":"3 Byrds","floor":19.0,"turns":5.0},{"damage":6.0,"enemies":"Snake Plant","floor":21.0,"turns":3.0},{"damage":27.0,"enemies":"Gremlin Leader","floor":23.0,"turns":6.0},{"damage":27.0,"enemies":"Slavers","floor":25.0,"turns":6.0},{"damage":45.0,"enemies":"Gremlin Leader","floor":28.0,"turns":7.0},{"damage":5.0,"enemies":"Snecko","floor":29.0,"turns":4.0},{"damage":34.0,"enemies":"Shelled Parasite and Fungi","floor":30.0,"turns":4.0},{"damage":20.0,"enemies":"Snake Plant","floor":31.0,"turns":7.0},{"damage":45.0,"enemies":"Champ","floor":33.0,"turns":7.0},{"damage":15,"enemies":"Orb Walker","floor":35,"turns":4},{"damage":13,"enemies":"Mind Bloom Boss Battle","floor":36,"turns":6},{"damage":8,"enemies":"3 Shapes","floor":38,"turns":6},{"damage":13,"enemies":"Maw","floor":39,"turns":6},{"damage":52,"enemies":"Reptomancer","floor":41,"turns":7},{"damage":16,"enemies":"Transient","floor":47,"turns":6},{"damage":30,"enemies":"Sphere and 2 Shapes","floor":48,"turns":6},{"damage":53,"enemies":"Donu and Deca","floor":50,"turns":8},{"damage":34,"enemies":"Time Eater","floor":51,"turns":12},{"damage":59,"enemies":"Shield and Spear","floor":55,"turns":6},{"damage":105,"enemies":"The Heart","floor":56,"turns":5}],"seed_played":"908556972218953","potions_obtained":[{"floor":1.0,"key":"SkillPotion"},{"floor":7.0,"key":"AttackPotion"},{"floor":16.0,"key":"PowerPotion"},{"floor":28.0,"key":"Explosive Potion"},{"floor":30.0,"key":"Swift Potion"}],"is_trial":false,"path_per_floor":["M","?","T","M","$","R","E","R","T","E","R","M","M","E","R","B",null,"M","M","?","M","?","E","R","E","T","R","E","M","M","M","R","B",null,"M","?","?","M","M","R","E","$","T","?","?","R","M","M","R","B","B",null,"R","$","E","B"],"character_chosen":"IRONCLAD","items_purchased":["Dark Shackles","Pommel Strike","Toolbox","Ancient Tea Set","Vajra","Metallicize","Metallicize","Bottled Tornado","Centennial Puzzle","Bag of Marbles","Impatience","True Grit","Lantern","Strawberry"],"campfire_rested":3,"item_purchase_floors":[5,5,42,42,42,42,42,42,42,42,42,54,54,54],"current_hp_per_floor":[66,48,48,48,48,70,36,58,58,48,48,48,53,52,52,33,65,60,61,40,44,44,33,55,44,44,44,54,62,54,52,52,44,67,58,78,78,81,78,78,44,44,44,44,44,44,70,80,80,77,80,82,82,89,80,0],"gold":76,"neow_bonus":"ONE_RANDOM_RARE_CARD","is_prod":false,"is_daily":false,"chose_seed":false,"campfire_upgraded":7,"win_rate":0,"timestamp":1561574679,"path_taken":["M","?","?","M","$","R","E","R","T","E","R","M","M","E","R","BOSS","M","M","?","M","?","E","R","E","T","R","E","M","M","M","R","BOSS","M","?","?","M","M","R","E","$","T","?","?","R","?","M","R","BOSS","BOSS","R","$","E","BOSS"],"build_version":"2019-06-24","purchased_purges":1,"victory":false,"max_hp_per_floor":[75,75,75,75,75,75,75,75,75,75,75,75,75,75,75,75,75,75,75,75,75,75,75,75,75,75,75,75,75,75,75,75,75,75,75,78,78,81,81,81,81,81,81,77,77,77,77,80,80,83,83,83,83,90,93,93],"card_choices":[{"not_picked":["Combust","Dual Wield"],"picked":"Armaments","floor":1.0},{"not_picked":["Armaments","Searing Blow"],"picked":"Cleave","floor":4.0},{"not_picked":["Body Slam","Sever Soul"],"picked":"Shockwave","floor":6.0},{"not_picked":["Wild Strike","Cleave","Warcry"],"picked":"SKIP","floor":7.0},{"not_picked":["Anger","Armaments"],"picked":"Uppercut","floor":8.0},{"not_picked":["Brutality","Sword Boomerang"],"picked":"Pommel Strike","floor":10.0},{"not_picked":["Headbutt","Perfected Strike"],"picked":"Iron Wave","floor":12.0},{"not_picked":["Iron Wave","Twin Strike"],"picked":"Ghostly Armor","floor":13.0},{"not_picked":["Infernal Blade","Perfected Strike"],"picked":"Fiend Fire","floor":14.0},{"not_picked":["Impervious","Immolate"],"picked":"Reaper","floor":16.0},{"not_picked":["Second Wind","Combust"],"picked":"Disarm","floor":18.0},{"not_picked":["Hemokinesis","Anger","Corruption"],"picked":"SKIP","floor":19.0},{"not_picked":["Searing Blow","Pommel Strike","Heavy Blade"],"picked":"SKIP","floor":21.0},{"not_picked":["Cleave","Twin Strike"],"picked":"Iron Wave","floor":23.0},{"not_picked":["Wild Strike","Pommel Strike"],"picked":"Flame Barrier","floor":24.0},{"not_picked":["Corruption","Twin Strike"],"picked":"Spot Weakness","floor":25.0},{"not_picked":["Reckless Charge","Blood for Blood"],"picked":"Inflame","floor":28.0},{"not_picked":["True Grit","Flex"],"picked":"Rupture","floor":29.0},{"not_picked":["Thunderclap","Wild Strike"],"picked":"Rupture","floor":30.0},{"not_picked":["Rampage","Heavy Blade"],"picked":"Brutality","floor":31.0},{"not_picked":["Fiend Fire","Exhume"],"picked":"Feed","floor":33.0},{"not_picked":["Hemokinesis","Headbutt","Armaments"],"picked":"SKIP","floor":35},{"not_picked":["Heavy Blade","Iron Wave"],"picked":"Dropkick","floor":36},{"not_picked":["Perfected Strike","Clothesline+1"],"picked":"True Grit","floor":38},{"not_picked":["Cleave","Flex+1"],"picked":"Burning Pact+1","floor":39},{"not_picked":["Hemokinesis+1","Corruption+1"],"picked":"Body Slam+1","floor":41},{"not_picked":["Wild Strike","Armaments+1"],"picked":"Iron Wave+1","floor":47},{"not_picked":["Searing Blow","Sentinel"],"picked":"Iron Wave+1","floor":48},{"not_picked":["Intimidate+1","Rampage+1"],"picked":"Limit Break","floor":55}],"player_experience":3036306,"relics_obtained":[{"floor":3.0,"key":"Dream Catcher"},{"floor":7.0,"key":"The Courier"},{"floor":9.0,"key":"Happy Flower"},{"floor":10.0,"key":"MawBank"},{"floor":14.0,"key":"Omamori"},{"floor":20.0,"key":"Enchiridion"},{"floor":23.0,"key":"Dodecahedron"},{"floor":25.0,"key":"Orichalcum"},{"floor":26.0,"key":"Meat on the Bone"},{"floor":28.0,"key":"Mummified Hand"},{"floor":36,"key":"Old Coin"},{"floor":41,"key":"Potion Belt"},{"floor":55,"key":"War Paint"}],"event_choices":[{"damage_healed":0.0,"max_hp_gain":0.0,"max_hp_loss":0.0,"gold_gain":0.0,"event_name":"Scrap Ooze","player_choice":"Success","floor":2.0,"gold_loss":0.0,"damage_taken":18.0,"relics_obtained":["Turnip"]},{"damage_healed":0.0,"max_hp_gain":0.0,"max_hp_loss":0.0,"gold_gain":0.0,"event_name":"Cursed Tome","player_choice":"Obtained Book","floor":20.0,"gold_loss":0.0,"damage_taken":21.0},{"damage_healed":0.0,"max_hp_gain":0.0,"max_hp_loss":0.0,"gold_gain":0.0,"event_name":"Drug Dealer","player_choice":"Obtain J.A.X.","floor":22.0,"gold_loss":0.0,"damage_taken":0.0,"cards_obtained":["J.A.X."]},{"damage_healed":0,"gold_gain":0,"player_choice":"Fight","damage_taken":0,"max_hp_gain":0,"max_hp_loss":0,"event_name":"MindBloom","floor":36,"gold_loss":0},{"cards_removed":["Defend_R"],"damage_healed":0,"gold_gain":0,"player_choice":"Removed Skill","damage_taken":0,"max_hp_gain":0,"max_hp_loss":0,"event_name":"Falling","floor":37,"gold_loss":0},{"damage_healed":0,"gold_gain":0,"player_choice":"Max HP","damage_taken":0,"max_hp_gain":0,"max_hp_loss":4,"event_name":"Winding Halls","floor":44,"gold_loss":0},{"damage_healed":0,"gold_gain":0,"player_choice":"Ignored","damage_taken":0,"max_hp_gain":0,"max_hp_loss":0,"event_name":"Tomb of Lord Red Mask","floor":45,"gold_loss":0}],"is_beta":true,"boss_relics":[{"not_picked":["Eternal Feather","Black Star"],"picked":"Cursed Key"},{"not_picked":["Busted Crown","Black Blood"],"picked":"Sozu"}],"items_purged_floors":[42],"is_endless":false,"potions_floor_spawned":[1,7,12,13,16,18,28,30,31,33,36,39,41,48],"killed_by":"The Heart","ascension_level":20}