{"gold_per_floor":[112,62,62,62,62,97,97,137,164,164,199,199,199,223,223,349,349,324,339,380,399,93,93,131,131,131,131,131,154,5,20,20,140,140,163,163,496,349,449,476,491,491,516,544,544,292,326,345,345,345],"floor_reached":51,"playtime":3552,"items_purged":["Strike_R","Entrench","Body Slam"],"score":1192,"play_id":"8886b4b9-3624-476b-a8e1-2fb2d5efee6f","local_time":"20190703002038","is_ascension_mode":true,"campfire_choices":[{"data":"Searing Blow","floor":7.0,"key":"SMITH"},{"data":"Searing Blow+1","floor":13.0,"key":"SMITH"},{"data":"Demon Form","floor":15.0,"key":"SMITH"},{"data":"Searing Blow+2","floor":23.0,"key":"SMITH"},{"data":"True Grit","floor":27.0,"key":"SMITH"},{"data":"Searing Blow+3","floor":28.0,"key":"SMITH"},{"data":"Armaments","floor":32.0,"key":"SMITH"},{"data":"Berserk","floor":42,"key":"SMITH"},{"data":"Limit Break","floor":49,"key":"SMITH"}],"neow_cost":"NONE","seed_source_timestamp":0,"circlet_count":0,"master_deck":["Bash","Searing Blow+4","Metallicize","Demon Form+1","Reaper","True Grit+1","Battle Trance","Seeing Red","Limit Break+1","Headbutt+1","Armaments+1","Berserk+1","Entrench","Headbutt+1","Flex","Iron Wave+1","Reckless Charge","Shrug It Off+1","Good Instincts","Disarm","True Grit+1","Shrug It Off","Metallicize+1"],"special_seed":0,"relics":["Burning Blood","NeowsBlessing","Blue Candle","Torii","Vajra","Shuriken","WingedGreaves","Thread and Needle","Orrery","Red Mask","Membership Card","Ancient Tea Set","Boot","Nilry\u0027s Codex","Mango","Oddly Smooth Stone","Happy Flower","Pandora\u0027s Box","Lantern","Incense Burner","Champion Belt","Potion Belt","Meat on the Bone","Strawberry","Whetstone","Question Card"],"potions_floor_usage":[41,50,50],"damage_taken":[{"damage":0.0,"enemies":"Small Slimes","floor":1.0,"turns":1.0},{"damage":0.0,"enemies":"Lagavulin","floor":6.0,"turns":1.0},{"damage":0.0,"enemies":"3 Sentries","floor":8.0,"turns":2.0},{"damage":38.0,"enemies":"Lagavulin","floor":11.0,"turns":8.0},{"damage":1.0,"enemies":"Jaw Worm","floor":14.0,"turns":5.0},{"damage":9.0,"enemies":"The Guardian","floor":16.0,"turns":11.0},{"damage":23.0,"enemies":"2 Thieves","floor":18.0,"turns":5.0},{"damage":19.0,"enemies":"Spheric Guardian","floor":19.0,"turns":6.0},{"damage":62.0,"enemies":"Masked Bandits","floor":20.0,"turns":5.0},{"damage":26.0,"enemies":"Centurion and Healer","floor":21.0,"turns":11.0},{"damage":61.0,"enemies":"Slavers","floor":24.0,"turns":8.0},{"damage":6.0,"enemies":"Snecko","floor":29.0,"turns":5.0},{"damage":24.0,"enemies":"Snake Plant","floor":31.0,"turns":5.0},{"damage":81.0,"enemies":"Collector","floor":33.0,"turns":9.0},{"damage":13,"enemies":"3 Shapes","floor":35,"turns":7},{"damage":36,"enemies":"Mind Bloom Boss Battle","floor":39,"turns":11},{"damage":28,"enemies":"Nemesis","floor":40,"turns":7},{"damage":50,"enemies":"3 Darklings","floor":41,"turns":6},{"damage":88,"enemies":"Reptomancer","floor":44,"turns":10},{"damage":43,"enemies":"Giant Head","floor":47,"turns":9},{"damage":26,"enemies":"4 Shapes","floor":48,"turns":12},{"damage":43,"enemies":"Time Eater","floor":50,"turns":13}],"seed_played":"3311338992780163482","potions_obtained":[{"floor":1.0,"key":"Swift Potion"},{"floor":6.0,"key":"Energy Potion"},{"floor":14.0,"key":"Fruit Juice"},{"floor":20.0,"key":"Dexterity Potion"},{"floor":21.0,"key":"Explosive Potion"},{"floor":24.0,"key":"Regen Potion"},{"floor":39,"key":"Fire Potion"},{"floor":40,"key":"GamblersBrew"},{"floor":41,"key":"Dexterity Potion"}],"is_trial":false,"path_per_floor":["M","?","?","?","?","E","R","E","T","?","E","T","R","M","R","B",null,"M","M","?","M","$","R","E","?","T","R","R","M","$","M","R","B",null,"M","?","?","$","?","E","M","R","T","E","?","$","E","M","R","B",null],"character_chosen":"IRONCLAD","items_purchased":["Membership Card","Ancient Tea Set","Oddly Smooth Stone","Happy Flower","Lantern","Disarm","Strawberry","Whetstone","Regen Potion"],"campfire_rested":0,"item_purchase_floors":[22,22,30,30,38,38,46,46,46],"current_hp_per_floor":[78,78,74,79,79,79,79,79,79,67,35,35,35,45,45,42,74,57,61,29,65,65,65,52,36,50,50,50,88,88,90,90,84,95,91,81,81,81,98,98,98,98,98,64,64,71,84,87,87,65],"gold":345,"neow_bonus":"THREE_ENEMY_KILL","is_prod":false,"is_daily":false,"chose_seed":false,"campfire_upgraded":9,"win_rate":0,"timestamp":1562106038,"path_taken":["M","?","?","?","?","E","R","E","T","?","E","?","R","?","R","BOSS","M","M","?","M","$","R","E","?","T","R","R","M","$","M","R","BOSS","M","?","?","$","?","E","M","R","T","E","?","$","E","M","R","BOSS"],"build_version":"2019-07-01","purchased_purges":3,"victory":true,"max_hp_per_floor":[80,80,74,79,79,79,79,79,79,79,79,79,79,84,84,84,84,84,84,84,84,84,84,84,84,98,98,98,98,98,98,98,98,98,98,98,98,98,98,98,98,98,98,98,93,100,100,100,100,100],"card_choices":[{"not_picked":["Second Wind","Cleave"],"picked":"Searing Blow","floor":1.0},{"not_picked":["Infernal Blade","Perfected Strike","Flex"],"picked":"SKIP","floor":6.0},{"not_picked":["Exhume","Rupture"],"picked":"Metallicize","floor":8.0},{"not_picked":["Havoc","Twin Strike"],"picked":"Demon Form","floor":11.0},{"not_picked":["Body Slam","Sentinel","Cleave"],"picked":"SKIP","floor":14.0},{"not_picked":["Dark Embrace","Juggernaut"],"picked":"Reaper","floor":16.0},{"not_picked":["Heavy Blade","Body Slam"],"picked":"True Grit","floor":17.0},{"not_picked":["Heavy Blade","Disarm"],"picked":"Battle Trance","floor":17.0},{"not_picked":["Pommel Strike","Body Slam"],"picked":"Seeing Red","floor":17.0},{"not_picked":["Rage","Havoc"],"picked":"Limit Break","floor":18.0},{"not_picked":["Heavy Blade","Havoc+1","Body Slam"],"picked":"SKIP","floor":19.0},{"not_picked":["Iron Wave","Pommel Strike"],"picked":"Headbutt+1","floor":21.0},{"not_picked":["Clash","Perfected Strike+1","Anger"],"picked":"SKIP","floor":24.0},{"not_picked":["Cleave","Wild Strike","Hemokinesis"],"picked":"SKIP","floor":29.0},{"not_picked":["Headbutt","Clothesline"],"picked":"Armaments","floor":31.0},{"not_picked":["Limit Break","Bludgeon"],"picked":"Berserk","floor":33.0},{"not_picked":["Ghostly Armor+1","Twin Strike+1"],"picked":"Shrug It Off+1","floor":35},{"not_picked":["PanicButton","Dark Shackles"],"picked":"Good Instincts","floor":36},{"not_picked":["Heavy Blade+1","Armaments"],"picked":"True Grit+1","floor":39},{"not_picked":["Entrench+1","Thunderclap+1","Reckless Charge"],"picked":"SKIP","floor":40},{"not_picked":["Burning Pact+1","Iron Wave+1"],"picked":"Shrug It Off","floor":41},{"not_picked":["Pommel Strike+1","Clothesline","Thunderclap+1"],"picked":"SKIP","floor":44},{"not_picked":["Dropkick+1","Heavy Blade+1"],"picked":"Metallicize+1","floor":47},{"not_picked":["Sword Boomerang+1","Flame Barrier","Metallicize","Sentinel+1"],"picked":"SKIP","floor":48}],"player_experience":210930,"relics_obtained":[{"floor":6.0,"key":"Blue Candle"},{"floor":8.0,"key":"Torii"},{"floor":9.0,"key":"Vajra"},{"floor":11.0,"key":"WingedGreaves"},{"floor":12.0,"key":"Thread and Needle"},{"floor":20.0,"key":"Red Mask"},{"floor":24.0,"key":"Boot"},{"floor":25.0,"key":"Nilry\u0027s Codex"},{"floor":26.0,"key":"Mango"},{"floor":39,"key":"Incense Burner"},{"floor":40,"key":"Champion Belt"},{"floor":43,"key":"Potion Belt"},{"floor":44,"key":"Meat on the Bone"},{"floor":47,"key":"Question Card"}],"event_choices":[{"cards_removed":["Strike_R"],"damage_healed":0.0,"max_hp_gain":0.0,"max_hp_loss":0.0,"gold_gain":0.0,"event_name":"The Cleric","player_choice":"Card Removal","floor":2.0,"gold_loss":50.0,"damage_taken":0.0},{"damage_healed":0.0,"max_hp_gain":0.0,"max_hp_loss":6.0,"gold_gain":0.0,"event_name":"Golden Idol","player_choice":"Lose Max HP","floor":3.0,"gold_loss":0.0,"damage_taken":0.0,"relics_obtained":["Golden Idol"]},{"damage_healed":0.0,"max_hp_gain":5.0,"max_hp_loss":0.0,"gold_gain":0.0,"event_name":"Big Fish","player_choice":"Donut","floor":4.0,"gold_loss":0.0,"damage_taken":0.0},{"damage_healed":0.0,"max_hp_gain":0.0,"max_hp_loss":0.0,"gold_gain":0.0,"event_name":"Liars Game","player_choice":"Ignored","floor":5.0,"gold_loss":0.0,"damage_taken":0.0},{"damage_healed":0.0,"max_hp_gain":0.0,"max_hp_loss":0.0,"gold_gain":0.0,"event_name":"Scrap Ooze","player_choice":"Success","floor":10.0,"gold_loss":0.0,"damage_taken":12.0,"relics_obtained":["Shuriken"]},{"damage_healed":0.0,"max_hp_gain":0.0,"max_hp_loss":0.0,"gold_gain":0.0,"event_name":"Masked Bandits","player_choice":"Fought Bandits","floor":20.0,"gold_loss":0.0,"damage_taken":0.0},{"damage_healed":0.0,"max_hp_gain":0.0,"max_hp_loss":0.0,"gold_gain":0.0,"event_name":"Cursed Tome","player_choice":"Obtained Book","floor":25.0,"gold_loss":0.0,"damage_taken":16.0},{"damage_healed":0,"gold_gain":0,"player_choice":"Memory 3","damage_taken":10,"max_hp_gain":0,"max_hp_loss":0,"event_name":"SensoryStone","floor":36,"gold_loss":0},{"damage_healed":0,"gold_gain":333,"player_choice":"Gave Idol","damage_taken":0,"max_hp_gain":0,"max_hp_loss":0,"event_name":"The Moai Head","floor":37,"relics_lost":["Golden Idol"],"gold_loss":0},{"damage_healed":0,"gold_gain":0,"player_choice":"Fight","damage_taken":0,"max_hp_gain":0,"max_hp_loss":0,"event_name":"MindBloom","floor":39,"gold_loss":0},{"damage_healed":0,"gold_gain":0,"player_choice":"Max HP","damage_taken":0,"max_hp_gain":0,"max_hp_loss":5,"event_name":"Winding Halls","floor":45,"gold_loss":0}],"is_beta":false,"boss_relics":[{"not_picked":["Runic Cube","Empty Cage"],"picked":"Orrery"},{"not_picked":["Philosopher\u0027s Stone","Busted Crown"],"picked":"Pandora\u0027s Box"}],"items_purged_floors":[22,38,46],"is_endless":false,"potions_floor_spawned":[1,6,14,20,21,24,39,40,41],"ascension_level":7}