{"gold_per_floor":[10,10,25,48,72,72,72,72,72,103,28,28,71,87,87,181,181,197,109,125,47,47,47,68,68],"floor_reached":25,"playtime":2071,"items_purged":["Strike_R"],"score":369,"play_id":"7766046b-34c1-430b-9dba-4b4b0e6ca2bd","local_time":"20190716205849","is_ascension_mode":true,"campfire_choices":[{"data":"Anger","floor":6,"key":"SMITH"},{"floor":12,"key":"DIG"},{"floor":15,"key":"DIG"},{"floor":23,"key":"DIG"}],"neow_cost":"NO_GOLD","seed_source_timestamp":454127070103509,"circlet_count":0,"master_deck":["AscendersBane","Strike_R","Strike_R+1","Strike_R+1","Strike_R","Defend_R","Defend_R","Defend_R","Defend_R","Bash","Anger+1","Cleave","Reaper","Battle Trance","Limit Break","Clothesline","Iron Wave","Shrug It Off","J.A.X."],"relics":["Burning Blood","Torii","Golden Idol","Shovel","Pear","Potion Belt","Mercury Hourglass","Juzu Bracelet","Coffee Dripper","Peace Pipe","Oddly Smooth Stone"],"potions_floor_usage":[5,16],"damage_taken":[{"damage":13,"enemies":"Jaw Worm","floor":1,"turns":4},{"damage":3,"enemies":"Small Slimes","floor":3,"turns":4},{"damage":1,"enemies":"2 Louse","floor":4,"turns":2},{"damage":3,"enemies":"Exordium Thugs","floor":5,"turns":5},{"damage":23,"enemies":"Gremlin Nob","floor":10,"turns":4},{"damage":33,"enemies":"3 Sentries","floor":13,"turns":7},{"damage":2,"enemies":"Red Slaver","floor":14,"turns":3},{"damage":34,"enemies":"Hexaghost","floor":16,"turns":9},{"damage":15,"enemies":"Shell Parasite","floor":18,"turns":4},{"damage":14,"enemies":"3 Byrds","floor":20,"turns":4},{"damage":17,"enemies":"Snake Plant","floor":24,"turns":5},{"damage":46,"enemies":"Book of Stabbing","floor":25,"turns":5}],"seed_played":"2017353544771236604","potions_obtained":[{"floor":1,"key":"SpeedPotion"},{"floor":3,"key":"SmokeBomb"},{"floor":4,"key":"FearPotion"}],"is_trial":false,"path_per_floor":["M","?","M","M","M","R","?","?","T","E","$","R","E","M","R","B",null,"M","?","M","$","?","R","M","E"],"character_chosen":"IRONCLAD","items_purchased":["Iron Wave","Shrug It Off"],"campfire_rested":0,"item_purchase_floors":[21,21],"current_hp_per_floor":[61,61,64,68,68,68,48,48,48,41,41,41,26,34,34,12,62,59,59,57,57,57,57,46,0],"gold":68,"neow_bonus":"ONE_RARE_RELIC","is_prod":false,"is_daily":false,"chose_seed":false,"campfire_upgraded":1,"win_rate":0,"timestamp":1563278329,"path_taken":["M","?","M","M","M","R","?","?","T","E","?","R","E","M","R","BOSS","M","?","M","?","?","R","M","E"],"build_version":"2019-07-01","purchased_purges":1,"victory":false,"max_hp_per_floor":[75,68,68,68,68,68,68,68,68,78,78,78,78,78,78,78,78,78,78,78,78,78,78,78,78],"card_choices":[{"not_picked":["Bloodletting","Intimidate"],"picked":"Anger","floor":1},{"not_picked":["Power Through","Dropkick"],"picked":"Cleave","floor":3},{"not_picked":["Wild Strike","Second Wind","Flex"],"picked":"SKIP","floor":4},{"not_picked":["Sword Boomerang","Havoc","Sentinel"],"picked":"SKIP","floor":5},{"not_picked":["Ghostly Armor","Havoc"],"picked":"Reaper","floor":10},{"not_picked":["Combust","Fire Breathing","Warcry"],"picked":"SKIP","floor":13},{"not_picked":["Shockwave","Clash"],"picked":"Battle Trance","floor":14},{"not_picked":["Dark Embrace","Berserk"],"picked":"Limit Break","floor":16},{"not_picked":["Headbutt","Infernal Blade"],"picked":"Clothesline","floor":18},{"not_picked":["Infernal Blade","Sever Soul","Thunderclap+1"],"picked":"SKIP","floor":20},{"not_picked":["Clash","Rupture+1","Fire Breathing+1"],"picked":"SKIP","floor":24}],"player_experience":1142283,"relics_obtained":[{"floor":9,"key":"Shovel"},{"floor":10,"key":"Pear"},{"floor":12,"key":"Potion Belt"},{"floor":13,"key":"Mercury Hourglass"},{"floor":15,"key":"Juzu Bracelet"},{"floor":23,"key":"Oddly Smooth Stone"}],"event_choices":[{"damage_healed":0,"gold_gain":0,"player_choice":"Lose Max HP","damage_taken":0,"relics_obtained":["Golden Idol"],"max_hp_gain":0,"max_hp_loss":7,"event_name":"Golden Idol","floor":2,"gold_loss":0},{"damage_healed":0,"gold_gain":0,"player_choice":"Entered Light","damage_taken":20,"max_hp_gain":0,"max_hp_loss":0,"event_name":"Shining Light","floor":7,"gold_loss":0,"cards_upgraded":["Strike_R","Strike_R"]},{"damage_healed":0,"gold_gain":0,"player_choice":"Leave","damage_taken":0,"max_hp_gain":0,"max_hp_loss":0,"event_name":"The Cleric","floor":8,"gold_loss":0},{"damage_healed":0,"gold_gain":0,"player_choice":"Paid Gold","damage_taken":0,"relics_obtained":["Peace Pipe"],"max_hp_gain":0,"max_hp_loss":0,"event_name":"WeMeetAgain","floor":19,"gold_loss":88},{"damage_healed":0,"gold_gain":0,"player_choice":"Obtain J.A.X.","damage_taken":0,"max_hp_gain":0,"max_hp_loss":0,"event_name":"Drug Dealer","floor":22,"gold_loss":0,"cards_obtained":["J.A.X."]}],"is_beta":false,"boss_relics":[{"not_picked":["Runic Cube","Black Star"],"picked":"Coffee Dripper"}],"items_purged_floors":[11],"is_endless":false,"potions_floor_spawned":[1,3,4],"killed_by":"Book of Stabbing","ascension_level":15}