{"gold_per_floor":[113,113,133,148,158,158,169,199,267,267,232,265,265,265,265,365,415,435,435,360,360,153,153,187,187,211,243,255,0,19,33,33,33],"floor_reached":33,"playtime":1352,"items_purged":[],"score":352,"play_id":"c42809c9-1d71-4a26-b2ae-780eded299a7","local_time":"20190430135518","is_ascension_mode":true,"campfire_choices":[{"data":"Neutralize","floor":6,"key":"SMITH"},{"data":"Cloak And Dagger","floor":10,"key":"SMITH"},{"floor":15,"key":"REST"},{"data":"Envenom","floor":23,"key":"SMITH"},{"data":"Caltrops","floor":25,"key":"SMITH"},{"floor":32,"key":"REST"}],"neow_cost":"NONE","seed_source_timestamp":20961481061466,"circlet_count":0,"master_deck":["Defend_G","Defend_G","Defend_G","Defend_G","Defend_G","Strike_G","Strike_G","Survivor","Neutralize+1","Choke","Blur","Dagger Throw+1","Caltrops+1","Well Laid Plans","Cloak And Dagger+1","Backstab","Flying Knee","Crippling Poison","Envenom+1","Dagger Throw","Accuracy+1","Adrenaline","Poisoned Stab","Well Laid Plans+1","Acrobatics","Escape Plan","PiercingWail","Cloak And Dagger"],"relics":["Ring of the Snake","NeowsBlessing","Lantern","Shuriken","Du-Vu Doll","Tiny House","Bronze Scales","Juzu Bracelet","Meat on the Bone","Orichalcum","Girya","Ornamental Fan"],"potions_floor_usage":[7,8,12,27,30,33],"damage_taken":[{"damage":0,"enemies":"2 Louse","floor":1,"turns":1},{"damage":0,"enemies":"Cultist","floor":3,"turns":1},{"damage":0,"enemies":"Jaw Worm","floor":4,"turns":1},{"damage":7,"enemies":"3 Louse","floor":5,"turns":3},{"damage":12,"enemies":"Gremlin Gang","floor":7,"turns":3},{"damage":22,"enemies":"Lagavulin","floor":8,"turns":9},{"damage":8,"enemies":"Gremlin Nob","floor":12,"turns":4},{"damage":26,"enemies":"Hexaghost","floor":16,"turns":11},{"damage":0,"enemies":"3 Byrds","floor":18,"turns":2},{"damage":19,"enemies":"Gremlin Leader","floor":24,"turns":5},{"damage":14,"enemies":"Slavers","floor":27,"turns":5},{"damage":7,"enemies":"Chosen","floor":28,"turns":4},{"damage":36,"enemies":"Shelled Parasite and Fungi","floor":30,"turns":5},{"damage":6,"enemies":"Snake Plant","floor":31,"turns":4},{"damage":75,"enemies":"Collector","floor":33,"turns":7}],"seed_played":"-7929488782730553398","potions_obtained":[{"floor":1,"key":"Dexterity Potion"},{"floor":4,"key":"SkillPotion"},{"floor":5,"key":"PowerPotion"},{"floor":17,"key":"SkillPotion"},{"floor":24,"key":"PowerPotion"},{"floor":30,"key":"Fruit Juice"},{"floor":31,"key":"Ancient Potion"}],"is_trial":false,"path_per_floor":["M","?","M","M","M","R","M","E","T","R","?","E","?","?","R","B",null,"M","?","?","?","$","R","E","R","T","E","M","$","M","M","R","B"],"character_chosen":"THE_SILENT","items_purchased":["Adrenaline","Poisoned Stab","Ornamental Fan"],"campfire_rested":2,"item_purchase_floors":[22,22,29],"current_hp_per_floor":[70,70,70,70,63,63,51,29,29,29,46,38,38,31,52,26,75,75,75,75,75,75,75,56,56,56,42,47,47,28,34,58,0],"gold":33,"neow_bonus":"THREE_ENEMY_KILL","is_prod":false,"is_daily":false,"chose_seed":false,"campfire_upgraded":4,"win_rate":0,"timestamp":1556596518,"path_taken":["M","?","M","M","M","R","?","E","T","R","?","E","?","?","R","BOSS","M","?","?","?","$","R","E","R","T","E","M","$","M","M","R","BOSS"],"build_version":"2019-01-23","purchased_purges":0,"victory":false,"max_hp_per_floor":[70,70,70,70,70,70,70,70,70,70,70,70,70,70,70,70,75,75,75,75,75,75,75,75,75,75,75,75,75,80,80,80,80],"card_choices":[{"not_picked":["Predator","Underhanded Strike"],"picked":"Choke","floor":1},{"not_picked":["Backflip","Bane"],"picked":"Dagger Throw","floor":3},{"not_picked":["Riddle With Holes","Tactician"],"picked":"Caltrops","floor":4},{"not_picked":["Acrobatics","Footwork"],"picked":"Well Laid Plans","floor":5},{"not_picked":["Slice","Escape Plan"],"picked":"Cloak And Dagger","floor":7},{"not_picked":["Blade Dance","Dagger Throw"],"picked":"Backstab","floor":8},{"not_picked":["Phantasmal Killer","Dagger Throw"],"picked":"Flying Knee","floor":12},{"not_picked":["Die Die Die","Phantasmal Killer"],"picked":"Envenom","floor":16},{"not_picked":["Bane","Choke"],"picked":"Dagger Throw","floor":17},{"not_picked":["Backflip","Backstab"],"picked":"Accuracy+1","floor":18},{"not_picked":["Dagger Throw+1","Glass Knife"],"picked":"Well Laid Plans+1","floor":24},{"not_picked":["Skewer+1","Bane"],"picked":"Acrobatics","floor":27},{"not_picked":["Eviscerate","Predator"],"picked":"Escape Plan","floor":28},{"not_picked":["Terror","Underhanded Strike"],"picked":"PiercingWail","floor":30},{"not_picked":["Caltrops+1","Expertise"],"picked":"Cloak And Dagger","floor":31}],"player_experience":523757,"relics_obtained":[{"floor":8,"key":"Lantern"},{"floor":9,"key":"Shuriken"},{"floor":12,"key":"Du-Vu Doll"},{"floor":24,"key":"Meat on the Bone"},{"floor":26,"key":"Orichalcum"},{"floor":27,"key":"Girya"}],"event_choices":[{"damage_healed":0,"gold_gain":0,"cards_transformed":["Strike_G"],"player_choice":"Transformed","damage_taken":0,"max_hp_gain":0,"max_hp_loss":0,"event_name":"Transmorgrifier","floor":2,"gold_loss":0,"cards_obtained":["Blur"]},{"damage_healed":17,"gold_gain":0,"player_choice":"Healed","damage_taken":0,"max_hp_gain":0,"max_hp_loss":0,"event_name":"The Cleric","floor":11,"gold_loss":35},{"damage_healed":0,"gold_gain":0,"cards_transformed":["Strike_G"],"player_choice":"Change","damage_taken":0,"max_hp_gain":0,"max_hp_loss":0,"event_name":"Living Wall","floor":13,"gold_loss":0,"cards_obtained":["Crippling Poison"]},{"cards_removed":["Strike_G"],"damage_healed":0,"gold_gain":0,"player_choice":"Card Removal","damage_taken":7,"max_hp_gain":0,"max_hp_loss":0,"event_name":"Golden Wing","floor":14,"gold_loss":0},{"damage_healed":0,"gold_gain":0,"player_choice":"Opened","damage_taken":0,"relics_obtained":["Bronze Scales"],"max_hp_gain":0,"max_hp_loss":0,"event_name":"The Mausoleum","floor":19,"gold_loss":0,"cards_obtained":["Writhe"]},{"cards_removed":["Writhe"],"damage_healed":0,"gold_gain":0,"player_choice":"Gave Gold","damage_taken":0,"max_hp_gain":0,"max_hp_loss":0,"event_name":"Beggar","floor":20,"gold_loss":75},{"damage_healed":0,"gold_gain":0,"player_choice":"Gave Potion","damage_taken":0,"relics_obtained":["Juzu Bracelet"],"max_hp_gain":0,"max_hp_loss":0,"event_name":"WeMeetAgain","floor":21,"gold_loss":0}],"is_beta":false,"boss_relics":[{"not_picked":["Busted Crown","Empty Cage"],"picked":"Tiny House"}],"items_purged_floors":[],"is_endless":false,"potions_floor_spawned":[1,4,5,24,30,31],"killed_by":"Collector","ascension_level":4}