{"gold_per_floor":[111,111,15,15,96,122,122,156,156,183,200,35,48,48,48,125,125,137,156,156,166,166,166,186,186],"floor_reached":25,"playtime":758,"items_purged":[],"score":563,"play_id":"a522d21a-1ea9-4687-9fda-377083c22213","local_time":"20190419220011","is_ascension_mode":true,"campfire_choices":[{"data":"Bash","floor":7.0,"key":"SMITH"},{"data":"Demon Form","floor":15.0,"key":"SMITH"},{"floor":23,"key":"REST"}],"neow_cost":"NONE","seed_source_timestamp":0,"circlet_count":0,"master_deck":["AscendersBane","Defend_R","Defend_R","Defend_R","Bash+1","Ghostly Armor","Dramatic Entrance","Reckless Charge","Iron Wave","Headbutt","Anger","Demon Form+1","Anger","Feed","Dropkick","Burning Pact","Bite","Bite","Bite","Bite","Bite","Corruption+1"],"special_seed":0,"relics":["Black Blood","NeowsBlessing","Kunai","Bottled Lightning","Dodecahedron","Singing Bowl","Shuriken"],"potions_floor_usage":[18,21,24],"damage_taken":[{"damage":0.0,"enemies":"Cultist","floor":1.0,"turns":1.0},{"damage":0.0,"enemies":"Lagavulin","floor":6.0,"turns":1.0},{"damage":0.0,"enemies":"3 Sentries","floor":8.0,"turns":1.0},{"damage":36.0,"enemies":"Lagavulin","floor":10.0,"turns":6.0},{"damage":0.0,"enemies":"Small Slimes","floor":11.0,"turns":3.0},{"damage":0.0,"enemies":"Jaw Worm","floor":13.0,"turns":2.0},{"damage":47.0,"enemies":"Hexaghost","floor":16.0,"turns":6.0},{"damage":11,"enemies":"Spheric Guardian","floor":18,"turns":3},{"damage":23,"enemies":"Chosen","floor":19,"turns":5},{"damage":29,"enemies":"Snecko","floor":21,"turns":5},{"damage":25,"enemies":"Snake Plant","floor":24,"turns":4},{"damage":43,"enemies":"Book of Stabbing","floor":25,"turns":4}],"seed_played":"25958770634829","potions_obtained":[{"floor":11.0,"key":"Swift Potion"},{"floor":13.0,"key":"Swift Potion"},{"floor":14.0,"key":"SpeedPotion"},{"floor":19,"key":"BloodPotion"},{"floor":21,"key":"BloodPotion"}],"is_trial":false,"path_per_floor":["M","?","$","?","T","E","R","E","T","E","M","$","M","?","R","B",null,"M","M","?","M","?","R","M","E"],"character_chosen":"IRONCLAD","items_purchased":["Dramatic Entrance","Demon Form"],"campfire_rested":1,"item_purchase_floors":[3,12],"current_hp_per_floor":[74,67,67,67,67,73,73,75,75,45,51,51,57,57,57,16,60,61,51,28,17,17,34,32,0],"gold":186,"neow_bonus":"THREE_ENEMY_KILL","is_prod":false,"is_daily":false,"chose_seed":false,"campfire_upgraded":2,"win_rate":0,"timestamp":1555725611,"path_taken":["M","?","$","?","?","E","R","E","T","E","M","$","M","?","R","BOSS","M","?","?","M","?","R","M","E"],"build_version":"2019-04-04","purchased_purges":0,"victory":false,"max_hp_per_floor":[75,75,75,75,75,75,75,75,75,75,75,75,75,75,75,75,75,77,80,85,85,59,59,59,59],"card_choices":[{"not_picked":["Flex","Clothesline"],"picked":"Ghostly Armor","floor":1.0},{"not_picked":["Clothesline","Shockwave"],"picked":"Reckless Charge","floor":6.0},{"not_picked":["Havoc","Thunderclap"],"picked":"Iron Wave","floor":8.0},{"not_picked":["Perfected Strike","Clash"],"picked":"Headbutt","floor":10.0},{"not_picked":["True Grit","Sword Boomerang"],"picked":"Anger","floor":11.0},{"not_picked":["Seeing Red","Cleave"],"picked":"Anger","floor":13.0},{"not_picked":["Barricade","Exhume"],"picked":"Feed","floor":16.0},{"not_picked":["Twin Strike","Wild Strike","Heavy Blade"],"picked":"Singing Bowl","floor":18},{"not_picked":["Flex","Rampage"],"picked":"Dropkick","floor":19},{"not_picked":["Thunderclap","Twin Strike"],"picked":"Burning Pact","floor":21},{"not_picked":["Iron Wave","Burning Pact"],"picked":"Corruption+1","floor":24}],"player_experience":2762725,"relics_obtained":[{"floor":5.0,"key":"Kunai"},{"floor":6.0,"key":"Bottled Lightning"},{"floor":8.0,"key":"Dodecahedron"},{"floor":9.0,"key":"Singing Bowl"},{"floor":10.0,"key":"Shuriken"}],"event_choices":[{"cards_removed":["Defend_R"],"damage_healed":0.0,"max_hp_gain":0.0,"max_hp_loss":0.0,"gold_gain":0.0,"event_name":"Golden Wing","player_choice":"Card Removal","floor":2.0,"gold_loss":0.0,"damage_taken":7.0},{"damage_healed":0.0,"max_hp_gain":0.0,"max_hp_loss":0.0,"gold_gain":0.0,"event_name":"The Cleric","player_choice":"Leave","floor":4.0,"gold_loss":0.0,"damage_taken":0.0},{"damage_healed":0.0,"max_hp_gain":0.0,"max_hp_loss":0.0,"gold_gain":0.0,"event_name":"Lab","player_choice":"Got Potions","floor":14.0,"gold_loss":0.0,"damage_taken":0.0},{"damage_healed":0,"gold_gain":0,"player_choice":"Shed Blood","damage_taken":28,"max_hp_gain":5,"max_hp_loss":0,"event_name":"Forgotten Altar","floor":20,"gold_loss":0},{"damage_healed":0,"gold_gain":0,"player_choice":"Became a vampire","damage_taken":0,"max_hp_gain":0,"max_hp_loss":26,"event_name":"Vampires","floor":22,"gold_loss":0,"cards_obtained":["Bite","Bite","Bite","Bite","Bite"]}],"is_beta":true,"boss_relics":[{"not_picked":["Calling Bell","Orrery"],"picked":"Black Blood"}],"items_purged_floors":[],"is_endless":false,"potions_floor_spawned":[11,13,19,21],"killed_by":"Book of Stabbing","ascension_level":20}