{"gold_per_floor":[118,393,40,55,66,91,91,106,182,182,182,182,210,232,244,335,347,371,394,420,444,473,485,528,540,552,582,594],"floor_reached":28,"playtime":3182,"items_purged":["Regret"],"score":504,"play_id":"94124dbd-4326-49c5-b79a-d7eadb7875aa","local_time":"20190628210711","is_ascension_mode":true,"campfire_choices":[{"data":"Rage","floor":7.0,"key":"SMITH"},{"data":"Whirlwind","floor":10.0,"key":"SMITH"},{"data":"Flash of Steel","floor":12.0,"key":"SMITH"},{"data":"Disarm","floor":15.0,"key":"SMITH"},{"data":"Inflame","floor":23.0,"key":"SMITH"},{"data":"Limit Break","floor":25.0,"key":"SMITH"}],"neow_cost":"NONE","seed_source_timestamp":0,"circlet_count":0,"master_deck":["AscendersBane","Strike_R","Strike_R","Strike_R","Strike_R","Strike_R","Defend_R","Defend_R","Defend_R","Defend_R","Bash+1","Limit Break+1","Twin Strike","Flash of Steel+1","Rage+1","Shrug It Off","Headbutt","Reckless Charge","Whirlwind+1","Disarm+1","Shrug It Off","Reaper","Inflame+1","Power Through","Entrench+1","Headbutt+1","True Grit","Pummel","Impervious"],"special_seed":0,"relics":["Burning Blood","Ginger","Letter Opener","MawBank","Runic Cube","Vajra","Pantograph"],"potions_floor_usage":[28],"damage_taken":[{"damage":12.0,"enemies":"Cultist","floor":1.0,"turns":4.0},{"damage":6.0,"enemies":"Jaw Worm","floor":4.0,"turns":5.0},{"damage":0.0,"enemies":"2 Louse","floor":5.0,"turns":2.0},{"damage":32.0,"enemies":"Lagavulin","floor":6.0,"turns":8.0},{"damage":6.0,"enemies":"Blue Slaver","floor":8.0,"turns":3.0},{"damage":21.0,"enemies":"Gremlin Nob","floor":13.0,"turns":4.0},{"damage":3.0,"enemies":"Looter","floor":14.0,"turns":2.0},{"damage":15.0,"enemies":"The Guardian","floor":16.0,"turns":13.0},{"damage":45.0,"enemies":"Shell Parasite","floor":18.0,"turns":7.0},{"damage":1.0,"enemies":"3 Byrds","floor":19.0,"turns":3.0},{"damage":10.0,"enemies":"Centurion and Healer","floor":20.0,"turns":9.0},{"damage":7.0,"enemies":"Snake Plant","floor":21.0,"turns":6.0},{"damage":15.0,"enemies":"3 Cultists","floor":22.0,"turns":5.0},{"damage":26.0,"enemies":"Gremlin Leader","floor":24.0,"turns":7.0},{"damage":44.0,"enemies":"Snecko","floor":27.0,"turns":5.0},{"damage":11,"enemies":"Slavers","floor":28,"turns":2}],"seed_played":"908556972218984","potions_obtained":[{"floor":1.0,"key":"LiquidBronze"},{"floor":4.0,"key":"Dexterity Potion"},{"floor":16.0,"key":"Explosive Potion"},{"floor":19.0,"key":"GamblersBrew"}],"is_trial":false,"path_per_floor":["M","?","$","M","M","E","R","M","T","R","?","R","E","M","R","B",null,"M","M","M","M","M","R","E","R","T","M","E"],"character_chosen":"IRONCLAD","items_purchased":["Flash of Steel","Rage","Shrug It Off","Headbutt"],"campfire_rested":0,"item_purchase_floors":[3,3,3,3],"current_hp_per_floor":[62,62,62,62,68,42,42,42,42,42,42,42,27,30,30,21,62,23,30,38,37,49,49,44,44,44,11,0],"gold":594,"neow_bonus":"ONE_RANDOM_RARE_CARD","is_prod":false,"is_daily":false,"chose_seed":false,"campfire_upgraded":6,"win_rate":0,"timestamp":1561770431,"path_taken":["M","?","$","?","M","E","R","M","T","R","?","R","E","M","R","BOSS","M","?","M","M","M","R","E","R","T","?","E"],"build_version":"2019-06-28","purchased_purges":1,"victory":false,"max_hp_per_floor":[75,75,75,75,75,75,75,75,75,75,75,75,75,75,75,75,75,75,75,75,75,75,75,75,75,75,75,75],"card_choices":[{"not_picked":["Combust","Perfected Strike"],"picked":"Twin Strike","floor":1.0},{"not_picked":["Sever Soul","Clash","Cleave"],"picked":"SKIP","floor":4.0},{"not_picked":["Searing Blow","Thunderclap"],"picked":"Reckless Charge","floor":5.0},{"not_picked":["Infernal Blade","Anger","Thunderclap"],"picked":"SKIP","floor":6.0},{"not_picked":["Dark Embrace","Rampage"],"picked":"Whirlwind","floor":8.0},{"not_picked":["Rage","Flex"],"picked":"Disarm","floor":13.0},{"not_picked":["Clash","Flex"],"picked":"Shrug It Off","floor":14.0},{"not_picked":["Offering","Double Tap"],"picked":"Reaper","floor":16.0},{"not_picked":["Shrug It Off+1","Armaments+1"],"picked":"Inflame","floor":18.0},{"not_picked":["Armaments","Fire Breathing"],"picked":"Power Through","floor":19.0},{"not_picked":["Heavy Blade","Warcry"],"picked":"Entrench+1","floor":20.0},{"not_picked":["Cleave","Clash"],"picked":"Headbutt+1","floor":21.0},{"not_picked":["Pommel Strike","Twin Strike"],"picked":"True Grit","floor":22.0},{"not_picked":["Wild Strike","Twin Strike"],"picked":"Pummel","floor":24.0},{"not_picked":["Clothesline","Thunderclap"],"picked":"Impervious","floor":27.0}],"player_experience":3075360,"relics_obtained":[{"floor":6.0,"key":"Ginger"},{"floor":9.0,"key":"Letter Opener"},{"floor":13.0,"key":"MawBank"},{"floor":24.0,"key":"Vajra"},{"floor":26.0,"key":"Pantograph"}],"event_choices":[{"damage_healed":0.0,"max_hp_gain":0.0,"max_hp_loss":0.0,"gold_gain":275.0,"event_name":"Golden Shrine","player_choice":"Desecrate","floor":2.0,"gold_loss":0.0,"damage_taken":0.0,"cards_obtained":["Regret"]},{"damage_healed":0.0,"max_hp_gain":0.0,"max_hp_loss":0.0,"gold_gain":0.0,"event_name":"Accursed Blacksmith","player_choice":"Forge","floor":11.0,"gold_loss":0.0,"damage_taken":0.0,"cards_upgraded":["Bash"]}],"is_beta":true,"boss_relics":[{"not_picked":["Empty Cage","Snecko Eye"],"picked":"Runic Cube"}],"items_purged_floors":[3],"is_endless":false,"potions_floor_spawned":[1,4,5,16,18,19,20],"killed_by":"Slavers","ascension_level":20}