{"gold_per_floor":[214,234,234,249,260,294,294,314,361,361,377,377,97,111,111,213,213,233,200,200,214,231,231,259,359,359,359,359,379,379,396,396,496,496,514,474,493,513,117,117,466,466,540,540,540,110,122,132,132,132],"floor_reached":51,"playtime":5334,"items_purged":["Writhe"],"score":671,"play_id":"49387f18-bd89-4a25-893f-4dffa8f0b94e","local_time":"20190324213415","is_ascension_mode":false,"campfire_choices":[{"floor":12.0,"key":"REST"},{"floor":15.0,"key":"REST"},{"floor":23.0,"key":"REST"},{"floor":28.0,"key":"REST"},{"data":"Infinite Blades","floor":30.0,"key":"SMITH"},{"data":"Trip","floor":32.0,"key":"SMITH"},{"data":"Blade Dance","floor":40,"key":"SMITH"},{"floor":42,"key":"REST"},{"floor":49,"key":"REST"}],"neow_cost":"NONE","seed_source_timestamp":0,"circlet_count":0,"master_deck":["Defend_G+1","Defend_G+1","Defend_G+1","Defend_G+1","Defend_G+1","Strike_G+1","Strike_G+1","Strike_G+1","Strike_G+1","Survivor","Neutralize+1","Blade Dance","Footwork","Defend_G+1","Poisoned Stab","Backflip","Footwork","Dodge and Roll","Escape Plan","Infinite Blades+1","Trip+1","Heel Hook","Doppelganger","Quick Slash","Blade Dance+1","Dodge and Roll","Quick Slash","Crippling Poison+1","Deflect+1","Expertise+1","Dagger Spray+1","Phantasmal Killer+1","Dagger Throw","Blur+1","Infinite Blades+1","Enlightenment+1","Prepared+1","Deflect+1","PiercingWail+1","Bandage Up+1","Flash of Steel","Blur+1","Slice","Bouncing Flask+1","Infinite Blades","Distraction+1","Outmaneuver+1"],"special_seed":0,"relics":["Ring of the Serpent","Happy Flower","Oddly Smooth Stone","Sundial","Pen Nib","Sozu","Mummified Hand","Strawberry","Ice Cream","Toxic Egg 2","Regal Pillow","Boot","Old Coin","Bottled Lightning","Dodecahedron","OrangePellets"],"potions_floor_usage":[],"damage_taken":[{"damage":4.0,"enemies":"Jaw Worm","floor":1.0,"turns":5.0},{"damage":0.0,"enemies":"Cultist","floor":2.0,"turns":3.0},{"damage":0.0,"enemies":"Small Slimes","floor":4.0,"turns":3.0},{"damage":7.0,"enemies":"Blue Slaver","floor":5.0,"turns":5.0},{"damage":50.0,"enemies":"Gremlin Nob","floor":6.0,"turns":7.0},{"damage":4.0,"enemies":"2 Fungi Beasts","floor":8.0,"turns":6.0},{"damage":0.0,"enemies":"Exordium Wildlife","floor":11.0,"turns":9.0},{"damage":4.0,"enemies":"Exordium Thugs","floor":14.0,"turns":4.0},{"damage":24.0,"enemies":"Slime Boss","floor":16.0,"turns":12.0},{"damage":12.0,"enemies":"Spheric Guardian","floor":18.0,"turns":6.0},{"damage":5.0,"enemies":"2 Thieves","floor":19.0,"turns":5.0},{"damage":9.0,"enemies":"Snake Plant","floor":21.0,"turns":6.0},{"damage":9.0,"enemies":"Shelled Parasite and Fungi","floor":22.0,"turns":8.0},{"damage":36.0,"enemies":"Gremlin Leader","floor":24.0,"turns":9.0},{"damage":3.0,"enemies":"Colosseum Slavers","floor":25.0,"turns":4.0},{"damage":5.0,"enemies":"Colosseum Nobs","floor":25.0,"turns":5.0},{"damage":3.0,"enemies":"Centurion and Healer","floor":29.0,"turns":6.0},{"damage":0.0,"enemies":"Snake Plant","floor":31.0,"turns":3.0},{"damage":41.0,"enemies":"Collector","floor":33.0,"turns":10.0},{"damage":13.0,"enemies":"3 Darklings","floor":35.0,"turns":3.0},{"damage":10.0,"enemies":"Orb Walker","floor":37.0,"turns":3.0},{"damage":9.0,"enemies":"Spire Growth","floor":38.0,"turns":5.0},{"damage":27,"enemies":"2 Orb Walkers","floor":41,"turns":6},{"damage":0,"enemies":"3 Darklings","floor":47,"turns":5},{"damage":0,"enemies":"Maw","floor":48,"turns":7},{"damage":23,"enemies":"Awakened One","floor":50,"turns":14}],"seed_played":"-891759429657530962","potions_obtained":[{"floor":2.0,"key":"Block Potion"},{"floor":5.0,"key":"GhostInAJar"},{"floor":11.0,"key":"GamblersBrew"},{"floor":14.0,"key":"Swift Potion"}],"is_trial":false,"path_per_floor":["M","M","?","M","M","E","?","M","T","T","M","R","$","M","R","B",null,"M","M","?","M","M","R","E","?","T","?","R","M","R","M","R","B",null,"M","?","M","M","$","R","?","R","T","?","T","$","M","M","R","B",null],"character_chosen":"THE_SILENT","items_purchased":["Pen Nib","Infinite Blades","Trip","Boot","Enlightenment+1","Prepared+1","Deflect+1","OrangePellets","Blur+1","Slice","Bouncing Flask+1","Infinite Blades"],"campfire_rested":6,"item_purchase_floors":[13,13,13,39,39,39,39,46,46,46,46,46],"current_hp_per_floor":[66,66,66,66,59,9,6,2,2,2,2,23,23,19,40,16,70,58,53,53,44,35,56,27,19,19,19,57,54,54,54,54,13,77,64,64,54,45,45,45,18,56,56,51,51,51,57,63,77,54],"gold":132,"neow_bonus":"HUNDRED_GOLD","is_prod":false,"is_daily":false,"chose_seed":false,"campfire_upgraded":3,"win_rate":0.0,"timestamp":1553427255,"path_taken":["M","M","?","?","M","E","?","M","T","?","M","R","$","M","R","BOSS","M","M","?","M","M","R","E","?","T","?","R","M","R","M","R","BOSS","M","?","M","?","?","R","?","R","T","?","?","$","M","?","R","BOSS"],"build_version":"2019-01-23","purchased_purges":1,"victory":true,"max_hp_per_floor":[70,70,70,70,70,70,70,70,70,70,70,70,70,70,70,70,70,70,70,70,70,70,70,77,77,77,77,77,77,77,77,77,77,77,77,77,77,77,77,77,77,77,77,77,77,77,77,77,77,77],"card_choices":[{"not_picked":["Flechettes","Deadly Poison"],"picked":"Blade Dance","floor":1.0},{"not_picked":["Masterful Stab","Escape Plan"],"picked":"Footwork","floor":2.0},{"not_picked":["Leg Sweep","Distraction"],"picked":"Poisoned Stab","floor":4.0},{"not_picked":["Terror","Predator"],"picked":"Backflip","floor":5.0},{"not_picked":["Deadly Poison","Dodge and Roll"],"picked":"Footwork","floor":6.0},{"not_picked":["Backstab","Prepared"],"picked":"Dodge and Roll","floor":8.0},{"not_picked":["Finisher","Poisoned Stab"],"picked":"Escape Plan","floor":11.0},{"not_picked":["Flying Knee","Sucker Punch"],"picked":"Heel Hook","floor":14.0},{"not_picked":["Glass Knife","Bullet Time"],"picked":"Doppelganger","floor":16.0},{"not_picked":["Bouncing Flask+1","Underhanded Strike+1"],"picked":"Quick Slash","floor":18.0},{"not_picked":["Skewer","Slice"],"picked":"Blade Dance","floor":19.0},{"not_picked":["Endless Agony","Phantasmal Killer"],"picked":"Dodge and Roll","floor":21.0},{"not_picked":["Dodge and Roll","Outmaneuver"],"picked":"Quick Slash","floor":22.0},{"not_picked":["Bane","Footwork+1"],"picked":"Crippling Poison+1","floor":24.0},{"not_picked":["Prepared","Backflip"],"picked":"Deflect","floor":25.0},{"not_picked":["Backflip+1","Crippling Poison+1"],"picked":"Expertise+1","floor":29.0},{"not_picked":["Underhanded Strike","Dodge and Roll+1"],"picked":"Dagger Spray+1","floor":31.0},{"not_picked":["Bullet Time+1","Wraith Form v2"],"picked":"Phantasmal Killer+1","floor":33.0},{"not_picked":["Deflect+1","Flying Knee+1"],"picked":"Dagger Throw","floor":35.0},{"not_picked":["Deflect+1","Flying Knee"],"picked":"Blur+1","floor":37.0},{"not_picked":["Slice","Dodge and Roll+1"],"picked":"Infinite Blades+1","floor":38.0},{"not_picked":["Backstab+1","Terror+1"],"picked":"PiercingWail+1","floor":41},{"not_picked":["Secret Technique+1","Dramatic Entrance"],"picked":"Bandage Up+1","floor":44},{"not_picked":["PanicButton+1","Swift Strike"],"picked":"Flash of Steel","floor":44},{"not_picked":["Dash+1","Quick Slash+1"],"picked":"Distraction+1","floor":47},{"not_picked":["Backflip+1","Prepared+1"],"picked":"Outmaneuver+1","floor":48}],"player_experience":88375,"relics_obtained":[{"floor":6.0,"key":"Happy Flower"},{"floor":9.0,"key":"Oddly Smooth Stone"},{"floor":10.0,"key":"Sundial"},{"floor":24.0,"key":"Strawberry"},{"floor":25.0,"key":"Ice Cream"},{"floor":25.0,"key":"Toxic Egg 2"},{"floor":26.0,"key":"Regal Pillow"},{"floor":41,"key":"Old Coin"},{"floor":43,"key":"Bottled Lightning"},{"floor":45,"key":"Dodecahedron"}],"event_choices":[{"cards_removed":["Strike_G"],"damage_healed":0.0,"max_hp_gain":0.0,"max_hp_loss":0.0,"gold_gain":0.0,"event_name":"NoteForYourself","player_choice":"Took Card","floor":3.0,"gold_loss":0.0,"damage_taken":0.0,"cards_obtained":["Defend_G"]},{"damage_healed":0.0,"max_hp_gain":0.0,"max_hp_loss":0.0,"gold_gain":0.0,"event_name":"Scrap Ooze","player_choice":"Fled","floor":7.0,"gold_loss":0.0,"damage_taken":3.0},{"damage_healed":0.0,"max_hp_gain":0.0,"max_hp_loss":0.0,"gold_gain":0.0,"event_name":"The Mausoleum","player_choice":"Opened","floor":20.0,"gold_loss":0.0,"damage_taken":0.0,"relics_obtained":["Mummified Hand"],"cards_obtained":["Writhe"]},{"damage_healed":0.0,"max_hp_gain":0.0,"max_hp_loss":0.0,"gold_gain":0.0,"event_name":"Colosseum","player_choice":"Fight","floor":25.0,"gold_loss":0.0,"damage_taken":0.0},{"damage_healed":0.0,"max_hp_gain":0.0,"max_hp_loss":0.0,"gold_gain":0.0,"event_name":"Colosseum","player_choice":"Fought Nobs","floor":25.0,"gold_loss":0.0,"damage_taken":0.0},{"damage_healed":0.0,"max_hp_gain":0.0,"max_hp_loss":0.0,"gold_gain":0.0,"event_name":"Back to Basics","player_choice":"Simplicity","floor":27.0,"gold_loss":0.0,"damage_taken":0.0,"cards_upgraded":["Defend_G","Defend_G","Defend_G","Defend_G","Defend_G","Strike_G","Strike_G","Strike_G","Strike_G","Defend_G"]},{"damage_healed":0.0,"max_hp_gain":0.0,"max_hp_loss":0.0,"gold_gain":0.0,"event_name":"Designer","player_choice":"Upgrade","floor":36.0,"gold_loss":40.0,"damage_taken":0.0,"cards_upgraded":["Neutralize"]},{"damage_healed":0,"gold_gain":0,"player_choice":"Fight","damage_taken":0,"max_hp_gain":0,"max_hp_loss":0,"event_name":"Mysterious Sphere","floor":41,"gold_loss":0},{"damage_healed":0,"gold_gain":0,"player_choice":"Memory 2","damage_taken":5,"max_hp_gain":0,"max_hp_loss":0,"event_name":"SensoryStone","floor":44,"gold_loss":0}],"is_beta":false,"boss_relics":[{"not_picked":["Velvet Choker","HoveringKite"],"picked":"Sozu"},{"not_picked":["Busted Crown","White Beast Statue"],"picked":"Ring of the Serpent"}],"items_purged_floors":[39],"is_endless":false,"potions_floor_spawned":[2,5,11,14,21,25,29,33,35,41],"ascension_level":0}