{"gold_per_floor":[116,116,41,58,58,87,112,112,112,112,127,150,100,100,100,194,194,207,207,227,227,127,162,185,229,229,229,229,229,63,73,73,147,147,167,167,182,32,47,47,79,79,103,13,13,13,29,29,29,29],"floor_reached":51,"playtime":3028,"items_purged":["Regret","Defend_B","Defend_B","Gash"],"score":1277,"play_id":"b2cf57c7-6fa3-4737-b59c-d1811dbb6533","local_time":"20190714161651","is_ascension_mode":true,"campfire_choices":[{"data":"Blizzard","floor":10.0,"key":"SMITH"},{"data":"Glacier","floor":15.0,"key":"SMITH"},{"data":"Strike_B","floor":29.0,"key":"PURGE"},{"floor":32,"key":"REST"},{"floor":40,"key":"REST"},{"data":"Zap","floor":42,"key":"PURGE"},{"data":"Buffer","floor":45,"key":"SMITH"},{"data":"Echo Form","floor":49,"key":"SMITH"}],"neow_cost":"NONE","seed_source_timestamp":173891166033995,"circlet_count":0,"master_deck":["AscendersBane","Chill+1","Electrodynamics","Blizzard+1","Glacier+1","Hyperbeam+1","Hyperbeam+1","Auto Shields+1","Chill+1","Echo Form+1","Blizzard+1","Buffer+1"],"special_seed":0,"relics":["Cracked Core","NeowsBlessing","Ornamental Fan","Oddly Smooth Stone","Odd Mushroom","Bloody Idol","Pear","Mummified Hand","Astrolabe","War Paint","Peace Pipe","Juzu Bracelet","Nilry\u0027s Codex","Snecko Eye","Anchor","Bronze Scales"],"potions_floor_usage":[31,39,47,50,50],"damage_taken":[{"damage":0.0,"enemies":"2 Louse","floor":1.0,"turns":1.0},{"damage":0.0,"enemies":"Cultist","floor":4.0,"turns":1.0},{"damage":0.0,"enemies":"Lagavulin","floor":6.0,"turns":1.0},{"damage":12.0,"enemies":"The Mushroom Lair","floor":7.0,"turns":2.0},{"damage":8.0,"enemies":"Small Slimes","floor":11.0,"turns":2.0},{"damage":0.0,"enemies":"Exordium Wildlife","floor":12.0,"turns":2.0},{"damage":15.0,"enemies":"Slime Boss","floor":16.0,"turns":11.0},{"damage":1.0,"enemies":"Shell Parasite","floor":18.0,"turns":6.0},{"damage":10.0,"enemies":"Spheric Guardian","floor":20.0,"turns":4.0},{"damage":0.0,"enemies":"Gremlin Leader","floor":23.0,"turns":5.0},{"damage":1.0,"enemies":"Chosen and Byrds","floor":24.0,"turns":3.0},{"damage":29.0,"enemies":"Book of Stabbing","floor":25.0,"turns":7.0},{"damage":4,"enemies":"Centurion and Healer","floor":31,"turns":3},{"damage":25,"enemies":"Automaton","floor":33,"turns":8},{"damage":9,"enemies":"3 Shapes","floor":35,"turns":2},{"damage":0,"enemies":"3 Darklings","floor":37,"turns":3},{"damage":38,"enemies":"Jaw Worm Horde","floor":39,"turns":2},{"damage":8,"enemies":"Nemesis","floor":41,"turns":7},{"damage":0,"enemies":"Spire Growth","floor":47,"turns":3},{"damage":0,"enemies":"Time Eater","floor":50,"turns":7}],"seed_played":"-7792218719118221091","potions_obtained":[{"floor":7.0,"key":"Regen Potion"},{"floor":11.0,"key":"GamblersBrew"},{"floor":12.0,"key":"SpeedPotion"},{"floor":24.0,"key":"Explosive Potion"},{"floor":25.0,"key":"SpeedPotion"},{"floor":31,"key":"Strength Potion"},{"floor":33,"key":"Dexterity Potion"},{"floor":41,"key":"Strength Potion"},{"floor":47,"key":"Explosive Potion"}],"is_trial":false,"path_per_floor":["M","?","$","M","$","E","?","?","T","R","M","M","?","T","R","B",null,"M","?","M","?","$","E","M","E","T","?","?","R","$","M","R","B",null,"M","?","M","$","M","R","E","R","T","?","R","$","M","?","R","B",null],"character_chosen":"DEFECT","items_purchased":["Blizzard"],"campfire_rested":2,"item_purchase_floors":[30],"current_hp_per_floor":[68,68,68,68,68,68,56,56,66,66,58,63,63,63,63,48,71,70,70,60,89,89,89,88,59,59,59,43,43,43,44,70,50,79,75,75,80,80,47,73,70,70,75,75,75,75,80,80,80,80],"gold":29,"neow_bonus":"THREE_ENEMY_KILL","is_prod":false,"is_daily":false,"chose_seed":false,"campfire_upgraded":4,"win_rate":0,"timestamp":1563139011,"path_taken":["M","?","$","M","$","E","?","?","T","R","M","M","?","?","R","BOSS","M","?","M","?","$","E","?","E","T","?","?","R","$","M","R","BOSS","M","?","M","$","M","R","E","R","T","?","R","$","M","?","R","BOSS"],"build_version":"2019-07-05","purchased_purges":4,"victory":true,"max_hp_per_floor":[75,75,75,75,75,75,75,69,79,79,79,79,79,79,79,79,79,79,79,79,89,89,89,89,89,89,89,89,89,89,89,89,89,89,89,89,89,89,89,89,89,89,89,89,89,89,89,85,85,85],"card_choices":[{"not_picked":["Ball Lightning","Coolheaded"],"picked":"Gash","floor":1.0},{"not_picked":["Go for the Eyes","Beam Cell"],"picked":"Chill","floor":4.0},{"not_picked":["Rebound","Double Energy"],"picked":"Electrodynamics","floor":6.0},{"not_picked":["Coolheaded","Ball Lightning"],"picked":"Blizzard","floor":7.0},{"not_picked":["Fusion","Ball Lightning","Redo"],"picked":"SKIP","floor":11.0},{"not_picked":["Tempest","Fusion"],"picked":"Glacier","floor":12.0},{"not_picked":["Fission","Seek"],"picked":"Rainbow","floor":16.0},{"not_picked":["Steam","Beam Cell"],"picked":"Gash","floor":18.0},{"not_picked":["Ball Lightning+1","Redo"],"picked":"Chill","floor":20.0},{"not_picked":["Streamline","Rainbow","Steam"],"picked":"SKIP","floor":23.0},{"not_picked":["Barrage","Chaos","Go for the Eyes"],"picked":"SKIP","floor":24.0},{"not_picked":["Genetic Algorithm","Rebound"],"picked":"Echo Form","floor":25.0},{"not_picked":["Coolheaded","Sweeping Beam","Double Energy"],"picked":"SKIP","floor":31},{"not_picked":["Rainbow","Core Surge"],"picked":"Buffer","floor":33},{"not_picked":["BootSequence+1","Chaos","Hologram+1"],"picked":"SKIP","floor":35},{"not_picked":["Barrage","Gash+1","Leap"],"picked":"SKIP","floor":37},{"not_picked":["Steam Power","Aggregate","Cold Snap"],"picked":"SKIP","floor":39},{"not_picked":["Undo","Barrage","Redo+1"],"picked":"SKIP","floor":41},{"not_picked":["Compile Driver","Cold Snap","Chill"],"picked":"SKIP","floor":47}],"player_experience":579193,"relics_obtained":[{"floor":6.0,"key":"Oddly Smooth Stone"},{"floor":7.0,"key":"Odd Mushroom"},{"floor":9.0,"key":"Pear"},{"floor":14.0,"key":"Mummified Hand"},{"floor":23.0,"key":"War Paint"},{"floor":25.0,"key":"Peace Pipe"},{"floor":26.0,"key":"Juzu Bracelet"},{"floor":28.0,"key":"Nilry\u0027s Codex"},{"floor":41,"key":"Anchor"},{"floor":43,"key":"Bronze Scales"}],"event_choices":[{"damage_healed":0.0,"max_hp_gain":0.0,"max_hp_loss":0.0,"gold_gain":0.0,"event_name":"Big Fish","player_choice":"Box","floor":2.0,"gold_loss":0.0,"damage_taken":0.0,"relics_obtained":["Ornamental Fan"],"cards_obtained":["Regret"]},{"damage_healed":0.0,"max_hp_gain":0.0,"max_hp_loss":0.0,"gold_gain":0.0,"event_name":"Mushrooms","player_choice":"Fought Mushrooms","floor":7.0,"gold_loss":0.0,"damage_taken":0.0},{"damage_healed":0.0,"max_hp_gain":0.0,"max_hp_loss":6.0,"gold_gain":0.0,"event_name":"Golden Idol","player_choice":"Lose Max HP","floor":8.0,"gold_loss":0.0,"damage_taken":0.0,"relics_obtained":["Golden Idol"]},{"cards_removed":["Strike_B"],"damage_healed":0.0,"max_hp_gain":0.0,"max_hp_loss":0.0,"gold_gain":0.0,"event_name":"The Cleric","player_choice":"Card Removal","floor":13.0,"gold_loss":50.0,"damage_taken":0.0},{"cards_removed":["Defend_B"],"damage_healed":0.0,"max_hp_gain":0.0,"max_hp_loss":0.0,"gold_gain":0.0,"event_name":"Back to Basics","player_choice":"Elegance","floor":19.0,"gold_loss":0.0,"damage_taken":0.0},{"cards_removed":["Rainbow"],"damage_healed":19.0,"max_hp_gain":10.0,"max_hp_loss":0.0,"gold_gain":0.0,"event_name":"Bonfire Elementals","player_choice":"Offered Rare","floor":21.0,"gold_loss":0.0,"damage_taken":0.0},{"damage_healed":0.0,"max_hp_gain":0.0,"max_hp_loss":0.0,"gold_gain":0.0,"event_name":"Forgotten Altar","player_choice":"Gave Idol","floor":27.0,"relics_lost":["Golden Idol"],"gold_loss":0.0,"damage_taken":0.0,"relics_obtained":["Bloody Idol"]},{"damage_healed":0.0,"max_hp_gain":0.0,"max_hp_loss":0.0,"gold_gain":0.0,"event_name":"Cursed Tome","player_choice":"Obtained Book","floor":28.0,"gold_loss":0.0,"damage_taken":16.0},{"cards_removed":["Gash"],"damage_healed":0,"gold_gain":0,"player_choice":"Removed Attack","damage_taken":0,"max_hp_gain":0,"max_hp_loss":0,"event_name":"Falling","floor":36,"gold_loss":0},{"cards_removed":["Dualcast"],"damage_healed":0,"gold_gain":0,"player_choice":"Upgrade and Remove","damage_taken":0,"max_hp_gain":0,"max_hp_loss":0,"event_name":"Designer","floor":44,"gold_loss":90,"cards_upgraded":["Blizzard"]},{"damage_healed":0,"gold_gain":0,"player_choice":"Max HP","damage_taken":0,"max_hp_gain":0,"max_hp_loss":4,"event_name":"Winding Halls","floor":48,"gold_loss":0}],"is_beta":false,"boss_relics":[{"not_picked":["Lizard Tail","Busted Crown"],"picked":"Astrolabe"},{"not_picked":["Calling Bell","Tiny House"],"picked":"Snecko Eye"}],"items_purged_floors":[3,22,30,38],"is_endless":false,"potions_floor_spawned":[7,11,12,24,25,31,33,41,47],"ascension_level":13}