{"gold_per_floor":[116,132,144,144,160,193,193,212,238,238,252,252,252,287,287,384,384,395,695,97,97,97,97,124,139,162,179,179],"floor_reached":28,"playtime":7319,"items_purged":["Shame"],"score":298,"play_id":"59475a26-8bcb-4913-9518-0af619f45724","local_time":"20190502150202","is_ascension_mode":true,"campfire_choices":[{"data":"Machine Learning","floor":7,"key":"SMITH"},{"data":"Dualcast","floor":10,"key":"SMITH"},{"floor":12,"key":"REST"},{"floor":15,"key":"REST"},{"floor":23,"key":"REST"}],"neow_cost":"NONE","seed_source_timestamp":6796215681571,"circlet_count":0,"master_deck":["Strike_B","Strike_B","Strike_B+1","Strike_B","Defend_B","Defend_B","Defend_B","Defend_B","Zap+1","Dualcast+1","Sunder","Hologram","Doom and Gloom+1","Coolheaded","Machine Learning+1","White Noise+1","Conserve Battery+1","Cold Snap","Machine Learning","Leap+1","Echo Form","Multi-Cast+1","Steam Power+1","Consume+1","Auto Shields+1","Stack+1"],"relics":["Cracked Core","DataDisk","Toxic Egg 2","Whetstone","Bronze Scales","Juzu Bracelet","Nuclear Battery","Old Coin","OrangePellets","Enchiridion","Frozen Egg 2","Smiling Mask"],"potions_floor_usage":[24,24,27],"damage_taken":[{"damage":1,"enemies":"Cultist","floor":1,"turns":3},{"damage":2,"enemies":"Jaw Worm","floor":2,"turns":3},{"damage":3,"enemies":"2 Louse","floor":3,"turns":2},{"damage":13,"enemies":"Exordium Wildlife","floor":5,"turns":4},{"damage":15,"enemies":"Gremlin Nob","floor":6,"turns":3},{"damage":6,"enemies":"2 Fungi Beasts","floor":8,"turns":2},{"damage":8,"enemies":"3 Louse","floor":11,"turns":3},{"damage":4,"enemies":"Lagavulin","floor":14,"turns":6},{"damage":32,"enemies":"The Guardian","floor":16,"turns":8},{"damage":0,"enemies":"3 Byrds","floor":18,"turns":3},{"damage":38,"enemies":"Book of Stabbing","floor":24,"turns":4},{"damage":16,"enemies":"Shell Parasite","floor":25,"turns":6},{"damage":7,"enemies":"Shelled Parasite and Fungi","floor":27,"turns":4},{"damage":15,"enemies":"3 Cultists","floor":28,"turns":3}],"seed_played":"1207793390042244137","potions_obtained":[{"floor":1,"key":"AttackPotion"},{"floor":3,"key":"LiquidBronze"},{"floor":6,"key":"Ancient Potion"},{"floor":8,"key":"PowerPotion"},{"floor":24,"key":"Fire Potion"}],"is_trial":false,"path_per_floor":["M","M","M","?","M","E","R","M","T","R","M","R","?","E","R","B",null,"M","?","$","?","?","R","E","M","T","M","M"],"character_chosen":"DEFECT","items_purchased":["OrangePellets","Echo Form","Multi-Cast+1","Steam Power+1"],"campfire_rested":3,"item_purchase_floors":[20,20,20,20],"current_hp_per_floor":[74,72,69,69,56,41,41,35,35,35,27,49,42,38,60,28,75,75,75,75,61,45,69,31,15,15,8,0],"gold":179,"neow_bonus":"RANDOM_COMMON_RELIC","is_prod":false,"is_daily":false,"chose_seed":false,"campfire_upgraded":2,"win_rate":0,"timestamp":1556773322,"path_taken":["M","?","M","?","?","E","R","M","T","R","M","R","?","E","R","BOSS","M","?","$","?","?","R","E","M","T","M","M"],"build_version":"2019-01-23","purchased_purges":1,"victory":false,"max_hp_per_floor":[75,75,75,75,75,75,75,75,75,75,75,75,75,75,75,75,75,75,75,75,80,80,80,80,80,80,80,80],"card_choices":[{"not_picked":["Turbo","Hello World"],"picked":"Sunder","floor":1},{"not_picked":["Stack","Redo"],"picked":"Hologram","floor":2},{"not_picked":["Consume","Steam"],"picked":"Doom and Gloom","floor":3},{"not_picked":["Chill","White Noise"],"picked":"Coolheaded","floor":5},{"not_picked":["Reinforced Body","Streamline"],"picked":"Machine Learning","floor":6},{"not_picked":["Turbo+1","Rebound"],"picked":"White Noise+1","floor":8},{"not_picked":["Force Field+1","Gash"],"picked":"Conserve Battery+1","floor":11},{"not_picked":["Doom and Gloom","Sweeping Beam"],"picked":"Cold Snap","floor":14},{"not_picked":["Reboot+1","Creative AI"],"picked":"Machine Learning","floor":16},{"not_picked":["Heatsinks","Barrage"],"picked":"Leap+1","floor":18},{"not_picked":["Streamline","Steam+1"],"picked":"Consume+1","floor":24},{"not_picked":["Sweeping Beam","Conserve Battery+1"],"picked":"Auto Shields+1","floor":25},{"not_picked":["Amplify+1","Compile Driver"],"picked":"Stack+1","floor":27}],"player_experience":573902,"relics_obtained":[{"floor":6,"key":"Toxic Egg 2"},{"floor":9,"key":"Whetstone"},{"floor":14,"key":"Juzu Bracelet"},{"floor":22,"key":"Enchiridion"},{"floor":24,"key":"Frozen Egg 2"},{"floor":26,"key":"Smiling Mask"}],"event_choices":[{"damage_healed":0,"gold_gain":0,"player_choice":"Upgraded","damage_taken":0,"max_hp_gain":0,"max_hp_loss":0,"event_name":"Upgrade Shrine","floor":4,"gold_loss":0,"cards_upgraded":["Zap"]},{"damage_healed":0,"gold_gain":0,"player_choice":"Success","damage_taken":7,"relics_obtained":["Bronze Scales"],"max_hp_gain":0,"max_hp_loss":0,"event_name":"Scrap Ooze","floor":13,"gold_loss":0},{"damage_healed":0,"gold_gain":0,"player_choice":"Stole Relic","damage_taken":0,"relics_obtained":["Old Coin"],"max_hp_gain":0,"max_hp_loss":0,"event_name":"Addict","floor":19,"gold_loss":0,"cards_obtained":["Shame"]},{"damage_healed":0,"gold_gain":0,"player_choice":"Shed Blood","damage_taken":19,"max_hp_gain":5,"max_hp_loss":0,"event_name":"Forgotten Altar","floor":21,"gold_loss":0},{"damage_healed":0,"gold_gain":0,"player_choice":"Obtained Book","damage_taken":16,"max_hp_gain":0,"max_hp_loss":0,"event_name":"Cursed Tome","floor":22,"gold_loss":0}],"is_beta":false,"boss_relics":[{"not_picked":["Eternal Feather","White Beast Statue"],"picked":"Nuclear Battery"}],"items_purged_floors":[20],"is_endless":false,"potions_floor_spawned":[1,3,6,8,24],"killed_by":"3 Cultists","ascension_level":4}