{"gold_per_floor":[119,50,65,65,65,108,33,33,33,67,136,172,172,188,188,188],"floor_reached":16,"playtime":756,"items_purged":["Injury"],"score":151,"play_id":"19693aee-21c3-4b20-a1c3-8722f2a2e278","local_time":"20190705221952","is_ascension_mode":true,"campfire_choices":[{"data":"Metallicize","floor":8.0,"key":"SMITH"},{"floor":13.0,"key":"REST"},{"data":"Flame Barrier","floor":15.0,"key":"SMITH"}],"neow_cost":"CURSE","seed_source_timestamp":87707649005800,"circlet_count":0,"master_deck":["Strike_R","Strike_R","Strike_R","Strike_R","Defend_R","Defend_R","Defend_R","Bash","Metallicize+1","Thunderclap","Flame Barrier+1","Metallicize","Pommel Strike","Shrug It Off"],"special_seed":0,"relics":["Burning Blood","PreservedInsect","Golden Idol","Bird Faced Urn","Bottled Flame","Bag of Preparation","Ornamental Fan","Ice Cream"],"potions_floor_usage":[16,16],"damage_taken":[{"damage":2.0,"enemies":"Jaw Worm","floor":1.0,"turns":7.0},{"damage":11.0,"enemies":"2 Louse","floor":3.0,"turns":4.0},{"damage":23.0,"enemies":"Lagavulin","floor":6.0,"turns":10.0},{"damage":9.0,"enemies":"Gremlin Nob","floor":10.0,"turns":4.0},{"damage":26.0,"enemies":"Lagavulin Event","floor":11.0,"turns":6.0},{"damage":16.0,"enemies":"Lagavulin","floor":12.0,"turns":8.0},{"damage":0.0,"enemies":"Cultist","floor":14.0,"turns":4.0},{"damage":66,"enemies":"Slime Boss","floor":16,"turns":10}],"seed_played":"3797356654543466273","potions_obtained":[{"floor":3.0,"key":"Strength Potion"},{"floor":6.0,"key":"Weak Potion"},{"floor":12.0,"key":"Swift Potion"},{"floor":14.0,"key":"Fire Potion"}],"is_trial":false,"path_per_floor":["M","$","M","?","?","E","$","R","T","E","?","E","R","M","R","B"],"character_chosen":"IRONCLAD","items_purchased":["Metallicize"],"campfire_rested":1,"item_purchase_floors":[2],"current_hp_per_floor":[76,76,71,59,59,42,42,42,42,43,27,21,43,53,53,0],"gold":188,"neow_bonus":"TRANSFORM_TWO_CARDS","is_prod":false,"is_daily":false,"chose_seed":false,"campfire_upgraded":2,"win_rate":0,"timestamp":1562379592,"path_taken":["M","$","M","?","?","E","$","R","T","E","?","E","R","?","R","BOSS"],"build_version":"2019-07-05","purchased_purges":1,"victory":false,"max_hp_per_floor":[80,80,80,80,74,74,74,74,74,74,74,74,74,74,74,74],"card_choices":[{"not_picked":["Uppercut","Burning Pact"],"picked":"Flame Barrier","floor":1.0},{"not_picked":["Warcry","Havoc","Sever Soul"],"picked":"SKIP","floor":3.0},{"not_picked":["Anger","Warcry"],"picked":"Pommel Strike","floor":6.0},{"not_picked":["Flex","Cleave","Anger"],"picked":"SKIP","floor":10.0},{"not_picked":["Havoc","Cleave"],"picked":"Shrug It Off","floor":11.0},{"not_picked":["Double Tap","Corruption","Hemokinesis"],"picked":"SKIP","floor":12.0},{"not_picked":["True Grit","Armaments","Fire Breathing"],"picked":"SKIP","floor":14.0}],"player_experience":119960,"relics_obtained":[{"floor":6.0,"key":"Bird Faced Urn"},{"floor":9.0,"key":"Bottled Flame"},{"floor":10.0,"key":"Bag of Preparation"},{"floor":11.0,"key":"Ornamental Fan"},{"floor":12.0,"key":"Ice Cream"}],"event_choices":[{"damage_healed":0.0,"max_hp_gain":0.0,"max_hp_loss":0.0,"gold_gain":0.0,"event_name":"Scrap Ooze","player_choice":"Success","floor":4.0,"gold_loss":0.0,"damage_taken":12.0,"relics_obtained":["PreservedInsect"]},{"damage_healed":0.0,"max_hp_gain":0.0,"max_hp_loss":6.0,"gold_gain":0.0,"event_name":"Golden Idol","player_choice":"Lose Max HP","floor":5.0,"gold_loss":0.0,"damage_taken":0.0,"relics_obtained":["Golden Idol"]},{"damage_healed":0.0,"max_hp_gain":0.0,"max_hp_loss":0.0,"gold_gain":0.0,"event_name":"Dead Adventurer","player_choice":"Searched \u00272\u0027 times","floor":11.0,"gold_loss":0.0,"damage_taken":0.0}],"is_beta":false,"boss_relics":[],"items_purged_floors":[7],"is_endless":false,"potions_floor_spawned":[3,6,12,14],"killed_by":"Slime Boss","ascension_level":6}