{"gold_per_floor":[115,127,144,144,144,144,175,175,198,209,235,235,268,268,268,397,397,413,447,472,492,492,536,536,557,557,557,580,580],"floor_reached":29,"playtime":1114,"items_purged":[],"score":395,"play_id":"02cfc39a-1979-45d1-a11f-36962fe13ebd","local_time":"20190609141307","is_ascension_mode":true,"campfire_choices":[{"data":"Streamline","floor":6,"key":"SMITH"},{"floor":8,"key":"REST"},{"floor":12,"key":"REST"},{"floor":15,"key":"REST"},{"floor":24,"key":"REST"},{"floor":27,"key":"REST"}],"neow_cost":"NONE","seed_source_timestamp":44849885615426,"circlet_count":0,"master_deck":["AscendersBane","Strike_B","Strike_B","Strike_B","Strike_B","Defend_B","Defend_B","Defend_B","Defend_B","Zap","Dualcast","Conserve Battery","Streamline+1","Loop","Seek","Stack","Turbo","BootSequence","Electrodynamics","Coolheaded+1","Chill","Compile Driver","Gash+1","Seek","Leap","Undo+1"],"relics":["Cracked Core","NeowsBlessing","Bag of Preparation","Bag of Marbles","Lantern","Bronze Scales","Potion Belt","Golden Idol","Fusion Hammer","Red Mask","Shuriken","Happy Flower"],"potions_floor_usage":[13,23,23,28,28],"damage_taken":[{"damage":0,"enemies":"Cultist","floor":1,"turns":1},{"damage":0,"enemies":"Jaw Worm","floor":2,"turns":1},{"damage":0,"enemies":"Small Slimes","floor":3,"turns":1},{"damage":28,"enemies":"Gremlin Nob","floor":7,"turns":4},{"damage":2,"enemies":"2 Fungi Beasts","floor":10,"turns":2},{"damage":23,"enemies":"3 Sentries","floor":11,"turns":8},{"damage":26,"enemies":"Lagavulin","floor":13,"turns":5},{"damage":36,"enemies":"The Guardian","floor":16,"turns":12},{"damage":2,"enemies":"Chosen","floor":18,"turns":3},{"damage":12,"enemies":"Masked Bandits","floor":19,"turns":3},{"damage":12,"enemies":"2 Thieves","floor":20,"turns":3},{"damage":13,"enemies":"Centurion and Healer","floor":21,"turns":6},{"damage":5,"enemies":"Slavers","floor":23,"turns":3},{"damage":26,"enemies":"Snake Plant","floor":25,"turns":4},{"damage":11,"enemies":"Shelled Parasite and Fungi","floor":28,"turns":5},{"damage":20,"enemies":"Sentry and Sphere","floor":29,"turns":3}],"seed_played":"-7678180943004467960","potions_obtained":[{"floor":7,"key":"Strength Potion"},{"floor":10,"key":"Dexterity Potion"},{"floor":11,"key":"Weak Potion"},{"floor":13,"key":"EssenceOfSteel"},{"floor":16,"key":"LiquidBronze"},{"floor":18,"key":"FocusPotion"},{"floor":20,"key":"Ancient Potion"}],"is_trial":false,"path_per_floor":["M","M","M","?","?","R","E","R","T","M","E","R","E","?","R","B",null,"M","?","M","M","?","E","R","M","T","R","M","M"],"character_chosen":"DEFECT","items_purchased":[],"campfire_rested":5,"item_purchase_floors":[],"current_hp_per_floor":[68,68,68,68,65,65,37,59,59,57,34,56,30,30,50,14,55,53,41,29,16,16,11,31,5,5,25,14,0],"gold":580,"neow_bonus":"THREE_ENEMY_KILL","is_prod":false,"is_daily":false,"chose_seed":false,"campfire_upgraded":1,"win_rate":0,"timestamp":1560053587,"path_taken":["M","?","M","?","?","R","E","R","T","M","E","R","E","?","R","BOSS","M","?","M","M","?","E","R","?","T","R","M","M"],"build_version":"2019-01-23","purchased_purges":0,"victory":false,"max_hp_per_floor":[75,75,75,75,75,75,75,75,75,75,75,75,75,69,69,69,69,69,69,69,69,69,69,69,69,69,69,69,69],"card_choices":[{"not_picked":["Go for the Eyes","Beam Cell"],"picked":"Conserve Battery","floor":1},{"not_picked":["Chill","Coolheaded"],"picked":"Streamline","floor":2},{"not_picked":["Fusion","Blizzard"],"picked":"Loop","floor":3},{"not_picked":["Stack","Compile Driver"],"picked":"Seek","floor":7},{"not_picked":["Conserve Battery","Steam"],"picked":"Stack","floor":10},{"not_picked":["Compile Driver","Streamline"],"picked":"Turbo","floor":11},{"not_picked":["Hyperbeam","Tempest"],"picked":"BootSequence","floor":13},{"not_picked":["Multi-Cast","Creative AI"],"picked":"Electrodynamics","floor":16},{"not_picked":["Sweeping Beam","Beam Cell"],"picked":"Coolheaded+1","floor":18},{"not_picked":["Steam","Lockon+1"],"picked":"Chill","floor":19},{"not_picked":["Steam+1","Tempest"],"picked":"Compile Driver","floor":20},{"not_picked":["Storm","Rebound"],"picked":"Gash+1","floor":21},{"not_picked":["Aggregate","Consume"],"picked":"Leap","floor":23},{"not_picked":["Steam Power","Reboot"],"picked":"Undo+1","floor":25},{"not_picked":["Barrage","Gash","Steam Power"],"picked":"SKIP","floor":28}],"player_experience":845161,"relics_obtained":[{"floor":7,"key":"Bag of Marbles"},{"floor":9,"key":"Lantern"},{"floor":11,"key":"Bronze Scales"},{"floor":13,"key":"Potion Belt"},{"floor":19,"key":"Red Mask"},{"floor":23,"key":"Shuriken"},{"floor":26,"key":"Happy Flower"}],"event_choices":[{"damage_healed":0,"gold_gain":0,"player_choice":"Ignored","damage_taken":0,"max_hp_gain":0,"max_hp_loss":0,"event_name":"Liars Game","floor":4,"gold_loss":0},{"damage_healed":0,"gold_gain":0,"player_choice":"Success","damage_taken":3,"relics_obtained":["Bag of Preparation"],"max_hp_gain":0,"max_hp_loss":0,"event_name":"Scrap Ooze","floor":5,"gold_loss":0},{"damage_healed":0,"gold_gain":0,"player_choice":"Lose Max HP","damage_taken":0,"relics_obtained":["Golden Idol"],"max_hp_gain":0,"max_hp_loss":6,"event_name":"Golden Idol","floor":14,"gold_loss":0},{"damage_healed":0,"gold_gain":0,"player_choice":"Fought Bandits","damage_taken":0,"max_hp_gain":0,"max_hp_loss":0,"event_name":"Masked Bandits","floor":19,"gold_loss":0},{"damage_healed":0,"gold_gain":0,"player_choice":"Copied","damage_taken":0,"max_hp_gain":0,"max_hp_loss":0,"event_name":"Duplicator","floor":22,"gold_loss":0,"cards_obtained":["Seek"]}],"is_beta":false,"boss_relics":[{"not_picked":["Busted Crown","Inserter"],"picked":"Fusion Hammer"}],"items_purged_floors":[],"is_endless":false,"potions_floor_spawned":[7,10,11,13,16,18,20],"killed_by":"Sentry and Sphere","ascension_level":10}