{"gold_per_floor":[116,132,145,145,159,159,140,166,166,185,198,198],"floor_reached":12,"playtime":785,"items_purged":[],"score":84,"play_id":"4b6415be-ee11-4842-9367-9d213dd21fda","local_time":"20190330213435","is_ascension_mode":false,"campfire_choices":[{"floor":6,"key":"REST"}],"neow_cost":"PERCENT_DAMAGE","seed_source_timestamp":8438687431104,"circlet_count":0,"master_deck":["Strike_R","Strike_R","Strike_R","Defend_R","Defend_R","Defend_R","Defend_R","Bash","Armaments","Disarm","Rage","Entrench","Pommel Strike","Heavy Blade","Uppercut","Thunderclap"],"relics":["Burning Blood","Omamori","Letter Opener"],"potions_floor_usage":[7,8,8,12,12],"damage_taken":[{"damage":5,"enemies":"Cultist","floor":1,"turns":4},{"damage":3,"enemies":"2 Louse","floor":2,"turns":4},{"damage":6,"enemies":"Small Slimes","floor":3,"turns":6},{"damage":11,"enemies":"2 Fungi Beasts","floor":5,"turns":6},{"damage":14,"enemies":"Exordium Thugs","floor":7,"turns":7},{"damage":71,"enemies":"Gremlin Nob","floor":8,"turns":7},{"damage":8,"enemies":"Blue Slaver","floor":10,"turns":5},{"damage":8,"enemies":"2 Fungi Beasts","floor":11,"turns":4},{"damage":10,"enemies":"Exordium Thugs","floor":12,"turns":3}],"seed_played":"-3260168167056510911","potions_obtained":[{"floor":2,"key":"PowerPotion"},{"floor":3,"key":"BloodPotion"},{"floor":7,"key":"SkillPotion"},{"floor":8,"key":"EssenceOfSteel"},{"floor":11,"key":"FearPotion"}],"is_trial":false,"path_per_floor":["M","M","M","?","M","R","M","E","T","M","M","M"],"character_chosen":"IRONCLAD","items_purchased":[],"campfire_rested":1,"item_purchase_floors":[],"current_hp_per_floor":[57,60,60,60,55,79,71,14,14,12,10,0],"gold":198,"neow_bonus":"REMOVE_TWO","is_prod":false,"is_daily":false,"chose_seed":false,"campfire_upgraded":0,"win_rate":0,"timestamp":1553945675,"path_taken":["M","?","M","?","M","R","M","E","T","M","M","?"],"build_version":"2019-01-23","purchased_purges":0,"victory":false,"max_hp_per_floor":[80,80,80,80,80,80,80,80,80,80,80,80],"card_choices":[{"not_picked":["Thunderclap","Intimidate"],"picked":"Armaments","floor":1},{"not_picked":["Flex","Combust"],"picked":"Disarm","floor":2},{"not_picked":["Warcry","Iron Wave"],"picked":"Rage","floor":3},{"not_picked":["Shockwave","Feel No Pain"],"picked":"Entrench","floor":5},{"not_picked":["Headbutt","Twin Strike"],"picked":"Pommel Strike","floor":7},{"not_picked":["Corruption","Burning Pact"],"picked":"Heavy Blade","floor":8},{"not_picked":["Battle Trance","Corruption"],"picked":"Uppercut","floor":10},{"not_picked":["Armaments","Combust"],"picked":"Thunderclap","floor":11}],"player_experience":296771,"relics_obtained":[{"floor":8,"key":"Omamori"},{"floor":9,"key":"Letter Opener"}],"event_choices":[{"damage_healed":0,"gold_gain":0,"player_choice":"Ignored","damage_taken":0,"max_hp_gain":0,"max_hp_loss":0,"event_name":"NoteForYourself","floor":4,"gold_loss":0}],"is_beta":false,"boss_relics":[],"items_purged_floors":[],"is_endless":false,"potions_floor_spawned":[2,3,7,8,11],"killed_by":"Exordium Thugs","ascension_level":0}