{"gold_per_floor":[114,129,146,164,177,177,203,203,281,310,310,310,324,139,139,242,542,559,122,122,140,140,140,140],"floor_reached":24,"playtime":1813,"items_purged":["Strike_R","Normality"],"score":206,"play_id":"56153623-b401-4459-ba48-f307f86d57f3","local_time":"20190709013306","is_ascension_mode":false,"campfire_choices":[{"data":"Berserk","floor":6,"key":"SMITH"},{"data":"Searing Blow","floor":8,"key":"SMITH"},{"data":"Searing Blow+1","floor":12,"key":"SMITH"},{"data":"Searing Blow+2","floor":15,"key":"SMITH"},{"data":"Searing Blow+3","floor":23,"key":"SMITH"}],"neow_cost":"NONE","seed_source_timestamp":52804143656407,"circlet_count":0,"master_deck":["Strike_R","Strike_R","Strike_R","Strike_R","Defend_R","Defend_R","Defend_R","Defend_R","Reckless Charge","Second Wind","Cleave","Berserk+1","Clothesline","Searing Blow+4","Shockwave","Intimidate","Infernal Blade","Seeing Red","Fiend Fire","Clumsy","Doubt","Shrug It Off","Master of Strategy","Double Tap","Immolate"],"relics":["Burning Blood","Bag of Marbles","Bottled Tornado","Pocketwatch","Question Card","Calling Bell","Bag of Preparation","Pear","Old Coin","Nloth\u0027s Gift"],"potions_floor_usage":[4,16],"damage_taken":[{"damage":12,"enemies":"Cultist","floor":1,"turns":5},{"damage":0,"enemies":"2 Louse","floor":2,"turns":3},{"damage":0,"enemies":"Small Slimes","floor":3,"turns":4},{"damage":7,"enemies":"Exordium Thugs","floor":4,"turns":3},{"damage":5,"enemies":"Large Slime","floor":5,"turns":6},{"damage":25,"enemies":"Lagavulin","floor":7,"turns":8},{"damage":27,"enemies":"3 Sentries","floor":10,"turns":5},{"damage":9,"enemies":"Red Slaver","floor":13,"turns":2},{"damage":18,"enemies":"Hexaghost","floor":16,"turns":8},{"damage":30,"enemies":"2 Thieves","floor":18,"turns":2},{"damage":21,"enemies":"Spheric Guardian","floor":21,"turns":4},{"damage":52,"enemies":"Gremlin Leader","floor":24,"turns":6}],"seed_played":"-2953474376326411","potions_obtained":[{"floor":1,"key":"Fire Potion"},{"floor":3,"key":"Dexterity Potion"},{"floor":5,"key":"Energy Potion"},{"floor":13,"key":"Fire Potion"}],"is_trial":false,"path_per_floor":["M","M","M","M","M","R","E","R","T","E","T","R","M","$","R","B",null,"M","$","?","M","?","R","E"],"character_chosen":"IRONCLAD","items_purchased":["Infernal Blade","Seeing Red","Master of Strategy","Bronze Scales"],"campfire_rested":0,"item_purchase_floors":[14,14,19,19],"current_hp_per_floor":[74,80,80,79,80,80,61,61,61,40,40,40,37,37,37,25,90,66,66,66,51,51,51,0],"gold":140,"neow_bonus":"REMOVE_CARD","is_prod":false,"is_daily":false,"chose_seed":false,"campfire_upgraded":5,"win_rate":0.0,"timestamp":1562628786,"path_taken":["M","M","M","M","M","R","E","R","T","E","?","R","M","$","R","BOSS","M","$","?","M","?","R","E"],"build_version":"2019-07-05","purchased_purges":2,"victory":false,"max_hp_per_floor":[80,80,80,80,80,80,80,80,80,80,80,80,80,80,80,80,90,90,90,90,90,90,90,90],"card_choices":[{"not_picked":["Fire Breathing","Twin Strike"],"picked":"Reckless Charge","floor":1},{"not_picked":["Thunderclap","Sword Boomerang"],"picked":"Second Wind","floor":2},{"not_picked":["Flex","Pommel Strike"],"picked":"Cleave","floor":3},{"not_picked":["Flex","Heavy Blade"],"picked":"Berserk","floor":4},{"not_picked":["Sword Boomerang","Feel No Pain"],"picked":"Clothesline","floor":5},{"not_picked":["Offering","Dual Wield"],"picked":"Searing Blow","floor":7},{"not_picked":["Heavy Blade","Second Wind"],"picked":"Shockwave","floor":10},{"not_picked":["Cleave","Clothesline","Power Through"],"picked":"Intimidate","floor":13},{"not_picked":["Impervious","Immolate","Limit Break"],"picked":"Fiend Fire","floor":16},{"not_picked":["Iron Wave","Clothesline","Warcry"],"picked":"Shrug It Off","floor":18},{"not_picked":["Flex","Uppercut","Sword Boomerang+1"],"picked":"Immolate","floor":21}],"player_experience":38289,"relics_obtained":[{"floor":7,"key":"Bag of Marbles"},{"floor":9,"key":"Bottled Tornado"},{"floor":10,"key":"Pocketwatch"},{"floor":11,"key":"Question Card"},{"floor":17,"key":"Bag of Preparation"},{"floor":17,"key":"Pear"},{"floor":17,"key":"Old Coin"}],"event_choices":[{"damage_healed":0,"gold_gain":0,"player_choice":"Read","damage_taken":0,"max_hp_gain":0,"max_hp_loss":0,"event_name":"The Library","floor":20,"gold_loss":0,"cards_obtained":["Double Tap"]},{"damage_healed":0,"gold_gain":0,"player_choice":"Traded Relic","damage_taken":0,"relics_obtained":["Nloth\u0027s Gift"],"max_hp_gain":0,"max_hp_loss":0,"event_name":"N\u0027loth","floor":22,"relics_lost":["Bronze Scales"],"gold_loss":0}],"is_beta":false,"boss_relics":[{"not_picked":["Fusion Hammer","Lizard Tail"],"picked":"Calling Bell"}],"items_purged_floors":[14,19],"is_endless":false,"potions_floor_spawned":[1,3,5,13],"killed_by":"Gremlin Leader","ascension_level":0}