{"gold_per_floor":[117,141,155,155,171,171,185,185,211,211,231,266,266,281,281,410,410,431,449,48,67,80,80,100,100,150,65,65,65,65,89,89,208,208,233,233,247,263,284,284,317,341,341,356,356,396,414,430,430,430],"floor_reached":51,"playtime":3929,"items_purged":["Injury"],"score":922,"play_id":"bd216613-eac4-4627-ae80-524048546b76","local_time":"20190521200708","is_ascension_mode":true,"campfire_choices":[{"data":"Neutralize","floor":6,"key":"SMITH"},{"data":"After Image","floor":8,"key":"SMITH"},{"data":"Noxious Fumes","floor":13,"key":"SMITH"},{"data":"PiercingWail","floor":15,"key":"SMITH"},{"data":"After Image","floor":23,"key":"SMITH"},{"data":"Well Laid Plans","floor":25,"key":"SMITH"},{"data":"Flying Knee","floor":28,"key":"SMITH"},{"data":"RitualDagger","floor":30,"key":"SMITH"},{"data":"Survivor","floor":32,"key":"SMITH"},{"data":"Infinite Blades","floor":40,"key":"SMITH"},{"floor":49,"key":"REST"}],"neow_cost":"TEN_PERCENT_HP_LOSS","seed_source_timestamp":31703518661810,"circlet_count":0,"master_deck":["Defend_G","Defend_G","Defend_G","Defend_G+1","Defend_G+1","Strike_G+1","Survivor+1","Neutralize+1","All Out Attack","Quick Slash+1","After Image+1","Noxious Fumes+1","PiercingWail+1","Cloak And Dagger+1","Escape Plan+1","After Image+1","Acrobatics+1","Deflect+1","Tactician+1","Backflip+1","Well Laid Plans+1","Flying Knee+1","RitualDagger+1","Underhanded Strike","Adrenaline+1","Adrenaline+1","Terror+1","All Out Attack+1","Deflect+1","Infinite Blades+1","Flying Knee+1","Acrobatics+1","Slice+1","Cloak And Dagger+1","Calculated Gamble+1","Panacea+1","Panacea+1","Blade Dance+1","Expertise+1","Blade Dance+1"],"relics":["Ring of the Snake","Thread and Needle","Blood Vial","Whetstone","Golden Idol","Toxic Egg 2","WristBlade","War Paint","Omamori","Oddly Smooth Stone","Astrolabe","Smiling Mask","StoneCalendar","Happy Flower"],"potions_floor_usage":[7,12,16,16,21,39,39,41,42,50,50],"damage_taken":[{"damage":0,"enemies":"Cultist","floor":1,"turns":5},{"damage":0,"enemies":"2 Louse","floor":3,"turns":2},{"damage":0,"enemies":"Jaw Worm","floor":5,"turns":3},{"damage":1,"enemies":"Red Slaver","floor":7,"turns":5},{"damage":0,"enemies":"Blue Slaver","floor":11,"turns":3},{"damage":9,"enemies":"Gremlin Nob","floor":12,"turns":5},{"damage":0,"enemies":"3 Louse","floor":14,"turns":4},{"damage":9,"enemies":"Slime Boss","floor":16,"turns":12},{"damage":2,"enemies":"Spheric Guardian","floor":18,"turns":6},{"damage":0,"enemies":"Shell Parasite","floor":19,"turns":7},{"damage":1,"enemies":"3 Cultists","floor":21,"turns":5},{"damage":11,"enemies":"Snake Plant","floor":22,"turns":7},{"damage":0,"enemies":"Chosen and Byrds","floor":24,"turns":8},{"damage":0,"enemies":"Sentry and Sphere","floor":31,"turns":6},{"damage":1,"enemies":"Collector","floor":33,"turns":15},{"damage":8,"enemies":"3 Shapes","floor":35,"turns":4},{"damage":0,"enemies":"3 Darklings","floor":37,"turns":6},{"damage":0,"enemies":"Spire Growth","floor":38,"turns":5},{"damage":0,"enemies":"Jaw Worm Horde","floor":39,"turns":6},{"damage":1,"enemies":"Giant Head","floor":41,"turns":8},{"damage":5,"enemies":"Transient","floor":42,"turns":5},{"damage":0,"enemies":"Maw","floor":44,"turns":7},{"damage":9,"enemies":"Nemesis","floor":46,"turns":7},{"damage":3,"enemies":"Writhing Mass","floor":47,"turns":5},{"damage":0,"enemies":"Sphere and 2 Shapes","floor":48,"turns":4},{"damage":56,"enemies":"Time Eater","floor":50,"turns":15}],"seed_played":"-6270893290671967956","potions_obtained":[{"floor":1,"key":"Explosive Potion"},{"floor":5,"key":"GhostInAJar"},{"floor":11,"key":"Energy Potion"},{"floor":14,"key":"FearPotion"},{"floor":16,"key":"Dexterity Potion"},{"floor":19,"key":"PowerPotion"},{"floor":24,"key":"SneckoOil"},{"floor":31,"key":"FairyPotion"},{"floor":41,"key":"Energy Potion"},{"floor":42,"key":"Ancient Potion"}],"is_trial":false,"path_per_floor":["M","T","M","?","M","R","M","R","T","?","M","E","R","M","R","B",null,"M","M","$","M","M","R","M","R","T","?","R","?","R","M","R","B",null,"M","?","M","M","M","R","E","M","T","M","?","E","M","M","R","B",null],"character_chosen":"THE_SILENT","items_purchased":["Tactician+1","War Paint","EntropicBrew"],"campfire_rested":1,"item_purchase_floors":[20,20,20],"current_hp_per_floor":[63,63,63,63,63,63,62,62,62,62,63,54,54,56,56,49,60,60,62,62,62,52,52,54,54,54,54,54,48,48,50,50,51,60,54,54,56,58,60,60,61,58,58,60,55,48,47,49,63,7],"gold":430,"neow_bonus":"ONE_RARE_RELIC","is_prod":false,"is_daily":false,"chose_seed":false,"campfire_upgraded":10,"win_rate":0,"timestamp":1558433228,"path_taken":["M","?","M","?","M","R","M","R","T","?","M","E","R","?","R","BOSS","M","M","$","M","M","R","M","R","T","?","R","?","R","M","R","BOSS","M","?","M","?","?","R","E","M","T","M","?","E","M","M","R","BOSS"],"build_version":"2019-01-23","purchased_purges":1,"victory":true,"max_hp_per_floor":[63,63,63,63,63,63,63,63,63,63,63,63,63,63,63,63,63,63,63,63,63,63,63,63,63,63,63,63,63,63,63,63,63,63,63,63,63,63,63,63,63,63,63,63,63,63,63,63,63,63],"card_choices":[{"not_picked":["Escape Plan","Accuracy"],"picked":"All Out Attack","floor":1},{"not_picked":["Blade Dance","Slice"],"picked":"Quick Slash","floor":3},{"not_picked":["PiercingWail","Blade Dance"],"picked":"After Image","floor":5},{"not_picked":["Concentrate","Slice"],"picked":"Noxious Fumes","floor":7},{"not_picked":["Dash","Dagger Throw"],"picked":"PiercingWail","floor":11},{"not_picked":["PiercingWail","Quick Slash"],"picked":"Cloak And Dagger","floor":12},{"not_picked":["Setup+1","PiercingWail+1"],"picked":"Escape Plan+1","floor":14},{"not_picked":["A Thousand Cuts","Grand Finale"],"picked":"After Image","floor":16},{"not_picked":["Heel Hook+1","Skewer"],"picked":"Acrobatics+1","floor":18},{"not_picked":["Footwork","Accuracy"],"picked":"Deflect+1","floor":19},{"not_picked":["Underhanded Strike","Heel Hook"],"picked":"Backflip+1","floor":21},{"not_picked":["Slice","PiercingWail+1"],"picked":"Well Laid Plans","floor":22},{"not_picked":["Caltrops","Underhanded Strike"],"picked":"Flying Knee","floor":24},{"not_picked":["Sucker Punch","Riddle With Holes"],"picked":"Underhanded Strike","floor":31},{"not_picked":["Envenom","Malaise+1"],"picked":"Adrenaline+1","floor":33},{"not_picked":["Poisoned Stab","Cloak And Dagger+1"],"picked":"Deflect+1","floor":35},{"not_picked":["Deflect+1","Dash"],"picked":"Infinite Blades","floor":37},{"not_picked":["Skewer","Quick Slash"],"picked":"Flying Knee+1","floor":38},{"not_picked":["Deadly Poison+1","Poisoned Stab+1"],"picked":"Acrobatics+1","floor":39},{"not_picked":["Bullet Time+1","Sucker Punch"],"picked":"Slice+1","floor":41},{"not_picked":["Flying Knee","PiercingWail+1"],"picked":"Cloak And Dagger+1","floor":42},{"not_picked":["Dagger Spray+1","All Out Attack+1"],"picked":"Calculated Gamble+1","floor":44},{"not_picked":["Dark Shackles+1","Metamorphosis+1"],"picked":"Panacea+1","floor":45},{"not_picked":["HandOfGreed","Impatience+1"],"picked":"Panacea+1","floor":45},{"not_picked":["Footwork","Backflip+1"],"picked":"Blade Dance+1","floor":46},{"not_picked":["Catalyst+1","Poisoned Stab"],"picked":"Expertise+1","floor":47},{"not_picked":["Eviscerate+1","Quick Slash+1"],"picked":"Blade Dance+1","floor":48}],"player_experience":690541,"relics_obtained":[{"floor":2,"key":"Blood Vial"},{"floor":9,"key":"Whetstone"},{"floor":12,"key":"Toxic Egg 2"},{"floor":26,"key":"Omamori"},{"floor":41,"key":"Smiling Mask"},{"floor":43,"key":"StoneCalendar"},{"floor":46,"key":"Happy Flower"}],"event_choices":[{"damage_healed":0,"gold_gain":0,"player_choice":"Leave","damage_taken":0,"max_hp_gain":0,"max_hp_loss":0,"event_name":"The Cleric","floor":4,"gold_loss":0},{"damage_healed":0,"gold_gain":0,"player_choice":"Take Wound","damage_taken":0,"relics_obtained":["Golden Idol"],"max_hp_gain":0,"max_hp_loss":0,"event_name":"Golden Idol","floor":10,"gold_loss":0,"cards_obtained":["Injury"]},{"damage_healed":0,"gold_gain":0,"player_choice":"Obtained Relic","damage_taken":0,"relics_obtained":["Oddly Smooth Stone"],"max_hp_gain":0,"max_hp_loss":0,"event_name":"Addict","floor":27,"gold_loss":85},{"damage_healed":0,"gold_gain":0,"player_choice":"Joined the Cult","damage_taken":6,"max_hp_gain":0,"max_hp_loss":0,"event_name":"Nest","floor":29,"gold_loss":0,"cards_obtained":["RitualDagger"]},{"cards_removed":["Strike_G"],"damage_healed":0,"gold_gain":0,"player_choice":"Offered Basic","damage_taken":0,"max_hp_gain":0,"max_hp_loss":0,"event_name":"Bonfire Elementals","floor":36,"gold_loss":0},{"damage_healed":0,"gold_gain":0,"player_choice":"Memory 2","damage_taken":5,"max_hp_gain":0,"max_hp_loss":0,"event_name":"SensoryStone","floor":45,"gold_loss":0}],"is_beta":false,"boss_relics":[{"not_picked":["Runic Pyramid","Coffee Dripper"],"picked":"WristBlade"},{"not_picked":["Snecko Eye","Black Star"],"picked":"Astrolabe"}],"items_purged_floors":[20],"is_endless":false,"potions_floor_spawned":[1,5,11,14,16,19,24,31,33,37,41,42,44,47],"ascension_level":6}