{"gold_per_floor":[113,124,140,156,232,232,262,262,309,320,30,30,30,60,60,159,159,176,51,61,76,96,96,96,96,120,134,134,152,186,201,201,201],"floor_reached":33,"playtime":1835,"items_purged":["Pain"],"score":363,"play_id":"5d0b2cb4-5b7f-46f1-97cc-0d9f2844b693","local_time":"20190518205929","is_ascension_mode":true,"campfire_choices":[{"data":"Body Slam","floor":6,"key":"SMITH"},{"floor":8,"key":"REST"},{"data":"Armaments","floor":13,"key":"SMITH"},{"data":"True Grit","floor":15,"key":"SMITH"},{"floor":23,"key":"REST"},{"floor":24,"key":"REST"},{"data":"Intimidate","floor":28,"key":"SMITH"},{"floor":32,"key":"REST"}],"neow_cost":"TEN_PERCENT_HP_LOSS","seed_source_timestamp":6052422618107,"circlet_count":0,"master_deck":["Bash","Body Slam+1","Inflame","Warcry","Wild Strike","Armaments+1","Shrug It Off","Metallicize","Flex","Wild Strike","True Grit+1","Offering","Clothesline","Intimidate+1","Disarm","Feed","Headbutt","Blood for Blood","Infernal Blade","Perfected Strike","Cleave","Evolve","Pommel Strike","Rampage","Pommel Strike","Power Through","Flame Barrier","Sword Boomerang+1","Infernal Blade","Iron Wave+1","Dual Wield","Battle Trance"],"relics":["Burning Blood","WingedGreaves","Self Forming Clay","Lantern","Dream Catcher","WarpedTongs","Omamori","Pandora\u0027s Box","MutagenicStrength","Ancient Tea Set","Singing Bowl"],"potions_floor_usage":[7,16,16,30,30,30],"damage_taken":[{"damage":4,"enemies":"Jaw Worm","floor":1,"turns":4},{"damage":5,"enemies":"Small Slimes","floor":2,"turns":4},{"damage":10,"enemies":"Cultist","floor":3,"turns":4},{"damage":22,"enemies":"Blue Slaver","floor":4,"turns":5},{"damage":23,"enemies":"Gremlin Nob","floor":7,"turns":4},{"damage":9,"enemies":"Red Slaver","floor":10,"turns":3},{"damage":13,"enemies":"Lagavulin","floor":14,"turns":5},{"damage":31,"enemies":"Hexaghost","floor":16,"turns":10},{"damage":21,"enemies":"3 Byrds","floor":18,"turns":6},{"damage":22,"enemies":"Spheric Guardian","floor":20,"turns":4},{"damage":16,"enemies":"Snake Plant","floor":21,"turns":5},{"damage":16,"enemies":"Snecko","floor":22,"turns":4},{"damage":9,"enemies":"Shelled Parasite and Fungi","floor":27,"turns":6},{"damage":25,"enemies":"Centurion and Healer","floor":29,"turns":6},{"damage":17,"enemies":"Book of Stabbing","floor":30,"turns":4},{"damage":12,"enemies":"Snake Plant","floor":31,"turns":4},{"damage":50,"enemies":"Champ","floor":33,"turns":11}],"seed_played":"-6031008096461032101","potions_obtained":[{"floor":3,"key":"Fire Potion"},{"floor":7,"key":"BloodPotion"},{"floor":10,"key":"Dexterity Potion"},{"floor":16,"key":"Ancient Potion"},{"floor":18,"key":"LiquidBronze"},{"floor":31,"key":"SmokeBomb"}],"is_trial":false,"path_per_floor":["M","M","M","M","?","R","E","R","T","M","$","?","R","E","R","B",null,"M","$","M","M","M","R","R","?","T","M","R","M","E","M","R","B"],"character_chosen":"IRONCLAD","items_purchased":["Metallicize","Flex","Wild Strike","Dream Catcher","SteroidPotion"],"campfire_rested":4,"item_purchase_floors":[11,11,11,11,19],"current_hp_per_floor":[72,72,68,52,52,52,35,56,56,53,53,53,53,46,46,28,61,46,46,30,20,10,31,52,52,52,49,49,33,22,16,38,0],"gold":201,"neow_bonus":"ONE_RARE_RELIC","is_prod":false,"is_daily":false,"chose_seed":false,"campfire_upgraded":4,"win_rate":0,"timestamp":1558177169,"path_taken":["M","M","M","M","?","R","E","R","T","M","$","?","R","E","R","BOSS","M","$","M","M","M","R","R","?","T","M","R","M","E","M","R","BOSS"],"build_version":"2019-01-23","purchased_purges":1,"victory":false,"max_hp_per_floor":[72,72,72,72,72,72,72,72,72,72,72,72,72,72,72,72,72,72,72,72,72,72,72,72,72,72,72,72,75,75,75,75,75],"card_choices":[{"not_picked":["Sword Boomerang","Twin Strike"],"picked":"Body Slam","floor":1},{"not_picked":["Warcry","Searing Blow"],"picked":"Inflame","floor":2},{"not_picked":["Dark Embrace","Clash"],"picked":"Warcry","floor":3},{"not_picked":["Heavy Blade","Iron Wave"],"picked":"Wild Strike","floor":4},{"not_picked":["Combust","Clothesline"],"picked":"Armaments","floor":7},{"not_picked":["Ghostly Armor","Heavy Blade"],"picked":"Shrug It Off","floor":10},{"not_picked":["Exhume","Burning Pact"],"picked":"True Grit","floor":14},{"not_picked":["Barricade","Fiend Fire"],"picked":"Offering","floor":16},{"not_picked":["Cleave","Flex"],"picked":"Evolve","floor":18},{"not_picked":["Armaments","Perfected Strike"],"picked":"Pommel Strike","floor":20},{"not_picked":["Havoc","Armaments+1"],"picked":"Rampage","floor":21},{"not_picked":["Headbutt","Clash+1"],"picked":"Pommel Strike","floor":22},{"not_picked":["Twin Strike+1","Clash"],"picked":"Power Through","floor":23},{"not_picked":["Warcry","Pommel Strike"],"picked":"Flame Barrier","floor":24},{"not_picked":["Heavy Blade","Clothesline"],"picked":"Sword Boomerang+1","floor":27},{"not_picked":["Feed","Iron Wave"],"picked":"Infernal Blade","floor":29},{"not_picked":["Corruption+1","Cleave"],"picked":"Iron Wave+1","floor":30},{"not_picked":["Thunderclap","Rampage"],"picked":"Dual Wield","floor":31},{"not_picked":["Dual Wield","Iron Wave"],"picked":"Battle Trance","floor":32}],"player_experience":637774,"relics_obtained":[{"floor":7,"key":"Self Forming Clay"},{"floor":9,"key":"Lantern"},{"floor":14,"key":"Omamori"},{"floor":26,"key":"Ancient Tea Set"},{"floor":30,"key":"Singing Bowl"}],"event_choices":[{"damage_healed":0,"gold_gain":76,"player_choice":"Gained Gold","damage_taken":0,"max_hp_gain":0,"max_hp_loss":0,"event_name":"Golden Wing","floor":5,"gold_loss":0},{"damage_healed":0,"gold_gain":0,"player_choice":"Rummage","damage_taken":0,"relics_obtained":["WarpedTongs"],"max_hp_gain":0,"max_hp_loss":0,"event_name":"Accursed Blacksmith","floor":12,"gold_loss":0,"cards_obtained":["Pain"]},{"damage_healed":0,"gold_gain":0,"player_choice":"Inject Mutagens","damage_taken":0,"relics_obtained":["MutagenicStrength"],"max_hp_gain":0,"max_hp_loss":0,"event_name":"Drug Dealer","floor":25,"gold_loss":0}],"is_beta":false,"boss_relics":[{"not_picked":["Tiny House","Black Blood"],"picked":"Pandora\u0027s Box"}],"items_purged_floors":[19],"is_endless":false,"potions_floor_spawned":[3,7,10,16,18,22,29,31],"killed_by":"Champ","ascension_level":6}