{"gold_per_floor":[119,119,136,150,168,168,180,207,207,236,236,206],"floor_reached":12,"playtime":344,"items_purged":[],"score":104,"play_id":"fb0cc15e-04fe-4f3c-b630-9aedf683365b","local_time":"20190425071415","is_ascension_mode":true,"campfire_choices":[{"data":"Body Slam","floor":6,"key":"SMITH"}],"neow_cost":"PERCENT_DAMAGE","seed_source_timestamp":18200472127738,"circlet_count":0,"master_deck":["Strike_R","Strike_R","Strike_R","Strike_R","Strike_R","Defend_R+1","Defend_R","Defend_R","Defend_R+1","Bash","Clothesline","Shrug It Off","Regret","Intimidate","Perfected Strike","Cleave","Spot Weakness","Body Slam+1","Reckless Charge","Wild Strike","Pommel Strike","Cleave","Blood for Blood","Injury"],"relics":["Burning Blood","Prayer Wheel","Smiling Mask","War Paint","Pen Nib","Ornamental Fan","Golden Idol"],"potions_floor_usage":[3,8,12,12],"damage_taken":[{"damage":2,"enemies":"Jaw Worm","floor":1,"turns":3},{"damage":15,"enemies":"2 Louse","floor":3,"turns":3},{"damage":8,"enemies":"Small Slimes","floor":4,"turns":4},{"damage":6,"enemies":"2 Fungi Beasts","floor":5,"turns":4},{"damage":12,"enemies":"3 Louse","floor":7,"turns":2},{"damage":15,"enemies":"Gremlin Nob","floor":8,"turns":3},{"damage":25,"enemies":"3 Sentries","floor":10,"turns":5},{"damage":25,"enemies":"Exordium Thugs","floor":12,"turns":2}],"seed_played":"3511758415591169084","potions_obtained":[{"floor":1,"key":"GamblersBrew"},{"floor":5,"key":"Energy Potion"},{"floor":8,"key":"GamblersBrew"},{"floor":10,"key":"Strength Potion"}],"is_trial":false,"path_per_floor":["M","?","M","M","M","R","M","E","T","E","?","M"],"character_chosen":"IRONCLAD","items_purchased":[],"campfire_rested":0,"item_purchase_floors":[],"current_hp_per_floor":[60,60,51,49,49,49,43,34,34,15,15,0],"gold":206,"neow_bonus":"ONE_RARE_RELIC","is_prod":false,"is_daily":false,"chose_seed":false,"campfire_upgraded":1,"win_rate":0,"timestamp":1556140455,"path_taken":["M","?","M","M","M","R","M","E","T","E","?","M"],"build_version":"2019-01-23","purchased_purges":0,"victory":false,"max_hp_per_floor":[80,80,80,80,80,80,80,80,80,80,80,80],"card_choices":[{"not_picked":["Shockwave","Sentinel"],"picked":"Clothesline","floor":1},{"not_picked":["Iron Wave","Heavy Blade"],"picked":"Shrug It Off","floor":1},{"not_picked":["Battle Trance","Berserk"],"picked":"Intimidate","floor":3},{"not_picked":["Rupture","Clash"],"picked":"Perfected Strike","floor":3},{"not_picked":["Shrug It Off","Iron Wave"],"picked":"Cleave","floor":4},{"not_picked":["Flex","True Grit"],"picked":"Spot Weakness","floor":4},{"not_picked":["Intimidate","Combust"],"picked":"Body Slam","floor":5},{"not_picked":["Dropkick","Havoc"],"picked":"Reckless Charge","floor":5},{"not_picked":["Bloodletting","Pommel Strike"],"picked":"Wild Strike","floor":7},{"not_picked":["Rupture","Flex"],"picked":"Pommel Strike","floor":7},{"not_picked":["True Grit","Brutality"],"picked":"Cleave","floor":8},{"not_picked":["Second Wind","Pummel"],"picked":"Blood for Blood","floor":10}],"player_experience":468185,"relics_obtained":[{"floor":8,"key":"War Paint"},{"floor":9,"key":"Pen Nib"},{"floor":10,"key":"Ornamental Fan"}],"event_choices":[{"damage_healed":0,"gold_gain":0,"player_choice":"Box","damage_taken":0,"relics_obtained":["Smiling Mask"],"max_hp_gain":0,"max_hp_loss":0,"event_name":"Big Fish","floor":2,"gold_loss":0,"cards_obtained":["Regret"]},{"damage_healed":0,"gold_gain":0,"player_choice":"Take Wound","damage_taken":0,"relics_obtained":["Golden Idol"],"max_hp_gain":0,"max_hp_loss":0,"event_name":"Golden Idol","floor":11,"gold_loss":0,"cards_obtained":["Injury"]}],"is_beta":false,"boss_relics":[],"items_purged_floors":[],"is_endless":false,"potions_floor_spawned":[1,5,8,10],"killed_by":"Exordium Thugs","ascension_level":3}