{"gold_per_floor":[119,194,194,194,213,138,148,183,183,193,193,210,210,228,228,302,302,315,315,365,365,365,396,84,84,111,123,150,180,180,209,209,288,288,298,298,298,398,451,451,481,481,505,12,29,29,55,67,67,67],"floor_reached":51,"playtime":2590,"items_purged":["Strike_R","Strike_R+1"],"score":1312,"play_id":"167a3cd2-0f5c-4c60-adc2-9589e0fdcda6","local_time":"20190707210159","is_ascension_mode":true,"campfire_choices":[{"data":"Whirlwind","floor":11,"key":"SMITH"},{"data":"Uppercut","floor":13,"key":"SMITH"},{"data":"Shrug It Off","floor":15,"key":"SMITH"},{"data":"The Bomb","floor":25,"key":"SMITH"},{"data":"Shrug It Off","floor":30,"key":"SMITH"},{"floor":32,"key":"REST"},{"data":"Shockwave","floor":40,"key":"SMITH"},{"floor":42,"key":"REST"},{"data":"Impervious","floor":49,"key":"SMITH"}],"neow_cost":"NONE","seed_source_timestamp":2014121356080500,"circlet_count":0,"master_deck":["AscendersBane","Strike_R+1","Strike_R+1","Strike_R+1","Defend_R+1","Defend_R+1","Defend_R+1","Defend_R+1","Headbutt","Whirlwind+1","Uppercut+1","Shrug It Off+1","Shrug It Off+1","Limit Break","Corruption","Carnage+1","Impervious+1","The Bomb+1","Impervious","Clothesline+1","Shockwave+1","Dark Embrace","Clothesline+1","Uppercut+1"],"relics":["Burning Blood","Orichalcum","Singing Bowl","Question Card","Snecko Eye","MutagenicStrength","Molten Egg 2","Art of War","Ancient Tea Set","Tiny Chest","Lantern","Black Star","Magic Flower","Omamori","Bronze Scales","Pen Nib","Smiling Mask","TheAbacus","Blood Vial","Strawberry","Happy Flower"],"potions_floor_usage":[8,14,16,23,28,31,33,50],"damage_taken":[{"damage":0,"enemies":"Small Slimes","floor":1,"turns":4},{"damage":0,"enemies":"Cultist","floor":5,"turns":3},{"damage":0,"enemies":"Jaw Worm","floor":7,"turns":3},{"damage":26,"enemies":"Lagavulin","floor":8,"turns":6},{"damage":3,"enemies":"2 Fungi Beasts","floor":10,"turns":3},{"damage":6,"enemies":"Looter","floor":12,"turns":4},{"damage":0,"enemies":"Exordium Wildlife","floor":14,"turns":1},{"damage":22,"enemies":"The Guardian","floor":16,"turns":14},{"damage":2,"enemies":"Shell Parasite","floor":18,"turns":5},{"damage":1,"enemies":"Slavers","floor":23,"turns":5},{"damage":0,"enemies":"Chosen","floor":27,"turns":3},{"damage":20,"enemies":"Book of Stabbing","floor":28,"turns":5},{"damage":15,"enemies":"Slavers","floor":31,"turns":5},{"damage":2,"enemies":"Champ","floor":33,"turns":7},{"damage":2,"enemies":"3 Darklings","floor":35,"turns":3},{"damage":2,"enemies":"Mind Bloom Boss Battle","floor":38,"turns":5},{"damage":28,"enemies":"Nemesis","floor":41,"turns":5},{"damage":0,"enemies":"Orb Walker","floor":45,"turns":2},{"damage":7,"enemies":"Reptomancer","floor":47,"turns":2},{"damage":0,"enemies":"3 Darklings","floor":48,"turns":2},{"damage":53,"enemies":"Awakened One","floor":50,"turns":13}],"seed_played":"1228424676937290799","potions_obtained":[{"floor":7,"key":"Fire Potion"},{"floor":12,"key":"Regen Potion"},{"floor":14,"key":"EssenceOfSteel"},{"floor":16,"key":"SkillPotion"},{"floor":18,"key":"SneckoOil"},{"floor":23,"key":"LiquidBronze"},{"floor":28,"key":"PowerPotion"},{"floor":38,"key":"Explosive Potion"},{"floor":41,"key":"SpeedPotion"}],"is_trial":false,"path_per_floor":["M","?","?","?","M","$","M","E","T","M","R","M","R","M","R","B",null,"M","?","?","?","$","E","$","R","T","M","E","T","R","E","R","B",null,"M","?","?","?","T","R","E","R","T","$","M","?","E","M","R","B",null],"character_chosen":"IRONCLAD","items_purchased":["Impervious","The Bomb","TheAbacus","Blood Vial","Uppercut+1"],"campfire_rested":2,"item_purchase_floors":[24,24,44,44,44],"current_hp_per_floor":[74,63,40,40,46,46,52,32,32,35,35,35,35,43,43,27,65,69,69,69,69,69,74,74,74,74,77,63,63,63,54,77,77,77,79,79,79,79,79,79,62,81,81,81,83,85,94,96,96,52],"gold":67,"neow_bonus":"RANDOM_COMMON_RELIC","is_prod":false,"is_daily":false,"chose_seed":false,"campfire_upgraded":7,"win_rate":0,"timestamp":1562500919,"path_taken":["M","?","?","?","M","$","M","E","T","M","R","?","R","M","R","BOSS","M","?","?","?","$","E","$","R","T","M","E","?","R","E","R","BOSS","M","?","?","?","?","R","E","R","T","$","M","?","E","M","R","BOSS"],"build_version":"2019-07-01","purchased_purges":2,"victory":true,"max_hp_per_floor":[75,75,75,75,75,75,75,75,75,75,75,75,75,77,77,77,77,77,77,77,77,77,77,77,77,77,77,77,77,77,77,77,77,77,79,79,79,79,79,79,81,81,81,81,83,85,94,96,96,96],"card_choices":[{"not_picked":["Wild Strike","Entrench"],"picked":"Headbutt","floor":1},{"not_picked":["Blood for Blood","Thunderclap"],"picked":"Whirlwind","floor":5},{"not_picked":["Infernal Blade","Body Slam","Evolve"],"picked":"SKIP","floor":7},{"not_picked":["Infernal Blade","Body Slam","Evolve"],"picked":"SKIP","floor":7},{"not_picked":["Headbutt","Thunderclap"],"picked":"Uppercut","floor":8},{"not_picked":["Anger","Hemokinesis","Armaments"],"picked":"Shrug It Off","floor":10},{"not_picked":["Twin Strike","Pummel","Pommel Strike"],"picked":"Shrug It Off","floor":12},{"not_picked":["True Grit","Body Slam","Cleave","Flex"],"picked":"Singing Bowl","floor":14},{"not_picked":["Berserk","Double Tap","Immolate"],"picked":"Limit Break","floor":16},{"not_picked":["Rage+1","Wild Strike","Thunderclap"],"picked":"Corruption","floor":18},{"not_picked":["Anger","Evolve","Combust+1"],"picked":"Carnage+1","floor":23},{"not_picked":["Pommel Strike+1","Iron Wave+1","Clothesline+1"],"picked":"Impervious","floor":27},{"not_picked":["True Grit","Twin Strike+1","Entrench"],"picked":"Clothesline+1","floor":28},{"not_picked":["Anger+1","Shrug It Off","Disarm"],"picked":"Shockwave","floor":31},{"not_picked":["Limit Break","Feed+1","Bludgeon+1"],"picked":"Dark Embrace","floor":33},{"not_picked":["Body Slam+1","Cleave+1","Armaments+1","Bloodletting"],"picked":"Singing Bowl","floor":35},{"not_picked":["Metallicize","Feel No Pain","Power Through"],"picked":"Clothesline+1","floor":38},{"not_picked":["Warcry","True Grit","Pommel Strike+1","Clothesline+1"],"picked":"Singing Bowl","floor":41},{"not_picked":["Pommel Strike+1","Clothesline+1","Shrug It Off","Rupture+1"],"picked":"Singing Bowl","floor":45},{"not_picked":["Trip","Panache","Flash of Steel+1","Mayhem"],"picked":"Singing Bowl","floor":46},{"not_picked":["Havoc+1","Anger+1","Clash+1","Limit Break"],"picked":"Singing Bowl","floor":47},{"not_picked":["Perfected Strike+1","Body Slam+1","Reckless Charge+1","Shrug It Off"],"picked":"Singing Bowl","floor":48}],"player_experience":1102487,"relics_obtained":[{"floor":8,"key":"Singing Bowl"},{"floor":9,"key":"Question Card"},{"floor":23,"key":"Molten Egg 2"},{"floor":26,"key":"Art of War"},{"floor":28,"key":"Ancient Tea Set"},{"floor":29,"key":"Tiny Chest"},{"floor":31,"key":"Lantern"},{"floor":38,"key":"Magic Flower"},{"floor":39,"key":"Omamori"},{"floor":41,"key":"Bronze Scales"},{"floor":41,"key":"Pen Nib"},{"floor":43,"key":"Smiling Mask"},{"floor":47,"key":"Strawberry"},{"floor":47,"key":"Happy Flower"}],"event_choices":[{"damage_healed":0,"gold_gain":75,"player_choice":"Gather Gold","damage_taken":11,"max_hp_gain":0,"max_hp_loss":0,"event_name":"World of Goop","floor":2,"gold_loss":0},{"damage_healed":0,"gold_gain":0,"player_choice":"Entered Light","damage_taken":23,"max_hp_gain":0,"max_hp_loss":0,"event_name":"Shining Light","floor":3,"gold_loss":0,"cards_upgraded":["Defend_R","Bash"]},{"damage_healed":0,"gold_gain":0,"player_choice":"Upgraded","damage_taken":0,"max_hp_gain":0,"max_hp_loss":0,"event_name":"Upgrade Shrine","floor":4,"gold_loss":0,"cards_upgraded":["Defend_R"]},{"damage_healed":0,"gold_gain":0,"player_choice":"Inject Mutagens","damage_taken":0,"relics_obtained":["MutagenicStrength"],"max_hp_gain":0,"max_hp_loss":0,"event_name":"Drug Dealer","floor":19,"gold_loss":0},{"damage_healed":0,"gold_gain":50,"player_choice":"Stole From Cult","damage_taken":0,"max_hp_gain":0,"max_hp_loss":0,"event_name":"Nest","floor":20,"gold_loss":0},{"damage_healed":0,"gold_gain":0,"player_choice":"Simplicity","damage_taken":0,"max_hp_gain":0,"max_hp_loss":0,"event_name":"Back to Basics","floor":21,"gold_loss":0,"cards_upgraded":["Strike_R","Strike_R","Strike_R","Strike_R","Defend_R","Defend_R"]},{"damage_healed":0,"gold_gain":0,"player_choice":"Ignored","damage_taken":0,"max_hp_gain":0,"max_hp_loss":0,"event_name":"Tomb of Lord Red Mask","floor":36,"gold_loss":0},{"cards_removed":["Bash"],"damage_healed":0,"gold_gain":0,"player_choice":"Removed Attack","damage_taken":0,"max_hp_gain":0,"max_hp_loss":0,"event_name":"Falling","floor":37,"gold_loss":0},{"damage_healed":0,"gold_gain":0,"player_choice":"Fight","damage_taken":0,"max_hp_gain":0,"max_hp_loss":0,"event_name":"MindBloom","floor":38,"gold_loss":0},{"damage_healed":0,"gold_gain":0,"player_choice":"Memory 1","damage_taken":0,"max_hp_gain":0,"max_hp_loss":0,"event_name":"SensoryStone","floor":46,"gold_loss":0}],"is_beta":false,"boss_relics":[{"not_picked":["Coffee Dripper","Runic Cube"],"picked":"Snecko Eye"},{"not_picked":["Tiny House","Black Blood"],"picked":"Black Star"}],"items_purged_floors":[6,44],"is_endless":false,"potions_floor_spawned":[7,12,14,16,18,23,28,38,41,48],"ascension_level":15}