{"gold_per_floor":[119,138,151,171,171,171,70,84,109,109,126,155,165,182,182,286,286,304,319,336,213,230,262,262,262,262,262,177,197,197,217,217,217],"floor_reached":33,"playtime":2151,"items_purged":["Defend_R","Strike_R"],"score":298,"play_id":"0d2167a0-de32-441a-93eb-e8ef761bc527","local_time":"20190709003902","is_ascension_mode":false,"campfire_choices":[{"data":"Searing Blow","floor":6.0,"key":"SMITH"},{"data":"Searing Blow+1","floor":10.0,"key":"SMITH"},{"data":"Searing Blow+2","floor":15.0,"key":"SMITH"},{"data":"Searing Blow+3","floor":24,"key":"SMITH"},{"data":"Searing Blow+4","floor":27,"key":"SMITH"},{"data":"Searing Blow+5","floor":32,"key":"SMITH"}],"neow_cost":"NONE","seed_source_timestamp":0,"circlet_count":0,"master_deck":["Strike_R","Strike_R","Bash","Searing Blow+6","Cleave","Clash","Fire Breathing","Twin Strike","Flex","Fiend Fire","Reckless Charge","Twin Strike","Metallicize","Twin Strike","Double Tap","Entrench+1","Fire Breathing+1","Impervious+1","Pommel Strike","Anger","Carnage","Wild Strike","Flex+1","Seeing Red+1","Seeing Red","Feed"],"special_seed":0,"relics":["Burning Blood","PreservedInsect","Anchor","Astrolabe","Bag of Preparation","Kunai","Nloth\u0027s Gift"],"potions_floor_usage":[19,23,29,33,33],"damage_taken":[{"damage":10.0,"enemies":"Small Slimes","floor":1.0,"turns":5.0},{"damage":1.0,"enemies":"Cultist","floor":2.0,"turns":3.0},{"damage":1.0,"enemies":"2 Louse","floor":3.0,"turns":3.0},{"damage":9.0,"enemies":"2 Fungi Beasts","floor":4.0,"turns":2.0},{"damage":4.0,"enemies":"Gremlin Gang","floor":8.0,"turns":3.0},{"damage":10.0,"enemies":"Looter","floor":11.0,"turns":2.0},{"damage":0.0,"enemies":"Gremlin Nob","floor":12.0,"turns":2.0},{"damage":2.0,"enemies":"Blue Slaver","floor":13.0,"turns":2.0},{"damage":0.0,"enemies":"Large Slime","floor":14.0,"turns":3.0},{"damage":36.0,"enemies":"Slime Boss","floor":16.0,"turns":8.0},{"damage":10,"enemies":"Spheric Guardian","floor":18,"turns":3},{"damage":21,"enemies":"3 Byrds","floor":19,"turns":5},{"damage":27,"enemies":"3 Cultists","floor":20,"turns":4},{"damage":22,"enemies":"Centurion and Healer","floor":22,"turns":4},{"damage":8,"enemies":"Gremlin Leader","floor":23,"turns":2},{"damage":8,"enemies":"Snecko","floor":29,"turns":3},{"damage":7,"enemies":"Sentry and Sphere","floor":31,"turns":4},{"damage":33,"enemies":"Collector","floor":33,"turns":5}],"seed_played":"-6727644200071614408","potions_obtained":[{"floor":2.0,"key":"Fire Potion"},{"floor":4.0,"key":"FearPotion"},{"floor":16.0,"key":"Ancient Potion"},{"floor":22,"key":"Swift Potion"},{"floor":23,"key":"AttackPotion"}],"is_trial":false,"path_per_floor":["M","M","M","M","?","R","$","M","T","R","M","E","M","M","R","B",null,"M","M","M","$","M","E","R","?","T","R","?","M","?","M","R","B"],"character_chosen":"IRONCLAD","items_purchased":["Flex","Wild Strike"],"campfire_rested":0,"item_purchase_floors":[7,21],"current_hp_per_floor":[84,88,88,85,85,85,85,87,87,87,83,88,88,88,88,58,88,84,69,48,48,32,30,30,30,30,30,30,28,28,27,27,0],"gold":217,"neow_bonus":"TEN_PERCENT_HP_BONUS","is_prod":false,"is_daily":false,"chose_seed":false,"campfire_upgraded":6,"win_rate":0.0,"timestamp":1562625542,"path_taken":["M","M","M","M","?","R","$","?","T","R","M","E","M","M","R","BOSS","M","M","M","$","M","E","R","?","T","R","?","M","?","?","R","BOSS"],"build_version":"2019-07-05","purchased_purges":2,"victory":false,"max_hp_per_floor":[88,88,88,88,88,88,88,88,88,88,88,88,88,88,88,88,88,88,88,88,88,88,88,88,88,88,88,88,88,88,88,88,88],"card_choices":[{"not_picked":["Pommel Strike","Headbutt"],"picked":"Searing Blow","floor":1.0},{"not_picked":["Perfected Strike","Flex"],"picked":"Cleave","floor":2.0},{"not_picked":["Wild Strike","Anger"],"picked":"Clash","floor":3.0},{"not_picked":["Uppercut","Blood for Blood"],"picked":"Fire Breathing","floor":4.0},{"not_picked":["Sword Boomerang","Fire Breathing"],"picked":"Fiend Fire","floor":8.0},{"not_picked":["Body Slam","Shockwave"],"picked":"Reckless Charge","floor":11.0},{"not_picked":["Intimidate","Thunderclap"],"picked":"Twin Strike","floor":12.0},{"not_picked":["Body Slam","Pummel"],"picked":"Metallicize","floor":13.0},{"not_picked":["Sword Boomerang","Second Wind"],"picked":"Twin Strike","floor":14.0},{"not_picked":["Brutality","Offering"],"picked":"Double Tap","floor":16.0},{"not_picked":["Warcry","Entrench"],"picked":"Pommel Strike","floor":18},{"not_picked":["Flame Barrier+1","Iron Wave+1"],"picked":"Anger","floor":19},{"not_picked":["Sword Boomerang+1","Hemokinesis+1"],"picked":"Carnage","floor":20},{"not_picked":["Second Wind","Warcry"],"picked":"Flex+1","floor":22},{"not_picked":["Headbutt","Perfected Strike"],"picked":"Seeing Red+1","floor":23},{"not_picked":["Shrug It Off","Wild Strike"],"picked":"Seeing Red","floor":29},{"not_picked":["Blood for Blood+1","Headbutt"],"picked":"Feed","floor":31}],"player_experience":34735,"relics_obtained":[{"floor":9.0,"key":"PreservedInsect"},{"floor":12.0,"key":"Anchor"},{"floor":23,"key":"Bag of Preparation"},{"floor":26,"key":"Mummified Hand"}],"event_choices":[{"damage_healed":0.0,"max_hp_gain":0.0,"max_hp_loss":0.0,"gold_gain":0.0,"cards_transformed":["Defend_R"],"event_name":"Transmorgrifier","player_choice":"Transformed","floor":5.0,"gold_loss":0.0,"damage_taken":0.0,"cards_obtained":["Twin Strike"]},{"cards_removed":["Strike_R"],"damage_healed":0,"gold_gain":0,"player_choice":"Elegance","damage_taken":0,"max_hp_gain":0,"max_hp_loss":0,"event_name":"Back to Basics","floor":25,"gold_loss":0},{"damage_healed":0,"gold_gain":0,"player_choice":"Obtained Relic","damage_taken":0,"relics_obtained":["Kunai"],"max_hp_gain":0,"max_hp_loss":0,"event_name":"Addict","floor":28,"gold_loss":85},{"damage_healed":0,"gold_gain":0,"player_choice":"Traded Relic","damage_taken":0,"relics_obtained":["Nloth\u0027s Gift"],"max_hp_gain":0,"max_hp_loss":0,"event_name":"N\u0027loth","floor":30,"relics_lost":["Mummified Hand"],"gold_loss":0}],"is_beta":false,"boss_relics":[{"not_picked":["Cursed Key","Calling Bell"],"picked":"Astrolabe"}],"items_purged_floors":[7,21],"is_endless":false,"potions_floor_spawned":[2,4,16,22,23],"killed_by":"Collector","ascension_level":0}