{"gold_per_floor":[117,67,78,78,78,78,111,111,135,147,159,189,201,236,248,260],"floor_reached":16,"playtime":433,"items_purged":[],"score":154,"play_id":"0f31a5d3-2849-4c85-bd65-7c6c21bdd8e3","local_time":"20190227224322","is_ascension_mode":true,"campfire_choices":[{"floor":6,"key":"REST"},{"data":"FTL","floor":11,"key":"SMITH"},{"data":"Machine Learning","floor":13,"key":"SMITH"},{"floor":15,"key":"REST"}],"neow_cost":"NONE","seed_source_timestamp":705369208106701,"circlet_count":0,"master_deck":["Strike_B","Strike_B","Strike_B","Defend_B","Defend_B","Defend_B","Defend_B","Zap","Dualcast","FTL+1","Machine Learning+1","Decay"],"relics":["Cracked Core","NeowsBlessing","Golden Idol","Art of War","Smiling Mask","Dodecahedron","MawBank"],"potions_floor_usage":[16],"damage_taken":[{"damage":0,"enemies":"Cultist","floor":1,"turns":1},{"damage":0,"enemies":"Jaw Worm","floor":3,"turns":1},{"damage":0,"enemies":"Gremlin Nob","floor":7,"turns":1},{"damage":16,"enemies":"Small Slimes","floor":12,"turns":3},{"damage":14,"enemies":"Looter","floor":14,"turns":3},{"damage":48,"enemies":"Slime Boss","floor":16,"turns":9}],"seed_played":"-8058070267314711604","potions_obtained":[{"floor":1,"key":"GamblersBrew"},{"floor":3,"key":"Weak Potion"}],"is_trial":false,"path_per_floor":["M","?","M","?","?","R","E","T","T","?","R","M","R","M","R","B"],"character_chosen":"DEFECT","items_purchased":[],"campfire_rested":2,"item_purchase_floors":[],"current_hp_per_floor":[75,75,75,57,50,72,72,72,72,72,72,56,56,42,64,16],"gold":260,"neow_bonus":"THREE_ENEMY_KILL","is_prod":false,"is_daily":false,"chose_seed":false,"campfire_upgraded":2,"win_rate":0,"timestamp":1551329002,"path_taken":["M","?","M","?","?","R","E","?","T","?","R","?","R","M","R","BOSS"],"build_version":"2019-01-23","purchased_purges":0,"victory":false,"max_hp_per_floor":[75,75,75,75,75,75,75,75,75,75,75,75,75,75,75,75],"card_choices":[{"not_picked":["Hologram","Steam"],"picked":"FTL","floor":1},{"not_picked":["Conserve Battery","Steam"],"picked":"Machine Learning","floor":3},{"not_picked":["Beam Cell","Storm","Rebound"],"picked":"SKIP","floor":7},{"not_picked":["Conserve Battery","Turbo","Rip and Tear"],"picked":"SKIP","floor":12},{"not_picked":["Beam Cell","Cold Snap","Barrage"],"picked":"SKIP","floor":14}],"player_experience":446187,"relics_obtained":[{"floor":7,"key":"Smiling Mask"},{"floor":8,"key":"Dodecahedron"},{"floor":9,"key":"MawBank"}],"event_choices":[{"cards_removed":["Strike_B"],"damage_healed":0,"gold_gain":0,"player_choice":"Card Removal","damage_taken":0,"max_hp_gain":0,"max_hp_loss":0,"event_name":"The Cleric","floor":2,"gold_loss":50},{"damage_healed":0,"gold_gain":0,"player_choice":"Take Damage","damage_taken":18,"relics_obtained":["Golden Idol"],"max_hp_gain":0,"max_hp_loss":0,"event_name":"Golden Idol","floor":4,"gold_loss":0},{"damage_healed":0,"gold_gain":0,"player_choice":"Success","damage_taken":7,"relics_obtained":["Art of War"],"max_hp_gain":0,"max_hp_loss":0,"event_name":"Scrap Ooze","floor":5,"gold_loss":0},{"damage_healed":0,"gold_gain":0,"player_choice":"Cursed","damage_taken":0,"max_hp_gain":0,"max_hp_loss":0,"event_name":"Wheel of Change","floor":10,"gold_loss":0,"cards_obtained":["Decay"]}],"is_beta":false,"boss_relics":[],"items_purged_floors":[],"is_endless":false,"potions_floor_spawned":[1,3],"killed_by":"Slime Boss","ascension_level":5}