{"gold_per_floor":[114,114,37,49,49,49,64,64,64,95,95,108,122,133,133,233,233,250,250,260,260,270,270,16,27,50,50,50,50],"floor_reached":29,"playtime":5241,"items_purged":["Defend_R"],"score":250,"play_id":"3a1384c2-1dbf-4839-891b-75925ac0a664","local_time":"20190628151749","is_ascension_mode":false,"campfire_choices":[{"floor":6,"key":"REST"},{"data":"Defend_R","floor":8,"key":"SMITH"},{"floor":15,"key":"REST"},{"floor":23,"key":"REST"},{"floor":28,"key":"REST"}],"neow_cost":"","seed_source_timestamp":9053598560900,"circlet_count":0,"master_deck":["Strike_R","Strike_R","Defend_R","Defend_R","Defend_R+1","Bash","Pommel Strike","Pommel Strike","Clothesline","Whirlwind","Pommel Strike","Clothesline","True Grit","Parasite","Iron Wave","Cleave","Armaments","Blood for Blood","Impervious","Searing Blow+1","Pommel Strike+1","Inflame+1","Twin Strike","Armaments","Sword Boomerang","Seeing Red+1","Thinking Ahead","Blood for Blood","Cleave"],"relics":["Burning Blood","Dream Catcher","Oddly Smooth Stone","Dodecahedron","Astrolabe","MutagenicStrength","Juzu Bracelet"],"potions_floor_usage":[16,16,16,29],"damage_taken":[{"damage":0,"enemies":"2 Louse","floor":1,"turns":3},{"damage":5,"enemies":"Small Slimes","floor":4,"turns":4},{"damage":1,"enemies":"Jaw Worm","floor":7,"turns":3},{"damage":33,"enemies":"3 Sentries","floor":10,"turns":7},{"damage":12,"enemies":"Large Slime","floor":12,"turns":8},{"damage":3,"enemies":"Exordium Thugs","floor":13,"turns":4},{"damage":14,"enemies":"3 Louse","floor":14,"turns":3},{"damage":57,"enemies":"The Guardian","floor":16,"turns":12},{"damage":24,"enemies":"Chosen","floor":18,"turns":6},{"damage":10,"enemies":"Shell Parasite","floor":20,"turns":6},{"damage":48,"enemies":"Cultist and Chosen","floor":22,"turns":11},{"damage":19,"enemies":"Snake Plant","floor":25,"turns":4},{"damage":43,"enemies":"Book of Stabbing","floor":29,"turns":6}],"seed_played":"-270377276700746241","potions_obtained":[{"floor":4,"key":"Regen Potion"},{"floor":10,"key":"Swift Potion"},{"floor":13,"key":"Energy Potion"},{"floor":25,"key":"Poison Potion"}],"is_trial":false,"path_per_floor":["M","?","$","M","?","R","M","R","T","E","?","M","M","M","R","B",null,"M","?","M","?","M","R","$","M","T","?","R","E"],"character_chosen":"IRONCLAD","items_purchased":["Pommel Strike","Clothesline","Thinking Ahead"],"campfire_rested":4,"item_purchase_floors":[3,3,24],"current_hp_per_floor":[80,80,80,80,47,71,76,76,76,49,69,63,66,58,80,38,80,62,62,58,58,16,40,40,27,27,18,42,0],"gold":50,"neow_bonus":"","is_prod":false,"is_daily":false,"chose_seed":false,"campfire_upgraded":1,"win_rate":0.0,"timestamp":1561724269,"path_taken":["M","?","$","M","?","R","M","R","T","E","?","M","M","M","R","BOSS","M","?","M","?","M","R","$","M","T","?","R","E"],"build_version":"2019-01-23","purchased_purges":1,"victory":false,"max_hp_per_floor":[80,80,80,80,80,80,80,80,80,80,80,80,80,80,80,80,80,80,80,80,80,80,80,80,80,80,80,80,80],"card_choices":[{"not_picked":["Clash","Body Slam"],"picked":"Pommel Strike","floor":1},{"not_picked":["Headbutt","Pommel Strike"],"picked":"Whirlwind","floor":4},{"not_picked":["Entrench","Iron Wave"],"picked":"Pommel Strike","floor":6},{"not_picked":["Double Tap","Sword Boomerang"],"picked":"Clothesline","floor":7},{"not_picked":["Sword Boomerang","Clash"],"picked":"True Grit","floor":10},{"not_picked":["Entrench","Clothesline"],"picked":"Iron Wave","floor":12},{"not_picked":["Rage","Flex"],"picked":"Cleave","floor":13},{"not_picked":["Perfected Strike","Rage"],"picked":"Armaments","floor":14},{"not_picked":["Warcry","Carnage"],"picked":"Blood for Blood","floor":15},{"not_picked":["Berserk","Demon Form"],"picked":"Impervious","floor":16},{"not_picked":["Sword Boomerang","Shockwave"],"picked":"Twin Strike","floor":18},{"not_picked":["Body Slam","Thunderclap"],"picked":"Armaments","floor":20},{"not_picked":["Perfected Strike+1","Corruption"],"picked":"Sword Boomerang","floor":22},{"not_picked":["Shrug It Off","Iron Wave"],"picked":"Seeing Red+1","floor":23},{"not_picked":["Shrug It Off","Cleave"],"picked":"Blood for Blood","floor":25},{"not_picked":["Combust","Body Slam"],"picked":"Cleave","floor":28}],"player_experience":0,"relics_obtained":[{"floor":9,"key":"Oddly Smooth Stone"},{"floor":10,"key":"Dodecahedron"},{"floor":26,"key":"Juzu Bracelet"}],"event_choices":[{"damage_healed":0,"gold_gain":0,"player_choice":"Ignored","damage_taken":0,"max_hp_gain":0,"max_hp_loss":0,"event_name":"Liars Game","floor":2,"gold_loss":0},{"damage_healed":0,"gold_gain":0,"player_choice":"Success","damage_taken":33,"relics_obtained":["Dream Catcher"],"max_hp_gain":0,"max_hp_loss":0,"event_name":"Scrap Ooze","floor":5,"gold_loss":0},{"damage_healed":20,"gold_gain":0,"player_choice":"Healed and dodged fight","damage_taken":0,"max_hp_gain":0,"max_hp_loss":0,"event_name":"Mushrooms","floor":11,"gold_loss":0,"cards_obtained":["Parasite"]},{"damage_healed":0,"gold_gain":0,"player_choice":"Ignored","damage_taken":0,"max_hp_gain":0,"max_hp_loss":0,"event_name":"Vampires","floor":19,"gold_loss":0},{"damage_healed":0,"gold_gain":0,"player_choice":"Inject Mutagens","damage_taken":0,"relics_obtained":["MutagenicStrength"],"max_hp_gain":0,"max_hp_loss":0,"event_name":"Drug Dealer","floor":21,"gold_loss":0},{"damage_healed":0,"gold_gain":0,"player_choice":"Stopped","damage_taken":9,"max_hp_gain":0,"max_hp_loss":0,"event_name":"Cursed Tome","floor":27,"gold_loss":0}],"is_beta":false,"boss_relics":[{"not_picked":["Mark of Pain","Busted Crown"],"picked":"Astrolabe"}],"items_purged_floors":[24],"is_endless":false,"potions_floor_spawned":[4,10,13,14,25],"killed_by":"Book of Stabbing","ascension_level":0}