{"gold_per_floor":[109,109,284,17,28,60,71,71,152,152,152,169,169,23,23,124,124,138,78,78,7,24,24,24],"floor_reached":24,"playtime":1154,"items_purged":["Doubt","Regret"],"score":242,"play_id":"f2d6a9bf-ccae-43db-bf0e-dda502957a25","local_time":"20190108032653","is_ascension_mode":false,"campfire_choices":[{"data":"Hello World","floor":8,"key":"SMITH"},{"data":"Genetic Algorithm","floor":13,"key":"SMITH"},{"data":"Hologram","floor":15,"key":"SMITH"},{"data":"Loop","floor":23,"key":"SMITH"}],"neow_cost":"NONE","seed_source_timestamp":1090123895351222,"circlet_count":0,"master_deck":["Strike_B","Strike_B","Strike_B","Defend_B","Defend_B","Defend_B","Defend_B","Zap","Dualcast","Genetic Algorithm+1","Hello World+1","Capacitor","Cold Snap","Barrage","Parasite","Hologram+1","Conserve Battery","Multi-Cast","Parasite","Shame","Doubt","Creative AI","Darkness+1","Loop+1","Redo+1"],"relics":["Cracked Core","Lantern","Strawberry","Sundial","Incense Burner","Pen Nib","Toxic Egg 2","Thread and Needle","Nloth\u0027s Gift"],"potions_floor_usage":[6],"damage_taken":[{"damage":1,"enemies":"2 Louse","floor":1,"turns":2},{"damage":4,"enemies":"Small Slimes","floor":5,"turns":3},{"damage":25,"enemies":"Gremlin Nob","floor":6,"turns":4},{"damage":6,"enemies":"Jaw Worm","floor":7,"turns":2},{"damage":11,"enemies":"Red Slaver","floor":12,"turns":3},{"damage":0,"enemies":"Slime Boss","floor":16,"turns":11},{"damage":11,"enemies":"Chosen","floor":18,"turns":8},{"damage":0,"enemies":"2 Thieves","floor":19,"turns":4},{"damage":39,"enemies":"Snake Plant","floor":22,"turns":7},{"damage":50,"enemies":"Gremlin Leader","floor":24,"turns":7}],"seed_played":"-5479198713912042757","potions_obtained":[{"floor":1,"key":"Strength Potion"},{"floor":6,"key":"AttackPotion"},{"floor":7,"key":"Poison Potion"},{"floor":18,"key":"SkillPotion"}],"is_trial":false,"path_per_floor":["M","?","?","$","M","E","M","R","T","?","?","M","R","$","R","B",null,"M","M","?","$","M","R","E"],"character_chosen":"DEFECT","items_purchased":["Lantern","Hello World","Conserve Battery","Loop"],"campfire_rested":0,"item_purchase_floors":[4,4,14,21],"current_hp_per_floor":[81,74,74,74,70,52,46,46,46,68,68,57,57,57,57,57,89,78,78,78,78,39,39,0],"gold":24,"neow_bonus":"TEN_PERCENT_HP_BONUS","is_prod":false,"is_daily":false,"chose_seed":false,"campfire_upgraded":4,"win_rate":0.0,"timestamp":1546936013,"path_taken":["M","?","?","$","M","E","M","R","T","?","?","?","R","?","R","BOSS","M","M","?","?","M","R","E"],"build_version":"2019-01-03v4","purchased_purges":2,"victory":false,"max_hp_per_floor":[82,82,82,82,82,89,89,89,89,89,89,89,89,89,89,89,89,89,89,89,89,89,89,89],"card_choices":[{"not_picked":["Compile Driver","Go for the Eyes"],"picked":"Genetic Algorithm","floor":1},{"not_picked":["Go for the Eyes","Steam"],"picked":"Capacitor","floor":5},{"not_picked":["Conserve Battery","Go for the Eyes"],"picked":"Cold Snap","floor":6},{"not_picked":["Sweeping Beam","Redo"],"picked":"Barrage","floor":7},{"not_picked":["Gash","Self Repair"],"picked":"Hologram","floor":12},{"not_picked":["Amplify","Creative AI"],"picked":"Multi-Cast","floor":16},{"not_picked":["Compile Driver","Cold Snap+1"],"picked":"Creative AI","floor":18},{"not_picked":["Coolheaded+1","Ball Lightning"],"picked":"Darkness+1","floor":19},{"not_picked":["Compile Driver","Steam+1"],"picked":"Redo+1","floor":22}],"player_experience":14418,"relics_obtained":[{"floor":6,"key":"Strawberry"},{"floor":9,"key":"Sundial"},{"floor":17,"key":"Pen Nib"},{"floor":17,"key":"Toxic Egg 2"},{"floor":17,"key":"Thread and Needle"}],"event_choices":[{"cards_removed":["Strike_B"],"damage_healed":0,"gold_gain":0,"player_choice":"Card Removal","damage_taken":7,"max_hp_gain":0,"max_hp_loss":0,"event_name":"Golden Wing","floor":2,"gold_loss":0},{"damage_healed":0,"gold_gain":175,"player_choice":"AGREE","damage_taken":0,"max_hp_gain":0,"max_hp_loss":0,"event_name":"Liars Game","floor":3,"gold_loss":0,"cards_obtained":["Doubt"]},{"damage_healed":22,"gold_gain":0,"player_choice":"Healed and dodged fight","damage_taken":0,"max_hp_gain":0,"max_hp_loss":0,"event_name":"Mushrooms","floor":10,"gold_loss":0,"cards_obtained":["Parasite"]},{"damage_healed":0,"gold_gain":0,"player_choice":"Box","damage_taken":0,"relics_obtained":["Incense Burner"],"max_hp_gain":0,"max_hp_loss":0,"event_name":"Big Fish","floor":11,"gold_loss":0,"cards_obtained":["Regret"]},{"damage_healed":0,"gold_gain":0,"player_choice":"Traded Relic","damage_taken":0,"relics_obtained":["Nloth\u0027s Gift"],"max_hp_gain":0,"max_hp_loss":0,"event_name":"N\u0027loth","floor":20,"relics_lost":["Calling Bell"],"gold_loss":0}],"is_beta":false,"boss_relics":[{"not_picked":["Philosopher\u0027s Stone","Empty Cage"],"picked":"Calling Bell"}],"items_purged_floors":[4,14],"is_endless":false,"potions_floor_spawned":[1,6,7,18,22],"killed_by":"Gremlin Leader","ascension_level":0}