{"gold_per_floor":[118,293,293,307,307,307,326,326,326,326,326,38,13,38,38,159,159,179,359,379,17,17,17,55,55,123,123,147,147,6,26,26,26],"floor_reached":33,"playtime":1341,"items_purged":["Regret"],"score":314,"play_id":"00fed14e-ee5a-45c5-bd8b-f1158a940001","local_time":"20190519130851","is_ascension_mode":true,"campfire_choices":[{"data":"Neutralize","floor":6,"key":"SMITH"},{"data":"Cloak And Dagger","floor":10,"key":"SMITH"},{"data":"Infinite Blades","floor":15,"key":"SMITH"},{"floor":23,"key":"REST"},{"floor":25,"key":"REST"},{"data":"Adrenaline","floor":27,"key":"SMITH"},{"data":"Cloak And Dagger","floor":29,"key":"SMITH"},{"floor":32,"key":"REST"}],"neow_cost":"CURSE","seed_source_timestamp":3695498170773,"circlet_count":0,"master_deck":["Defend_G","Defend_G","Defend_G","Defend_G","Defend_G","Strike_G","Strike_G","Strike_G","Strike_G","Strike_G","Survivor","Neutralize+1","Tools of the Trade","Cloak And Dagger+1","Doubt","Well Laid Plans","Flying Knee+1","Injury","Infinite Blades+1","Dagger Spray+1","Dagger Throw+1","Acrobatics","Underhanded Strike+1","Adrenaline+1","Deflect+1","Flechettes+1","Sucker Punch+1","Cloak And Dagger","Footwork","Shame","Cloak And Dagger+1","Underhanded Strike+1","Good Instincts","Dash+1"],"relics":["Ring of the Snake","Molten Egg 2","Golden Idol","Ornamental Fan","Bottled Flame","Cursed Key","Calipers","Bottled Tornado","Darkstone Periapt"],"potions_floor_usage":[16,33,33],"damage_taken":[{"damage":8,"enemies":"Jaw Worm","floor":1,"turns":9},{"damage":7,"enemies":"Small Slimes","floor":4,"turns":5},{"damage":6,"enemies":"2 Louse","floor":7,"turns":3},{"damage":0,"enemies":"Large Slime","floor":14,"turns":4},{"damage":24,"enemies":"Slime Boss","floor":16,"turns":9},{"damage":3,"enemies":"Chosen","floor":18,"turns":5},{"damage":14,"enemies":"Spheric Guardian","floor":20,"turns":4},{"damage":6,"enemies":"Book of Stabbing","floor":24,"turns":6},{"damage":23,"enemies":"Snake Plant","floor":28,"turns":6},{"damage":10,"enemies":"3 Cultists","floor":31,"turns":6},{"damage":46,"enemies":"Collector","floor":33,"turns":7}],"seed_played":"-2880772681830397681","potions_obtained":[{"floor":1,"key":"Dexterity Potion"},{"floor":18,"key":"Ancient Potion"},{"floor":24,"key":"SpeedPotion"},{"floor":31,"key":"Energy Potion"}],"is_trial":false,"path_per_floor":["M","?","?","M","?","R","M","?","T","R","T","$","$","M","R","B",null,"M","?","M","$","?","R","E","R","T","R","M","R","$","M","R","B"],"character_chosen":"THE_SILENT","items_purchased":["Infinite Blades","Dagger Spray+1","Dagger Throw+1","Ancient Potion","Acrobatics","Calipers","Sucker Punch+1","Cloak And Dagger","Underhanded Strike+1","Good Instincts"],"campfire_rested":3,"item_purchase_floors":[12,12,12,12,13,21,21,21,30,30],"current_hp_per_floor":[62,62,62,55,55,55,49,49,49,49,49,49,49,49,49,25,59,56,35,21,21,21,42,36,57,57,57,34,34,34,24,45,0],"gold":26,"neow_bonus":"THREE_RARE_CARDS","is_prod":false,"is_daily":false,"chose_seed":false,"campfire_upgraded":5,"win_rate":0,"timestamp":1558235331,"path_taken":["M","?","?","M","?","R","M","?","T","R","?","?","$","M","R","BOSS","M","?","?","$","?","R","E","R","T","R","M","R","$","M","R","BOSS"],"build_version":"2019-01-23","purchased_purges":1,"victory":false,"max_hp_per_floor":[70,70,70,70,70,70,70,70,70,70,70,70,70,70,70,70,70,70,70,70,70,70,70,70,70,70,70,70,70,70,70,70,70],"card_choices":[{"not_picked":["Bullet Time","Doppelganger"],"picked":"Tools of the Trade","floor":0},{"not_picked":["Bane","Deflect"],"picked":"Cloak And Dagger","floor":1},{"not_picked":["Cloak And Dagger","Reflex"],"picked":"Well Laid Plans","floor":4},{"not_picked":["Flechettes+1","Prepared"],"picked":"Flying Knee+1","floor":7},{"not_picked":["Flechettes+1","Dodge and Roll"],"picked":"Underhanded Strike+1","floor":14},{"not_picked":["Die Die Die+1","Corpse Explosion"],"picked":"Adrenaline","floor":16},{"not_picked":["Infinite Blades","Dagger Spray+1"],"picked":"Deflect+1","floor":18},{"not_picked":["PiercingWail","Setup"],"picked":"Flechettes+1","floor":20},{"not_picked":["Deadly Poison","Storm of Steel"],"picked":"Footwork","floor":24},{"not_picked":["Acrobatics","Dodge and Roll"],"picked":"Cloak And Dagger","floor":28},{"not_picked":["Dagger Spray+1","Blade Dance+1"],"picked":"Dash+1","floor":31}],"player_experience":645240,"relics_obtained":[{"floor":9,"key":"Ornamental Fan"},{"floor":11,"key":"Bottled Flame"},{"floor":24,"key":"Bottled Tornado"},{"floor":26,"key":"Darkstone Periapt"}],"event_choices":[{"damage_healed":0,"gold_gain":175,"player_choice":"AGREE","damage_taken":0,"max_hp_gain":0,"max_hp_loss":0,"event_name":"Liars Game","floor":2,"gold_loss":0,"cards_obtained":["Doubt"]},{"cards_removed":["Normality"],"damage_healed":0,"gold_gain":0,"player_choice":"Forget","damage_taken":0,"max_hp_gain":0,"max_hp_loss":0,"event_name":"Living Wall","floor":3,"gold_loss":0},{"damage_healed":0,"gold_gain":0,"player_choice":"Box","damage_taken":0,"relics_obtained":["Molten Egg 2"],"max_hp_gain":0,"max_hp_loss":0,"event_name":"Big Fish","floor":5,"gold_loss":0,"cards_obtained":["Regret"]},{"damage_healed":0,"gold_gain":0,"player_choice":"Take Wound","damage_taken":0,"relics_obtained":["Golden Idol"],"max_hp_gain":0,"max_hp_loss":0,"event_name":"Golden Idol","floor":8,"gold_loss":0,"cards_obtained":["Injury"]},{"damage_healed":0,"gold_gain":180,"player_choice":"GOLD GOLD ","damage_taken":21,"max_hp_gain":0,"max_hp_loss":0,"event_name":"Knowing Skull","floor":19,"potions_obtained":[],"gold_loss":0,"cards_obtained":[]},{"damage_healed":0,"gold_gain":0,"player_choice":"Ignored","damage_taken":0,"max_hp_gain":0,"max_hp_loss":0,"event_name":"Ghosts","floor":22,"gold_loss":0}],"is_beta":false,"boss_relics":[{"not_picked":["Coffee Dripper","Calling Bell"],"picked":"Cursed Key"}],"items_purged_floors":[12],"is_endless":false,"potions_floor_spawned":[1,18,24,31],"killed_by":"Collector","ascension_level":5}