{"gold_per_floor":[99,99,49,49,49,49,49,1,1,1,1,1,1,1,1,1,1,1,1,1,1,1,1,1,1,1,1,1,1,1,1,1,1,1,1,0,0,0,0,0],"floor_reached":40,"playtime":1364,"items_purged":[],"score":412,"play_id":"ddb59183-6cd4-49a6-8ef0-eed008a0a5b3","local_time":"20190328185435","is_ascension_mode":false,"campfire_choices":[{"data":"Inflame","floor":7,"key":"SMITH"},{"floor":15,"key":"REST"},{"floor":23,"key":"REST"},{"floor":25,"key":"RECALL"},{"data":"Demon Form","floor":32,"key":"SMITH"}],"neow_cost":"NONE","seed_source_timestamp":16972352028006,"circlet_count":0,"master_deck":["Strike_R","Strike_R","Strike_R","Strike_R","Strike_R","Defend_R","Defend_R","Defend_R","Bash","Pommel Strike","Metallicize+1","Bloodletting","Inflame+1","Shrug It Off","Armaments","Rage","Perfected Strike","Clash","Demon Form+1","Seeing Red","Perfected Strike+1","Metallicize","RitualDagger+1","Burning Pact+1","Cleave+1","Barricade","Heavy Blade+1","Writhe","Armaments+1"],"relics":["Ectoplasm","Du-Vu Doll","Incense Burner","Lantern","Tiny Chest","Eternal Feather","Juzu Bracelet","Molten Egg 2","Pen Nib","Runic Cube","Red Mask"],"potions_floor_usage":[11,16,16,16,18,18,24,24,31,33],"damage_taken":[{"damage":0,"enemies":"2 Louse","floor":1,"turns":4},{"damage":1,"enemies":"Jaw Worm","floor":2,"turns":3},{"damage":0,"enemies":"Cultist","floor":4,"turns":3},{"damage":8,"enemies":"Gremlin Nob","floor":6,"turns":4},{"damage":10,"enemies":"3 Sentries","floor":10,"turns":7},{"damage":6,"enemies":"Lagavulin","floor":11,"turns":5},{"damage":3,"enemies":"2 Fungi Beasts","floor":13,"turns":3},{"damage":0,"enemies":"Red Slaver","floor":14,"turns":4},{"damage":41,"enemies":"Hexaghost","floor":16,"turns":8},{"damage":12,"enemies":"Shell Parasite","floor":18,"turns":5},{"damage":22,"enemies":"Spheric Guardian","floor":20,"turns":4},{"damage":30,"enemies":"Gremlin Leader","floor":24,"turns":5},{"damage":4,"enemies":"Centurion and Healer","floor":30,"turns":6},{"damage":9,"enemies":"3 Cultists","floor":31,"turns":5},{"damage":58,"enemies":"Automaton","floor":33,"turns":8},{"damage":15,"enemies":"3 Shapes","floor":35,"turns":5},{"damage":14,"enemies":"Orb Walker","floor":38,"turns":3},{"damage":82,"enemies":"Reptomancer","floor":40,"turns":6}],"seed_played":"1430832426883806427","potions_obtained":[{"floor":6,"key":"SkillPotion"},{"floor":11,"key":"SpeedPotion"},{"floor":13,"key":"Swift Potion"},{"floor":14,"key":"AttackPotion"},{"floor":16,"key":"EntropicBrew"},{"floor":20,"key":"PowerPotion"},{"floor":22,"key":"Ancient Potion"},{"floor":24,"key":"Strength Potion"}],"is_trial":false,"path_per_floor":["M","M","?","M","?","E","R","$","T","?","E","$","M","M","R","B",null,"M","?","M","?","?","R","E","R","T","?","?","?","M","M","R","B",null,"M","?","?","M","$","E"],"character_chosen":"IRONCLAD","items_purchased":["Shrug It Off"],"campfire_rested":2,"item_purchase_floors":[8],"current_hp_per_floor":[80,79,79,79,79,71,71,71,71,61,55,55,52,52,76,35,80,68,68,46,46,46,80,50,62,62,62,80,74,70,61,76,18,80,65,65,80,66,66,0],"gold":0,"neow_bonus":"BOSS_RELIC","is_prod":false,"is_daily":false,"chose_seed":false,"campfire_upgraded":2,"win_rate":0,"timestamp":1553763275,"path_taken":["M","M","?","M","?","E","R","?","T","?","E","$","M","M","R","BOSS","M","?","M","?","?","R","E","R","T","?","?","?","M","M","R","BOSS","M","?","?","M","?","E"],"build_version":"2019-01-23","purchased_purges":0,"victory":false,"max_hp_per_floor":[80,80,80,80,80,80,80,80,80,80,80,80,80,80,80,80,80,80,80,80,80,80,80,80,80,80,80,80,80,80,80,80,80,80,80,80,80,80,80,80],"card_choices":[{"not_picked":["Armaments","Body Slam"],"picked":"Pommel Strike","floor":1},{"not_picked":["Clothesline","Havoc"],"picked":"Metallicize","floor":2},{"not_picked":["True Grit","Havoc"],"picked":"Bloodletting","floor":4},{"not_picked":["Bludgeon","Heavy Blade"],"picked":"Inflame","floor":6},{"not_picked":["Warcry","Fire Breathing"],"picked":"Armaments","floor":10},{"not_picked":["Dark Embrace","Reckless Charge"],"picked":"Rage","floor":11},{"not_picked":["Evolve","Disarm"],"picked":"Perfected Strike","floor":13},{"not_picked":["Anger","Heavy Blade"],"picked":"Clash","floor":14},{"not_picked":["Bludgeon","Brutality"],"picked":"Demon Form","floor":16},{"not_picked":["Flex","Whirlwind"],"picked":"Seeing Red","floor":18},{"not_picked":["Armaments","Flex"],"picked":"Perfected Strike+1","floor":20},{"not_picked":["Pommel Strike","Battle Trance"],"picked":"Metallicize","floor":24},{"not_picked":["Corruption","Hemokinesis+1"],"picked":"Burning Pact+1","floor":30},{"not_picked":["Headbutt+1","Seeing Red"],"picked":"Cleave+1","floor":31},{"not_picked":["Limit Break","Bludgeon+1"],"picked":"Barricade","floor":33},{"not_picked":["Cleave+1","Clothesline+1"],"picked":"Heavy Blade+1","floor":35},{"not_picked":["Heavy Blade+1","Havoc"],"picked":"Armaments+1","floor":38}],"player_experience":241591,"relics_obtained":[{"floor":6,"key":"Du-Vu Doll"},{"floor":9,"key":"Incense Burner"},{"floor":10,"key":"Lantern"},{"floor":11,"key":"Tiny Chest"},{"floor":24,"key":"Molten Egg 2"},{"floor":26,"key":"Pen Nib"}],"event_choices":[{"cards_removed":["Defend_R"],"damage_healed":0,"gold_gain":0,"player_choice":"Card Removal","damage_taken":0,"max_hp_gain":0,"max_hp_loss":0,"event_name":"The Cleric","floor":3,"gold_loss":50},{"damage_healed":0,"gold_gain":0,"player_choice":"Grow","damage_taken":0,"max_hp_gain":0,"max_hp_loss":0,"event_name":"Living Wall","floor":5,"gold_loss":0,"cards_upgraded":["Metallicize"]},{"damage_healed":0,"gold_gain":0,"player_choice":"Searched \u00272\u0027 times","damage_taken":0,"max_hp_gain":0,"max_hp_loss":0,"event_name":"Dead Adventurer","floor":10,"gold_loss":0},{"damage_healed":0,"gold_gain":0,"player_choice":"Gave Potion","damage_taken":0,"relics_obtained":["Juzu Bracelet"],"max_hp_gain":0,"max_hp_loss":0,"event_name":"WeMeetAgain","floor":19,"gold_loss":0},{"damage_healed":0,"gold_gain":0,"player_choice":"Ignored","damage_taken":0,"max_hp_gain":0,"max_hp_loss":0,"event_name":"Beggar","floor":21,"gold_loss":0},{"damage_healed":0,"gold_gain":0,"player_choice":"Got Potions","damage_taken":0,"max_hp_gain":0,"max_hp_loss":0,"event_name":"Lab","floor":22,"gold_loss":0},{"damage_healed":0,"gold_gain":0,"player_choice":"Ignored","damage_taken":0,"max_hp_gain":0,"max_hp_loss":0,"event_name":"Vampires","floor":27,"gold_loss":0},{"damage_healed":18,"gold_gain":0,"player_choice":"Full Heal","damage_taken":0,"max_hp_gain":0,"max_hp_loss":0,"event_name":"Wheel of Change","floor":28,"gold_loss":0},{"damage_healed":0,"gold_gain":0,"player_choice":"Joined the Cult","damage_taken":6,"max_hp_gain":0,"max_hp_loss":0,"event_name":"Nest","floor":29,"gold_loss":0,"cards_obtained":["RitualDagger"]},{"damage_healed":0,"gold_gain":0,"player_choice":"Paid","damage_taken":0,"relics_obtained":["Red Mask"],"max_hp_gain":0,"max_hp_loss":0,"event_name":"Tomb of Lord Red Mask","floor":36,"gold_loss":1},{"damage_healed":20,"gold_gain":0,"player_choice":"Writhe","damage_taken":0,"max_hp_gain":0,"max_hp_loss":0,"event_name":"Winding Halls","floor":37,"gold_loss":0,"cards_obtained":["Writhe"]}],"is_beta":false,"boss_relics":[{"not_picked":["Calling Bell","Philosopher\u0027s Stone"],"picked":"Eternal Feather"},{"not_picked":["Coffee Dripper","Empty Cage"],"picked":"Runic Cube"}],"items_purged_floors":[],"is_endless":false,"potions_floor_spawned":[6,11,13,14,16,20,24],"killed_by":"Reptomancer","ascension_level":0}