{"gold_per_floor":[111,111,122,122,145,145,70,86,86,86,86,119,119,138,138,138],"floor_reached":16,"playtime":1414,"items_purged":["Strike_B"],"score":137,"play_id":"67494fb5-fa05-40db-bd2f-e9c6e443039a","local_time":"20190316091740","is_ascension_mode":true,"campfire_choices":[{"data":"Defend_B","floor":6,"key":"SMITH"},{"floor":15,"key":"REST"}],"neow_cost":"NONE","seed_source_timestamp":290545803244197,"circlet_count":0,"master_deck":["Strike_B","Defend_B+1","Defend_B","Defend_B","Defend_B","Zap","Dualcast","Gash+1","Glacier","BootSequence"],"special_seed":0,"relics":["Empty Cage","Molten Egg 2","Art of War","Prayer Wheel","Golden Idol","Anchor"],"potions_floor_usage":[],"damage_taken":[{"damage":1.0,"enemies":"Cultist","floor":1.0,"turns":4.0},{"damage":4.0,"enemies":"2 Louse","floor":3.0,"turns":2.0},{"damage":2,"enemies":"Jaw Worm","floor":8,"turns":4},{"damage":45,"enemies":"3 Sentries","floor":12,"turns":11},{"damage":3,"enemies":"Lots of Slimes","floor":14,"turns":6},{"damage":45,"enemies":"Hexaghost","floor":16,"turns":16}],"seed_played":"4874644767985258775","potions_obtained":[{"floor":8,"key":"SteroidPotion"},{"floor":12,"key":"FearPotion"},{"floor":13,"key":"Weak Potion"}],"is_trial":false,"path_per_floor":["M","T","M","?","T","R","$","M","T","$","?","E","?","M","R","B"],"character_chosen":"DEFECT","items_purchased":[],"campfire_rested":1,"item_purchase_floors":[],"current_hp_per_floor":[67,67,63,68,68,68,68,66,66,66,66,21,21,18,40,0],"gold":138,"neow_bonus":"BOSS_RELIC","is_prod":false,"is_daily":false,"chose_seed":false,"campfire_upgraded":1,"win_rate":0,"timestamp":1552745860,"path_taken":["M","?","M","?","?","R","$","?","T","$","?","E","?","M","R","BOSS"],"build_version":"2019-01-23","purchased_purges":1,"victory":false,"max_hp_per_floor":[75,75,75,80,80,80,80,80,80,80,74,74,74,74,74,74],"card_choices":[{"not_picked":["Beam Cell","Coolheaded","Static Discharge"],"picked":"SKIP","floor":1.0},{"not_picked":["Steam Power","Steam"],"picked":"Gash+1","floor":3.0},{"not_picked":["Recycle","Stack","Barrage+1"],"picked":"SKIP","floor":8},{"not_picked":["Genetic Algorithm","Heatsinks"],"picked":"Glacier","floor":12},{"not_picked":["Compile Driver+1","Rip and Tear+1"],"picked":"BootSequence","floor":14},{"not_picked":["Steam","BootSequence","Tempest"],"picked":"SKIP","floor":14}],"player_experience":474757,"relics_obtained":[{"floor":2.0,"key":"Molten Egg 2"},{"floor":5,"key":"Art of War"},{"floor":9,"key":"Prayer Wheel"},{"floor":12,"key":"Anchor"}],"event_choices":[{"damage_healed":0,"gold_gain":0,"player_choice":"Donut","damage_taken":0,"max_hp_gain":5,"max_hp_loss":0,"event_name":"Big Fish","floor":4,"gold_loss":0},{"damage_healed":0,"gold_gain":0,"player_choice":"Lose Max HP","damage_taken":0,"relics_obtained":["Golden Idol"],"max_hp_gain":0,"max_hp_loss":6,"event_name":"Golden Idol","floor":11,"gold_loss":0},{"damage_healed":0,"gold_gain":0,"player_choice":"Got Potions","damage_taken":0,"max_hp_gain":0,"max_hp_loss":0,"event_name":"Lab","floor":13,"gold_loss":0}],"is_beta":false,"boss_relics":[],"items_purged_floors":[7],"is_endless":false,"potions_floor_spawned":[8,12],"killed_by":"Hexaghost","ascension_level":8}