{"gold_per_floor":[115,125,125,138,138,163,163,183,252,427,427,427,454,474,474,573,573,573],"floor_reached":18,"playtime":717,"items_purged":[],"score":213,"play_id":"8b55f607-c070-4596-b570-71e881ab8387","local_time":"20190503151511","is_ascension_mode":true,"campfire_choices":[{"floor":7,"key":"REST"},{"data":"Barricade","floor":11,"key":"SMITH"},{"floor":15,"key":"REST"}],"neow_cost":"NONE","seed_source_timestamp":12424538324698,"circlet_count":0,"master_deck":["Strike_R","Strike_R","Strike_R","Strike_R","Strike_R","Defend_R","Defend_R","Defend_R","Defend_R","Bash","Power Through","Blood for Blood","Barricade+1","Clash","Heavy Blade","Doubt","Wild Strike","Power Through","Berserk+1"],"relics":["Burning Blood","Calipers","Ancient Tea Set","Frozen Egg 2","Pantograph","Vajra","White Beast Statue"],"potions_floor_usage":[6,16,18],"damage_taken":[{"damage":2,"enemies":"Jaw Worm","floor":1,"turns":3},{"damage":10,"enemies":"Small Slimes","floor":2,"turns":3},{"damage":11,"enemies":"Cultist","floor":4,"turns":4},{"damage":42,"enemies":"Lagavulin","floor":6,"turns":12},{"damage":2,"enemies":"2 Fungi Beasts","floor":8,"turns":5},{"damage":35,"enemies":"3 Sentries","floor":13,"turns":12},{"damage":27,"enemies":"Exordium Thugs","floor":14,"turns":5},{"damage":29,"enemies":"The Guardian","floor":16,"turns":18},{"damage":78,"enemies":"3 Byrds","floor":18,"turns":6}],"seed_played":"7023620695374114892","potions_obtained":[{"floor":1,"key":"Weak Potion"},{"floor":8,"key":"Regen Potion"},{"floor":14,"key":"LiquidBronze"},{"floor":16,"key":"Weak Potion"}],"is_trial":false,"path_per_floor":["M","M","?","M","?","E","R","M","T","?","R","?","E","M","R","B",null,"M"],"character_chosen":"IRONCLAD","items_purchased":[],"campfire_rested":2,"item_purchase_floors":[],"current_hp_per_floor":[88,84,84,79,67,31,57,61,61,61,61,61,32,11,37,39,76,0],"gold":573,"neow_bonus":"TEN_PERCENT_HP_BONUS","is_prod":false,"is_daily":false,"chose_seed":false,"campfire_upgraded":1,"win_rate":0,"timestamp":1556860511,"path_taken":["M","M","?","M","?","E","R","M","T","?","R","?","E","?","R","BOSS","M"],"build_version":"2019-01-23","purchased_purges":0,"victory":false,"max_hp_per_floor":[88,88,88,88,88,88,88,88,88,88,88,88,88,88,88,88,88,88],"card_choices":[{"not_picked":["Perfected Strike","Armaments"],"picked":"Power Through","floor":1},{"not_picked":["Dual Wield","Armaments"],"picked":"Blood for Blood","floor":2},{"not_picked":["Dual Wield","Anger"],"picked":"Barricade","floor":4},{"not_picked":["Armaments","Bloodletting"],"picked":"Clash","floor":6},{"not_picked":["Armaments","Carnage"],"picked":"Heavy Blade","floor":8},{"not_picked":["Shrug It Off","Twin Strike"],"picked":"Wild Strike","floor":13},{"not_picked":["Inflame+1","Thunderclap"],"picked":"Power Through","floor":14},{"not_picked":["Bludgeon","Feed"],"picked":"Berserk+1","floor":16}],"player_experience":597395,"relics_obtained":[{"floor":6,"key":"Ancient Tea Set"},{"floor":9,"key":"Frozen Egg 2"},{"floor":13,"key":"Vajra"}],"event_choices":[{"damage_healed":0,"gold_gain":0,"player_choice":"Leave","damage_taken":0,"max_hp_gain":0,"max_hp_loss":0,"event_name":"The Cleric","floor":3,"gold_loss":0},{"damage_healed":0,"gold_gain":0,"player_choice":"Success","damage_taken":12,"relics_obtained":["Calipers"],"max_hp_gain":0,"max_hp_loss":0,"event_name":"Scrap Ooze","floor":5,"gold_loss":0},{"damage_healed":0,"gold_gain":175,"player_choice":"AGREE","damage_taken":0,"max_hp_gain":0,"max_hp_loss":0,"event_name":"Liars Game","floor":10,"gold_loss":0,"cards_obtained":["Doubt"]},{"damage_healed":0,"gold_gain":0,"player_choice":"Gave Potion","damage_taken":0,"relics_obtained":["Pantograph"],"max_hp_gain":0,"max_hp_loss":0,"event_name":"WeMeetAgain","floor":12,"gold_loss":0}],"is_beta":false,"boss_relics":[{"not_picked":["Philosopher\u0027s Stone","Pandora\u0027s Box"],"picked":"White Beast Statue"}],"items_purged_floors":[],"is_endless":false,"potions_floor_spawned":[1,8,14,16],"killed_by":"3 Byrds","ascension_level":5}