{"gold_per_floor":[114,36,186,1,11,11,336,62,89,123,135,180,211,251,263,349,361,347,359,387,194,194,225,225,260,260,46,62,62,96,96,96,170,170,185,460,471,487,487,519,519,544,568,581,581,45,74,92,92,92,92,92,92,40,75,75],"floor_reached":57,"playtime":5167,"items_purged":["Doubt","Strike_G"],"score":3644,"play_id":"88e373b2-a375-423a-ae00-cc5875446628","local_time":"20190626161902","is_ascension_mode":true,"campfire_choices":[{"data":"Noxious Fumes","floor":6.0,"key":"SMITH"},{"floor":11.0,"key":"REST"},{"data":"Footwork","floor":15.0,"key":"SMITH"},{"data":"Footwork","floor":24.0,"key":"SMITH"},{"data":"Footwork","floor":32.0,"key":"SMITH"},{"data":"Cloak And Dagger","floor":41.0,"key":"SMITH"},{"floor":45.0,"key":"RECALL"},{"data":"After Image","floor":49,"key":"SMITH"},{"data":"After Image","floor":53,"key":"SMITH"}],"neow_cost":"NONE","seed_source_timestamp":0,"circlet_count":0,"master_deck":["AscendersBane","Strike_G","Strike_G","Strike_G","Strike_G","Defend_G","Defend_G","Defend_G","Defend_G","Defend_G","Survivor","Neutralize","Footwork+1","Footwork+1","Noxious Fumes+1","PiercingWail","Leg Sweep","Adrenaline","Footwork+1","Finesse","Dodge and Roll","Cloak And Dagger+1","Glass Knife","Cloak And Dagger","Deflect","Cloak And Dagger","Envenom","Crippling Poison+1","Predator","Dodge and Roll+1","Acrobatics","Die Die Die","Expertise","After Image+1","Cloak And Dagger","Prepared+1","After Image+1","Backflip","Dodge and Roll","Reflex","Infinite Blades","Impatience","Catalyst","Backflip","Footwork+1"],"special_seed":0,"relics":["Runic Pyramid","Old Coin","Blood Vial","MawBank","Ninja Scroll","Tough Bandages","HoveringKite","Oddly Smooth Stone","MutagenicStrength","Mummified Hand","Kunai","Vajra","Snake Skull","PreservedInsect","Sozu","Paper Crane","Singing Bowl","Bronze Scales","Orichalcum","Sundial"],"potions_floor_usage":[],"damage_taken":[{"damage":0.0,"enemies":"Jaw Worm","floor":1.0,"turns":4.0},{"damage":0.0,"enemies":"2 Louse","floor":5.0,"turns":4.0},{"damage":40.0,"enemies":"Gremlin Nob","floor":7.0,"turns":6.0},{"damage":0.0,"enemies":"Lagavulin","floor":10.0,"turns":9.0},{"damage":0.0,"enemies":"3 Sentries","floor":12.0,"turns":9.0},{"damage":0.0,"enemies":"Cultist","floor":13.0,"turns":4.0},{"damage":31.0,"enemies":"Gremlin Nob","floor":14.0,"turns":7.0},{"damage":0.0,"enemies":"Hexaghost","floor":16.0,"turns":12.0},{"damage":13.0,"enemies":"2 Thieves","floor":18.0,"turns":5.0},{"damage":0.0,"enemies":"Spheric Guardian","floor":20.0,"turns":9.0},{"damage":0.0,"enemies":"Gremlin Leader","floor":23.0,"turns":14.0},{"damage":2.0,"enemies":"Book of Stabbing","floor":25.0,"turns":7.0},{"damage":0.0,"enemies":"Centurion and Healer","floor":28.0,"turns":6.0},{"damage":0.0,"enemies":"Gremlin Leader","floor":30.0,"turns":8.0},{"damage":0.0,"enemies":"Collector","floor":33.0,"turns":10.0},{"damage":0.0,"enemies":"3 Shapes","floor":35.0,"turns":4.0},{"damage":0.0,"enemies":"3 Darklings","floor":37.0,"turns":3.0},{"damage":0.0,"enemies":"Maw","floor":38.0,"turns":8.0},{"damage":0.0,"enemies":"Reptomancer","floor":40.0,"turns":5.0},{"damage":0.0,"enemies":"Nemesis","floor":42.0,"turns":9.0},{"damage":0.0,"enemies":"Writhing Mass","floor":44.0,"turns":7.0},{"damage":0.0,"enemies":"Giant Head","floor":47.0,"turns":7.0},{"damage":3,"enemies":"Transient","floor":48,"turns":6},{"damage":0,"enemies":"Donu and Deca","floor":50,"turns":11},{"damage":24,"enemies":"Awakened One","floor":51,"turns":16},{"damage":6,"enemies":"Shield and Spear","floor":55,"turns":9},{"damage":18,"enemies":"The Heart","floor":56,"turns":12}],"seed_played":"908556972218954","potions_obtained":[{"floor":7.0,"key":"GhostInAJar"},{"floor":13.0,"key":"SpeedPotion"},{"floor":14.0,"key":"GhostInAJar"},{"floor":19.0,"key":"Fruit Juice"},{"floor":23.0,"key":"SpeedPotion"}],"is_trial":false,"path_per_floor":["M","$","?","$","M","R","E","$","T","E","R","E","M","E","R","B",null,"M","?","M","$","?","E","R","E","T","$","M","$","E","?","R","B",null,"M","?","M","M","?","E","R","E","T","M","R","$","E","M","R","B","B",null,"R","$","E","B",null],"character_chosen":"THE_SILENT","items_purchased":["Footwork","Noxious Fumes","PiercingWail","Footwork","Finesse","Dodge and Roll","Cloak And Dagger","Predator","Oddly Smooth Stone","Snake Skull","Acrobatics","Reflex","Infinite Blades","Impatience","Bronze Scales","Backflip"],"campfire_rested":1,"item_purchase_floors":[2,4,4,8,8,8,8,21,21,27,27,46,46,46,46,54],"current_hp_per_floor":[59,59,59,59,59,59,19,19,19,21,40,42,44,15,15,17,54,43,43,45,45,45,52,52,52,52,52,54,54,56,56,56,58,68,70,70,71,71,71,71,71,71,71,71,71,71,71,70,70,72,49,67,67,67,63,47],"gold":75,"neow_bonus":"BOSS_RELIC","is_prod":false,"is_daily":false,"chose_seed":false,"campfire_upgraded":7,"win_rate":0,"timestamp":1561580342,"path_taken":["M","$","?","$","M","R","E","$","T","E","R","E","M","E","R","BOSS","M","?","?","$","?","E","R","E","T","$","M","?","E","?","R","BOSS","M","?","?","M","?","E","R","E","T","?","R","$","E","M","R","BOSS","BOSS","R","$","E","BOSS"],"build_version":"2019-06-24","purchased_purges":2,"victory":true,"max_hp_per_floor":[66,66,66,66,66,66,66,66,66,66,66,66,66,66,66,66,66,66,66,66,66,66,71,71,71,71,71,71,71,71,71,71,71,71,71,71,71,71,71,71,71,71,71,71,71,71,71,73,73,73,73,73,73,73,73,73],"card_choices":[{"not_picked":["Deflect","Escape Plan"],"picked":"Footwork","floor":1.0},{"not_picked":["Deadly Poison","PiercingWail"],"picked":"Leg Sweep","floor":5.0},{"not_picked":["Underhanded Strike","Bane"],"picked":"Adrenaline","floor":7.0},{"not_picked":["Prepared","Underhanded Strike"],"picked":"Glass Knife","floor":10.0},{"not_picked":["Caltrops","Bouncing Flask"],"picked":"Cloak And Dagger","floor":12.0},{"not_picked":["Well Laid Plans","Cloak And Dagger"],"picked":"Deflect","floor":13.0},{"not_picked":["PiercingWail","Deadly Poison"],"picked":"Cloak And Dagger","floor":14.0},{"not_picked":["Adrenaline","Venomology"],"picked":"Envenom","floor":16.0},{"not_picked":["Masterful Stab+1","Tactician","Flying Knee"],"picked":"SKIP","floor":18.0},{"not_picked":["Accuracy","Poisoned Stab"],"picked":"Crippling Poison+1","floor":20.0},{"not_picked":["All Out Attack+1","Setup+1","Flying Knee"],"picked":"SKIP","floor":23.0},{"not_picked":["Poisoned Stab+1","Accuracy"],"picked":"Dodge and Roll+1","floor":25.0},{"not_picked":["Outmaneuver","Prepared"],"picked":"Die Die Die","floor":28.0},{"not_picked":["Phantasmal Killer","Dagger Throw"],"picked":"Expertise","floor":30.0},{"not_picked":["Adrenaline","Tools of the Trade"],"picked":"After Image","floor":33.0},{"not_picked":["Blade Dance","Deadly Poison"],"picked":"Cloak And Dagger","floor":35.0},{"not_picked":["Well Laid Plans+1","Choke+1"],"picked":"Prepared+1","floor":37.0},{"not_picked":["Well Laid Plans","Bane","Dagger Spray"],"picked":"SKIP","floor":38.0},{"not_picked":["Dagger Throw","Flying Knee"],"picked":"After Image","floor":40.0},{"not_picked":["Deflect+1","Phantasmal Killer"],"picked":"Backflip","floor":42.0},{"not_picked":["Sucker Punch+1","Blade Dance"],"picked":"Dodge and Roll","floor":44.0},{"not_picked":["Slice+1","Eviscerate"],"picked":"Catalyst","floor":47.0},{"not_picked":["Prepared+1","Quick Slash+1","Eviscerate"],"picked":"Singing Bowl","floor":48},{"not_picked":["Predator","PiercingWail"],"picked":"Footwork+1","floor":55}],"player_experience":3040526,"relics_obtained":[{"floor":7.0,"key":"Old Coin"},{"floor":9.0,"key":"Blood Vial"},{"floor":10.0,"key":"MawBank"},{"floor":12.0,"key":"Ninja Scroll"},{"floor":14.0,"key":"Tough Bandages"},{"floor":23.0,"key":"Mummified Hand"},{"floor":25.0,"key":"Kunai"},{"floor":26.0,"key":"Vajra"},{"floor":30.0,"key":"PreservedInsect"},{"floor":40.0,"key":"Paper Crane"},{"floor":42.0,"key":"Singing Bowl"},{"floor":47.0,"key":"Orichalcum"},{"floor":55,"key":"Sundial"}],"event_choices":[{"damage_healed":0.0,"max_hp_gain":0.0,"max_hp_loss":0.0,"gold_gain":150.0,"event_name":"Liars Game","player_choice":"AGREE","floor":3.0,"gold_loss":0.0,"damage_taken":0.0,"cards_obtained":["Doubt"]},{"damage_healed":0.0,"max_hp_gain":0.0,"max_hp_loss":0.0,"gold_gain":0.0,"event_name":"Lab","player_choice":"Got Potions","floor":19.0,"gold_loss":0.0,"damage_taken":0.0},{"damage_healed":0.0,"max_hp_gain":0.0,"max_hp_loss":0.0,"gold_gain":0.0,"event_name":"Drug Dealer","player_choice":"Inject Mutagens","floor":22.0,"gold_loss":0.0,"damage_taken":0.0,"relics_obtained":["MutagenicStrength"]},{"damage_healed":0.0,"max_hp_gain":0.0,"max_hp_loss":0.0,"gold_gain":0.0,"event_name":"Ghosts","player_choice":"Ignored","floor":31.0,"gold_loss":0.0,"damage_taken":0.0},{"damage_healed":0.0,"max_hp_gain":0.0,"max_hp_loss":0.0,"gold_gain":275.0,"event_name":"Golden Shrine","player_choice":"Desecrate","floor":36.0,"gold_loss":0.0,"damage_taken":0.0,"cards_obtained":["Regret"]},{"cards_removed":["Regret"],"damage_healed":0.0,"max_hp_gain":0.0,"max_hp_loss":0.0,"gold_gain":0.0,"event_name":"Fountain of Cleansing","player_choice":"Removed Curses","floor":39.0,"gold_loss":0.0,"damage_taken":0.0}],"is_beta":true,"boss_relics":[{"not_picked":["Empty Cage","Philosopher\u0027s Stone"],"picked":"HoveringKite"},{"not_picked":["Velvet Choker","Lizard Tail"],"picked":"Sozu"}],"items_purged_floors":[4,46],"is_endless":false,"potions_floor_spawned":[7,13,14,23,25,28,37,38,40,44,48],"ascension_level":20}