{"gold_per_floor":[16,16,16,16,35,35,62,62,62,73,73,89,107,141,141,141],"floor_reached":16,"playtime":655,"items_purged":[],"score":220,"play_id":"872af7a9-452b-4b4b-bfc8-d65bda3b7bed","local_time":"20190620205910","is_ascension_mode":true,"campfire_choices":[{"data":"Barricade","floor":6.0,"key":"SMITH"},{"floor":8.0,"key":"REST"},{"data":"Shrug It Off","floor":11.0,"key":"SMITH"},{"data":"Bash","floor":15.0,"key":"SMITH"}],"neow_cost":"NO_GOLD","seed_source_timestamp":0,"circlet_count":0,"master_deck":["AscendersBane","Strike_R+1","Strike_R","Strike_R","Strike_R+1","Defend_R","Defend_R","Defend_R","Defend_R","Bash+1","Barricade+1","Body Slam+1","Shrug It Off+1","Seeing Red","Fiend Fire"],"special_seed":0,"relics":["Burning Blood","Bag of Preparation","Dream Catcher","Whetstone"],"potions_floor_usage":[16],"damage_taken":[{"damage":2.0,"enemies":"Jaw Worm","floor":1.0,"turns":5.0},{"damage":7.0,"enemies":"Cultist","floor":5.0,"turns":4.0},{"damage":64.0,"enemies":"Gremlin Nob","floor":7.0,"turns":6.0},{"damage":0.0,"enemies":"2 Louse","floor":10.0,"turns":4.0},{"damage":64.0,"enemies":"Gremlin Gang","floor":12.0,"turns":5.0},{"damage":0.0,"enemies":"Blue Slaver","floor":13.0,"turns":2.0},{"damage":8.0,"enemies":"3 Sentries","floor":14.0,"turns":11.0},{"damage":23,"enemies":"Hexaghost","floor":16,"turns":10}],"seed_played":"908556972218950","potions_obtained":[{"floor":10.0,"key":"FairyPotion"},{"floor":12.0,"key":"SkillPotion"},{"floor":14.0,"key":"FearPotion"}],"is_trial":false,"path_per_floor":["M","$","?","?","M","R","E","R","T","M","R","M","M","E","R","B"],"character_chosen":"IRONCLAD","items_purchased":[],"campfire_rested":1,"item_purchase_floors":[],"current_hp_per_floor":[72,72,72,72,71,71,13,35,35,41,41,13,19,17,17,0],"gold":141,"neow_bonus":"THREE_RARE_CARDS","is_prod":false,"is_daily":false,"chose_seed":false,"campfire_upgraded":3,"win_rate":0,"timestamp":1561078750,"path_taken":["M","$","?","?","?","R","E","R","T","M","R","M","M","E","R","BOSS"],"build_version":"2019-06-18","purchased_purges":0,"victory":false,"max_hp_per_floor":[75,75,75,75,75,75,75,75,75,75,75,75,75,75,75,75],"card_choices":[{"not_picked":["Brutality","Offering"],"picked":"Barricade","floor":0.0},{"not_picked":["True Grit","Flex"],"picked":"Body Slam","floor":1.0},{"not_picked":["Spot Weakness","Infernal Blade","Warcry"],"picked":"SKIP","floor":5.0},{"not_picked":["Wild Strike","Clash"],"picked":"Shrug It Off","floor":7.0},{"not_picked":["Thunderclap","Havoc","Perfected Strike"],"picked":"SKIP","floor":10.0},{"not_picked":["Flex","Dual Wield"],"picked":"Seeing Red","floor":12.0},{"not_picked":["Twin Strike","Flex","Warcry"],"picked":"SKIP","floor":13.0},{"not_picked":["Sword Boomerang","Pummel"],"picked":"Fiend Fire","floor":14.0}],"player_experience":3003847,"relics_obtained":[{"floor":7.0,"key":"Bag of Preparation"},{"floor":9.0,"key":"Dream Catcher"},{"floor":14.0,"key":"Whetstone"}],"event_choices":[{"damage_healed":0.0,"max_hp_gain":0.0,"max_hp_loss":0.0,"gold_gain":0.0,"event_name":"Living Wall","player_choice":"Grow","floor":3.0,"gold_loss":0.0,"damage_taken":0.0,"cards_upgraded":["Body Slam"]},{"cards_removed":["Strike_R"],"damage_healed":0.0,"max_hp_gain":0.0,"max_hp_loss":0.0,"gold_gain":0.0,"event_name":"Purifier","player_choice":"Purged","floor":4.0,"gold_loss":0.0,"damage_taken":0.0}],"is_beta":true,"boss_relics":[],"items_purged_floors":[],"is_endless":false,"potions_floor_spawned":[10,12,14],"killed_by":"Hexaghost","ascension_level":20}