{"gold_per_floor":[112,112,130,6,106,138,138,173,173,199,8,22,22,39,39,139,139,155,173,173,187,286,286,319,347,372,372,372,383,418,72,72,167,167,178,178,195,211,211,211,229,244,268,288,305,322,422,450,450,450],"floor_reached":51,"playtime":2484,"items_purged":["Defend_B","Scrape"],"score":1098,"play_id":"5edd984f-a8cd-4ab3-9bc6-42a350e0c828","local_time":"20190716094213","is_ascension_mode":true,"campfire_choices":[{"data":"Go for the Eyes","floor":7,"key":"SMITH"},{"floor":15,"key":"REST"},{"floor":23,"key":"REST"},{"floor":27,"key":"REST"},{"floor":32,"key":"REST"},{"floor":40,"key":"REST"},{"floor":49,"key":"REST"}],"neow_cost":"NONE","seed_source_timestamp":495182524472000,"circlet_count":0,"master_deck":["Strike_B+1","Strike_B+1","Defend_B+1","Defend_B+1","Defend_B+1","Zap","Dualcast","Chill","Go for the Eyes+1","White Noise","Defragment","White Noise+1","Redo+1","Undo+1","Rainbow+1","Consume+1","Redo+1","Glacier+1","Coolheaded+1","Fission+1","Echo Form","Force Field+1","White Noise+1","Ball Lightning+1","Amplify+1"],"relics":["Cracked Core","NeowsBlessing","Nunchaku","Ancient Tea Set","Ornamental Fan","Toxic Egg 2","DataDisk","Runic Pyramid","Dream Catcher","Red Mask","Potion Belt","Juzu Bracelet","Singing Bowl","Fusion Hammer","Oddly Smooth Stone","Orichalcum"],"potions_floor_usage":[48,50,50,50],"damage_taken":[{"damage":0,"enemies":"Jaw Worm","floor":1,"turns":1},{"damage":0,"enemies":"Cultist","floor":3,"turns":1},{"damage":0,"enemies":"Lagavulin","floor":6,"turns":1},{"damage":29,"enemies":"Gremlin Nob","floor":8,"turns":4},{"damage":16,"enemies":"3 Sentries","floor":10,"turns":11},{"damage":7,"enemies":"Small Slimes","floor":12,"turns":2},{"damage":4,"enemies":"3 Louse","floor":14,"turns":2},{"damage":0,"enemies":"Slime Boss","floor":16,"turns":6},{"damage":4,"enemies":"Chosen","floor":18,"turns":4},{"damage":4,"enemies":"Shell Parasite","floor":19,"turns":5},{"damage":15,"enemies":"Snake Plant","floor":21,"turns":4},{"damage":17,"enemies":"Book of Stabbing","floor":24,"turns":5},{"damage":6,"enemies":"Masked Bandits","floor":25,"turns":6},{"damage":0,"enemies":"Shelled Parasite and Fungi","floor":29,"turns":5},{"damage":8,"enemies":"Slavers","floor":30,"turns":7},{"damage":46,"enemies":"Champ","floor":33,"turns":11},{"damage":14,"enemies":"Orb Walker","floor":35,"turns":4},{"damage":0,"enemies":"3 Shapes","floor":37,"turns":4},{"damage":0,"enemies":"Sphere and 2 Shapes","floor":38,"turns":6},{"damage":0,"enemies":"3 Darklings","floor":41,"turns":3},{"damage":27,"enemies":"Transient","floor":42,"turns":5},{"damage":0,"enemies":"Jaw Worm Horde","floor":44,"turns":3},{"damage":0,"enemies":"Maw","floor":45,"turns":9},{"damage":0,"enemies":"Sphere and 2 Shapes","floor":46,"turns":3},{"damage":0,"enemies":"Nemesis","floor":48,"turns":11},{"damage":26,"enemies":"Time Eater","floor":50,"turns":12}],"seed_played":"24490520409267260","potions_obtained":[{"floor":10,"key":"Strength Potion"},{"floor":12,"key":"Dexterity Potion"},{"floor":14,"key":"GamblersBrew"},{"floor":30,"key":"Energy Potion"},{"floor":35,"key":"SpeedPotion"},{"floor":37,"key":"Block Potion"},{"floor":44,"key":"FocusPotion"}],"is_trial":false,"path_per_floor":["M","?","M","$","?","E","R","E","T","E","$","M","$","M","R","B",null,"M","M","?","M","?","R","E","?","T","R","?","M","E","$","R","B",null,"M","?","M","M","?","R","M","M","T","M","M","M","?","E","R","B",null],"character_chosen":"DEFECT","items_purchased":["Go for the Eyes","DataDisk","Redo+1","Singing Bowl"],"campfire_rested":6,"item_purchase_floors":[4,11,11,31],"current_hp_per_floor":[68,61,61,61,61,61,61,32,32,16,16,9,9,5,27,27,63,59,55,55,40,40,62,45,39,39,61,61,61,53,53,77,31,66,52,52,52,52,52,75,77,52,52,54,56,58,58,58,85,59],"gold":450,"neow_bonus":"THREE_ENEMY_KILL","is_prod":false,"is_daily":false,"chose_seed":false,"campfire_upgraded":1,"win_rate":0,"timestamp":1563284533,"path_taken":["M","?","?","$","?","E","R","E","T","E","$","?","?","M","R","BOSS","M","M","?","M","?","R","E","?","T","R","?","?","E","$","R","BOSS","M","?","M","M","?","R","M","M","T","M","M","M","?","E","R","BOSS"],"build_version":"2019-07-05","purchased_purges":2,"victory":true,"max_hp_per_floor":[75,75,75,75,75,75,75,75,75,75,75,75,75,75,75,75,75,75,75,75,75,75,75,75,75,75,75,75,75,75,75,77,77,77,77,73,73,73,73,75,77,79,79,81,83,85,85,85,87,87],"card_choices":[{"not_picked":["Leap","Skim"],"picked":"Go for the Eyes","floor":1},{"not_picked":["Steam","Steam Power"],"picked":"Chill","floor":3},{"not_picked":["Ball Lightning","Defragment"],"picked":"White Noise","floor":6},{"not_picked":["Meteor Strike","Barrage"],"picked":"Defragment","floor":8},{"not_picked":["Tempest","Capacitor"],"picked":"White Noise","floor":10},{"not_picked":["Beam Cell","Doom and Gloom"],"picked":"Undo+1","floor":12},{"not_picked":["Doom and Gloom","Turbo+1","Compile Driver"],"picked":"SKIP","floor":14},{"not_picked":["Hyperbeam","Machine Learning"],"picked":"Rainbow+1","floor":16},{"not_picked":["Double Energy+1","Rip and Tear"],"picked":"Consume+1","floor":18},{"not_picked":["Sweeping Beam","Cold Snap"],"picked":"Redo+1","floor":19},{"not_picked":["Go for the Eyes","Streamline","Gash"],"picked":"SKIP","floor":21},{"not_picked":["Go for the Eyes","Streamline","Gash"],"picked":"SKIP","floor":21},{"not_picked":["Compile Driver+1","Streamline","Steam+1"],"picked":"SKIP","floor":24},{"not_picked":["Compile Driver","Coolheaded+1"],"picked":"Glacier+1","floor":25},{"not_picked":["FTL","Ball Lightning"],"picked":"Coolheaded+1","floor":27},{"not_picked":["Sweeping Beam","Coolheaded+1","Reinforced Body+1"],"picked":"SKIP","floor":29},{"not_picked":["Recycle+1","Gash","Coolheaded+1"],"picked":"SKIP","floor":30},{"not_picked":["Rebound+1","Skim+1","Double Energy+1"],"picked":"Singing Bowl","floor":32},{"not_picked":["Electrodynamics","Machine Learning"],"picked":"Echo Form","floor":33},{"not_picked":["Defragment","Rebound"],"picked":"Force Field+1","floor":35},{"not_picked":["Compile Driver+1","Ball Lightning"],"picked":"White Noise+1","floor":37},{"not_picked":["Rebound","Genetic Algorithm+1"],"picked":"Ball Lightning+1","floor":38},{"not_picked":["Scrape","Beam Cell+1","Stack+1"],"picked":"Singing Bowl","floor":40},{"not_picked":["Steam+1","Cold Snap+1","Consume+1"],"picked":"Singing Bowl","floor":41},{"not_picked":["Melter+1","Fusion+1","Streamline"],"picked":"Singing Bowl","floor":42},{"not_picked":["Leap+1","Rip and Tear+1","Barrage+1"],"picked":"Singing Bowl","floor":44},{"not_picked":["Undo+1","Hyperbeam","Self Repair"],"picked":"Singing Bowl","floor":45},{"not_picked":["Sweeping Beam+1","Chaos+1","Beam Cell"],"picked":"Singing Bowl","floor":46},{"not_picked":["Doom and Gloom","Genetic Algorithm+1"],"picked":"Amplify+1","floor":48},{"not_picked":["Barrage+1","Reinforced Body+1","Gash"],"picked":"Singing Bowl","floor":49}],"player_experience":137458,"relics_obtained":[{"floor":6,"key":"Nunchaku"},{"floor":8,"key":"Ancient Tea Set"},{"floor":9,"key":"Ornamental Fan"},{"floor":10,"key":"Toxic Egg 2"},{"floor":24,"key":"Dream Catcher"},{"floor":25,"key":"Red Mask"},{"floor":26,"key":"Potion Belt"},{"floor":30,"key":"Juzu Bracelet"},{"floor":43,"key":"Oddly Smooth Stone"},{"floor":48,"key":"Orichalcum"}],"event_choices":[{"damage_healed":0,"gold_gain":0,"player_choice":"Damaged","damage_taken":7,"max_hp_gain":0,"max_hp_loss":0,"event_name":"Wheel of Change","floor":2,"gold_loss":0},{"damage_healed":0,"gold_gain":100,"player_choice":"Pray","damage_taken":0,"max_hp_gain":0,"max_hp_loss":0,"event_name":"Golden Shrine","floor":5,"gold_loss":0},{"damage_healed":0,"gold_gain":0,"player_choice":"Simplicity","damage_taken":0,"max_hp_gain":0,"max_hp_loss":0,"event_name":"Back to Basics","floor":20,"gold_loss":0,"cards_upgraded":["Strike_B","Strike_B","Strike_B","Strike_B","Defend_B","Defend_B","Defend_B"]},{"damage_healed":0,"gold_gain":99,"player_choice":"Stole From Cult","damage_taken":0,"max_hp_gain":0,"max_hp_loss":0,"event_name":"Nest","floor":22,"gold_loss":0},{"damage_healed":0,"gold_gain":0,"player_choice":"Fought Bandits","damage_taken":0,"max_hp_gain":0,"max_hp_loss":0,"event_name":"Masked Bandits","floor":25,"gold_loss":0},{"damage_healed":0,"gold_gain":0,"cards_transformed":["Go for the Eyes","Strike_B"],"player_choice":"Became Test Subject","damage_taken":0,"max_hp_gain":0,"max_hp_loss":0,"event_name":"Drug Dealer","floor":28,"gold_loss":0,"cards_obtained":["Fission","Scrape"]},{"damage_healed":0,"gold_gain":0,"player_choice":"Max HP","damage_taken":0,"max_hp_gain":0,"max_hp_loss":4,"event_name":"Winding Halls","floor":36,"gold_loss":0},{"cards_removed":["Strike_B"],"damage_healed":0,"gold_gain":0,"player_choice":"Removed Attack","damage_taken":0,"max_hp_gain":0,"max_hp_loss":0,"event_name":"Falling","floor":39,"gold_loss":0},{"damage_healed":0,"gold_gain":100,"player_choice":"Pray","damage_taken":0,"max_hp_gain":0,"max_hp_loss":0,"event_name":"Golden Shrine","floor":47,"gold_loss":0}],"is_beta":false,"boss_relics":[{"not_picked":["Lizard Tail","Eternal Feather"],"picked":"Runic Pyramid"},{"not_picked":["Coffee Dripper","Orrery"],"picked":"Fusion Hammer"}],"items_purged_floors":[4,31],"is_endless":false,"potions_floor_spawned":[10,12,14,16,19,25,30,35,37,44,46],"ascension_level":6}