{"gold_per_floor":[112,129,141,155,167,200,200,170,219,237,237,237],"floor_reached":12,"playtime":2546,"items_purged":[],"score":94,"play_id":"ba320774-cd8b-44c7-8cb0-07d06a39a44a","local_time":"20190717192209","is_ascension_mode":true,"campfire_choices":[{"floor":7,"key":"REST"},{"floor":11,"key":"REST"}],"neow_cost":"NONE","seed_source_timestamp":4485630248400,"circlet_count":0,"master_deck":["Strike_G","Strike_G","Strike_G","Strike_G","Strike_G","Defend_G","Defend_G","Defend_G","Defend_G","Defend_G","Survivor","Neutralize","Burst","Blur","Quick Slash","Dodge and Roll","Backflip","Dodge and Roll","Acrobatics","Deflect"],"relics":["Ring of the Snake","Prayer Wheel","Lantern"],"potions_floor_usage":[],"damage_taken":[{"damage":0,"enemies":"2 Louse","floor":1,"turns":5},{"damage":0,"enemies":"Jaw Worm","floor":2,"turns":8},{"damage":2,"enemies":"Cultist","floor":3,"turns":5},{"damage":0,"enemies":"Blue Slaver","floor":4,"turns":6},{"damage":17,"enemies":"Gremlin Gang","floor":5,"turns":12},{"damage":25,"enemies":"3 Sentries","floor":6,"turns":16},{"damage":0,"enemies":"Looter","floor":8,"turns":4},{"damage":17,"enemies":"Lots of Slimes","floor":10,"turns":5},{"damage":51,"enemies":"Lagavulin","floor":12,"turns":13}],"seed_played":"-5295670428216774908","potions_obtained":[{"floor":1,"key":"Swift Potion"},{"floor":3,"key":"GamblersBrew"},{"floor":10,"key":"SteroidPotion"}],"is_trial":false,"path_per_floor":["M","M","M","M","M","E","R","M","T","M","R","E"],"character_chosen":"THE_SILENT","items_purchased":[],"campfire_rested":2,"item_purchase_floors":[],"current_hp_per_floor":[70,70,68,68,51,26,47,47,47,30,51,0],"gold":237,"neow_bonus":"ONE_RANDOM_RARE_CARD","is_prod":false,"is_daily":false,"chose_seed":false,"campfire_upgraded":0,"win_rate":0,"timestamp":1563380529,"path_taken":["M","M","M","M","M","E","R","M","T","M","R","E"],"build_version":"2019-07-05","purchased_purges":0,"victory":false,"max_hp_per_floor":[70,70,70,70,70,70,70,70,70,70,70,70],"card_choices":[{"not_picked":["Outmaneuver","Expertise"],"picked":"Blur","floor":1},{"not_picked":["Sucker Punch","Flying Knee"],"picked":"Quick Slash","floor":2},{"not_picked":["Sucker Punch","Cloak And Dagger"],"picked":"Dodge and Roll","floor":3},{"not_picked":["Leg Sweep","All Out Attack"],"picked":"Backflip","floor":4},{"not_picked":["PiercingWail","Terror"],"picked":"Dodge and Roll","floor":5},{"not_picked":["Choke","Eviscerate","Outmaneuver"],"picked":"SKIP","floor":6},{"not_picked":["Blade Dance","Venomology"],"picked":"Acrobatics","floor":8},{"not_picked":["Finisher","Flechettes","Sucker Punch"],"picked":"SKIP","floor":8},{"not_picked":["Finisher","Reflex"],"picked":"Deflect","floor":10},{"not_picked":["Underhanded Strike","Tactician","Prepared"],"picked":"SKIP","floor":10}],"player_experience":157351,"relics_obtained":[{"floor":6,"key":"Prayer Wheel"},{"floor":9,"key":"Lantern"}],"event_choices":[],"is_beta":false,"boss_relics":[],"items_purged_floors":[],"is_endless":false,"potions_floor_spawned":[1,3,10],"killed_by":"Lagavulin","ascension_level":3}