{"gold_per_floor":[114,134,144,69,83,117,128,128,128,128,128,128,143,153,153,255,255,273,273,173,188,188,218,229,254,280,280,296,315,344],"floor_reached":30,"playtime":3175,"items_purged":["Defend_R","Defend_R"],"score":294,"play_id":"a813eeff-f551-49dd-8c22-81b2d5a14c2a","local_time":"20190717004914","is_ascension_mode":false,"campfire_choices":[{"data":"Armaments","floor":11,"key":"SMITH"},{"data":"Fiend Fire","floor":15,"key":"SMITH"},{"data":"Exhume","floor":27,"key":"SMITH"}],"neow_cost":"NONE","seed_source_timestamp":30339148872656,"circlet_count":0,"master_deck":["Strike_R","Strike_R","Strike_R","Strike_R","Defend_R","Defend_R","Bash","Metallicize","Battle Trance","Armaments+1","Pommel Strike","Fiend Fire+1","Pummel","Wild Strike","Metallicize+1","Exhume+1","Shrug It Off","Rage","Inflame+1","Shrug It Off","Perfected Strike","Disarm+1","Pommel Strike"],"relics":["Black Blood","Frozen Egg 2","PreservedInsect","Shuriken","Gremlin Horn","Happy Flower","Dead Branch"],"potions_floor_usage":[7,16,21,29],"damage_taken":[{"damage":1,"enemies":"Cultist","floor":1,"turns":4},{"damage":0,"enemies":"Small Slimes","floor":2,"turns":4},{"damage":1,"enemies":"Jaw Worm","floor":3,"turns":5},{"damage":0,"enemies":"2 Fungi Beasts","floor":5,"turns":6},{"damage":22,"enemies":"Gremlin Nob","floor":6,"turns":5},{"damage":5,"enemies":"Lots of Slimes","floor":7,"turns":7},{"damage":15,"enemies":"Exordium Thugs","floor":13,"turns":3},{"damage":12,"enemies":"Blue Slaver","floor":14,"turns":2},{"damage":4,"enemies":"Slime Boss","floor":16,"turns":8},{"damage":9,"enemies":"Shell Parasite","floor":18,"turns":9},{"damage":12,"enemies":"2 Thieves","floor":21,"turns":4},{"damage":3,"enemies":"Gremlin Leader","floor":23,"turns":4},{"damage":20,"enemies":"Sentry and Sphere","floor":24,"turns":8},{"damage":56,"enemies":"Slavers","floor":25,"turns":7},{"damage":9,"enemies":"Centurion and Healer","floor":28,"turns":6},{"damage":3,"enemies":"3 Cultists","floor":29,"turns":5},{"damage":42,"enemies":"Gremlin Leader","floor":30,"turns":5}],"seed_played":"-1705533425199986179","potions_obtained":[{"floor":2,"key":"FairyPotion"},{"floor":3,"key":"SpeedPotion"},{"floor":6,"key":"PowerPotion"},{"floor":13,"key":"SkillPotion"},{"floor":18,"key":"Poison Potion"},{"floor":23,"key":"EssenceOfSteel"},{"floor":25,"key":"Weak Potion"},{"floor":29,"key":"SpeedPotion"}],"is_trial":false,"path_per_floor":["M","M","M","$","M","E","M","?","T","?","R","?","M","M","R","B",null,"M","?","$","M","?","E","M","E","T","R","M","M","E"],"character_chosen":"IRONCLAD","items_purchased":[],"campfire_rested":0,"item_purchase_floors":[],"current_hp_per_floor":[88,88,88,88,88,72,73,78,78,71,71,71,62,56,56,58,93,93,93,93,91,91,93,83,37,37,37,38,45,13],"gold":344,"neow_bonus":"TEN_PERCENT_HP_BONUS","is_prod":false,"is_daily":false,"chose_seed":false,"campfire_upgraded":3,"win_rate":0,"timestamp":1563317354,"path_taken":["M","M","M","$","M","E","M","?","T","?","R","?","?","M","R","BOSS","M","?","$","M","?","E","M","E","T","R","?","M","E"],"build_version":"2019-07-05","purchased_purges":2,"victory":false,"max_hp_per_floor":[88,88,88,88,88,88,88,93,93,93,93,93,93,93,93,93,93,93,93,93,93,93,93,93,93,93,93,93,93,93],"card_choices":[{"not_picked":["Sword Boomerang","Flex"],"picked":"Metallicize","floor":1},{"not_picked":["Anger","Dropkick"],"picked":"Battle Trance","floor":2},{"not_picked":["Feel No Pain","Anger"],"picked":"Armaments","floor":3},{"not_picked":["Headbutt","Armaments"],"picked":"Pommel Strike","floor":5},{"not_picked":["Armaments","Intimidate"],"picked":"Fiend Fire","floor":6},{"not_picked":["Entrench","Twin Strike","Flex"],"picked":"SKIP","floor":7},{"not_picked":["Iron Wave","Battle Trance"],"picked":"Wild Strike","floor":13},{"not_picked":["Headbutt","Thunderclap"],"picked":"Metallicize+1","floor":14},{"not_picked":["Limit Break","Impervious"],"picked":"Exhume","floor":16},{"not_picked":["Blood for Blood","Havoc"],"picked":"Shrug It Off","floor":18},{"not_picked":["Whirlwind","Warcry"],"picked":"Inflame+1","floor":21},{"not_picked":["Rampage","Corruption+1"],"picked":"Shrug It Off","floor":23},{"not_picked":["Armaments","Sword Boomerang"],"picked":"Perfected Strike","floor":24},{"not_picked":["Fire Breathing+1","Sword Boomerang+1"],"picked":"Disarm+1","floor":25},{"not_picked":["Ghostly Armor+1","Sever Soul"],"picked":"Pommel Strike","floor":28},{"not_picked":["Searing Blow+1","Limit Break","Headbutt"],"picked":"SKIP","floor":29}],"player_experience":178045,"relics_obtained":[{"floor":6,"key":"Frozen Egg 2"},{"floor":23,"key":"Shuriken"},{"floor":25,"key":"Gremlin Horn"},{"floor":26,"key":"Happy Flower"},{"floor":30,"key":"Dead Branch"}],"event_choices":[{"damage_healed":0,"gold_gain":0,"player_choice":"Donut","damage_taken":0,"max_hp_gain":5,"max_hp_loss":0,"event_name":"Big Fish","floor":8,"gold_loss":0},{"cards_removed":["Strike_R"],"damage_healed":0,"gold_gain":0,"player_choice":"Card Removal","damage_taken":7,"max_hp_gain":0,"max_hp_loss":0,"event_name":"Golden Wing","floor":10,"gold_loss":0},{"damage_healed":0,"gold_gain":0,"player_choice":"1 cards matched","damage_taken":0,"max_hp_gain":0,"max_hp_loss":0,"event_name":"Match and Keep!","floor":12,"gold_loss":0,"cards_obtained":["Pummel"]},{"damage_healed":0,"gold_gain":0,"player_choice":"Read","damage_taken":0,"max_hp_gain":0,"max_hp_loss":0,"event_name":"The Library","floor":19,"gold_loss":0,"cards_obtained":["Rage"]},{"damage_healed":0,"gold_gain":0,"player_choice":"Gave Potion","damage_taken":0,"relics_obtained":["PreservedInsect"],"max_hp_gain":0,"max_hp_loss":0,"event_name":"WeMeetAgain","floor":22,"gold_loss":0}],"is_beta":false,"boss_relics":[{"not_picked":["Ectoplasm","Astrolabe"],"picked":"Black Blood"}],"items_purged_floors":[4,20],"is_endless":false,"potions_floor_spawned":[2,3,6,13,18,23,25,29],"killed_by":"Gremlin Leader","ascension_level":0}