{"gold_per_floor":[110,185,185,360,360,385,385,385,385,385,385,60,75,103,103,206,206,216,232,331,331,349,384,384,384,384,395,409,409,423,449,449,449],"floor_reached":33,"playtime":1900,"items_purged":[],"score":315,"play_id":"55958d7b-67e6-424d-a45a-7911805af6ef","local_time":"20190324161109","is_ascension_mode":false,"campfire_choices":[{"data":"Power Through","floor":7,"key":"SMITH"},{"data":"Armaments","floor":11,"key":"SMITH"},{"data":"Pommel Strike","floor":15,"key":"SMITH"},{"data":"Pommel Strike","floor":24,"key":"SMITH"},{"floor":29,"key":"REST"},{"floor":32,"key":"REST"}],"neow_cost":"NONE","seed_source_timestamp":6910781444245,"circlet_count":0,"master_deck":["Strike_R","Strike_R","Strike_R","Strike_R","Strike_R","Defend_R","Defend_R","Defend_R","Defend_R","Bash+1","Armaments+1","Power Through+1","Metallicize","Pommel Strike+1","Immolate","Demon Form","Shrug It Off+1","Pommel Strike+1","Perfected Strike+1","Rampage+1","Iron Wave","Flame Barrier","Pommel Strike","Rage","Iron Wave","Cleave","Perfected Strike"],"relics":["Burning Blood","NeowsBlessing","Singing Bowl","Letter Opener","Darkstone Periapt","Spirit Poop","Paper Frog","Peace Pipe","Cursed Key","Omamori","Prayer Wheel","Pen Nib"],"potions_floor_usage":[16,19,23,30,31],"damage_taken":[{"damage":0,"enemies":"Jaw Worm","floor":1,"turns":1},{"damage":0,"enemies":"Gremlin Nob","floor":6,"turns":1},{"damage":0,"enemies":"2 Louse","floor":13,"turns":1},{"damage":10,"enemies":"Lagavulin","floor":14,"turns":9},{"damage":40,"enemies":"The Guardian","floor":16,"turns":11},{"damage":4,"enemies":"Shell Parasite","floor":18,"turns":5},{"damage":5,"enemies":"2 Thieves","floor":19,"turns":3},{"damage":21,"enemies":"Chosen and Byrds","floor":22,"turns":7},{"damage":39,"enemies":"Book of Stabbing","floor":23,"turns":6},{"damage":0,"enemies":"Snecko","floor":27,"turns":5},{"damage":24,"enemies":"Shelled Parasite and Fungi","floor":28,"turns":6},{"damage":23,"enemies":"Sentry and Sphere","floor":30,"turns":6},{"damage":30,"enemies":"Slavers","floor":31,"turns":7},{"damage":46,"enemies":"Automaton","floor":33,"turns":8}],"seed_played":"-7794318261807593035","potions_obtained":[{"floor":1,"key":"SneckoOil"},{"floor":14,"key":"SkillPotion"},{"floor":18,"key":"SteroidPotion"},{"floor":28,"key":"BloodPotion"},{"floor":30,"key":"EssenceOfSteel"}],"is_trial":false,"path_per_floor":["M","?","?","?","?","E","R","T","T","?","R","$","M","E","R","B",null,"M","M","?","?","M","E","R","?","T","M","M","R","M","E","R","B"],"character_chosen":"IRONCLAD","items_purchased":["Paper Frog","Metallicize"],"campfire_rested":2,"item_purchase_floors":[12,12],"current_hp_per_floor":[80,69,69,69,69,75,75,75,75,75,75,75,80,76,76,42,80,80,80,80,80,65,32,32,32,32,38,20,44,35,11,35,0],"gold":449,"neow_bonus":"THREE_ENEMY_KILL","is_prod":false,"is_daily":false,"chose_seed":false,"campfire_upgraded":4,"win_rate":0.0,"timestamp":1553407869,"path_taken":["M","?","?","?","?","E","R","?","T","?","R","$","M","E","R","BOSS","M","?","?","?","?","E","R","?","T","M","?","R","M","E","R","BOSS"],"build_version":"2019-01-23","purchased_purges":0,"victory":false,"max_hp_per_floor":[80,80,80,80,80,80,80,80,80,80,80,80,80,80,80,80,80,80,80,80,80,80,80,80,80,80,80,80,80,80,80,80,80],"card_choices":[{"not_picked":["Hemokinesis","Body Slam"],"picked":"Armaments","floor":1},{"not_picked":["Warcry","Clothesline"],"picked":"Power Through","floor":6},{"not_picked":["Iron Wave","Whirlwind"],"picked":"Pommel Strike","floor":13},{"not_picked":["Warcry","Armaments"],"picked":"Immolate","floor":14},{"not_picked":["Brutality","Impervious"],"picked":"Demon Form","floor":16},{"not_picked":["Flex","Reckless Charge+1"],"picked":"Shrug It Off+1","floor":18},{"not_picked":["Clash","Thunderclap"],"picked":"Pommel Strike","floor":19},{"not_picked":["Ghostly Armor","Evolve"],"picked":"Perfected Strike+1","floor":22},{"not_picked":["Pummel","Wild Strike+1"],"picked":"Rampage+1","floor":23},{"not_picked":["Uppercut","Shockwave"],"picked":"Iron Wave","floor":27},{"not_picked":["Flame Barrier","Whirlwind","Clash"],"picked":"SKIP","floor":27},{"not_picked":["Whirlwind","Clash"],"picked":"Flame Barrier","floor":27},{"not_picked":["Bludgeon","Combust+1"],"picked":"Pommel Strike","floor":28},{"not_picked":["Battle Trance","Perfected Strike","Rage"],"picked":"SKIP","floor":28},{"not_picked":["Battle Trance","Perfected Strike"],"picked":"Rage","floor":28},{"not_picked":["Havoc","Twin Strike+1"],"picked":"Iron Wave","floor":30},{"not_picked":["Havoc","Double Tap"],"picked":"Cleave","floor":30},{"not_picked":["Clothesline","Shrug It Off"],"picked":"Perfected Strike","floor":31}],"player_experience":82213,"relics_obtained":[{"floor":6,"key":"Singing Bowl"},{"floor":8,"key":"Letter Opener"},{"floor":9,"key":"Darkstone Periapt"},{"floor":14,"key":"Peace Pipe"},{"floor":23,"key":"Omamori"},{"floor":26,"key":"Prayer Wheel"},{"floor":31,"key":"Pen Nib"}],"event_choices":[{"damage_healed":0,"gold_gain":75,"player_choice":"Gather Gold","damage_taken":11,"max_hp_gain":0,"max_hp_loss":0,"event_name":"World of Goop","floor":2,"gold_loss":0},{"damage_healed":0,"gold_gain":0,"player_choice":"Leave","damage_taken":0,"max_hp_gain":0,"max_hp_loss":0,"event_name":"The Cleric","floor":3,"gold_loss":0},{"damage_healed":0,"gold_gain":175,"player_choice":"AGREE","damage_taken":0,"max_hp_gain":0,"max_hp_loss":0,"event_name":"Liars Game","floor":4,"gold_loss":0,"cards_obtained":["Doubt"]},{"damage_healed":0,"gold_gain":0,"player_choice":"Grow","damage_taken":0,"max_hp_gain":0,"max_hp_loss":0,"event_name":"Living Wall","floor":5,"gold_loss":0,"cards_upgraded":["Bash"]},{"cards_removed":["Doubt"],"damage_healed":0,"gold_gain":0,"player_choice":"Offered Curse","damage_taken":0,"relics_obtained":["Spirit Poop"],"max_hp_gain":0,"max_hp_loss":0,"event_name":"Bonfire Elementals","floor":10,"gold_loss":0},{"damage_healed":0,"gold_gain":99,"player_choice":"Stole From Cult","damage_taken":0,"max_hp_gain":0,"max_hp_loss":0,"event_name":"Nest","floor":20,"gold_loss":0},{"damage_healed":0,"gold_gain":0,"player_choice":"Bought 0 Potions","damage_taken":0,"max_hp_gain":0,"max_hp_loss":0,"event_name":"The Woman in Blue","floor":21,"gold_loss":0},{"cards_removed":["Defend_G"],"damage_healed":0,"gold_gain":0,"player_choice":"Took Card","damage_taken":0,"max_hp_gain":0,"max_hp_loss":0,"event_name":"NoteForYourself","floor":25,"gold_loss":0,"cards_obtained":["Defend_G"]}],"is_beta":false,"boss_relics":[{"not_picked":["Runic Dome","Velvet Choker"],"picked":"Cursed Key"}],"items_purged_floors":[],"is_endless":false,"potions_floor_spawned":[1,14,18,28,30],"killed_by":"Automaton","ascension_level":0}