{"gold_per_floor":[20,39,55,74,89,89,14,26,96,96,96,125,140,150,150,251,251,265,165,182,196,196,223,223,243,243],"floor_reached":26,"playtime":2471,"items_purged":["Strike_R","Strike_R"],"score":234,"play_id":"5a4706b4-27b0-4a5b-b9a9-21c1d8401f02","local_time":"20190709120220","is_ascension_mode":false,"campfire_choices":[{"data":"Flame Barrier","floor":6,"key":"SMITH"},{"data":"Armaments","floor":10,"key":"SMITH"},{"data":"True Grit","floor":15,"key":"SMITH"},{"data":"Armaments","floor":24,"key":"SMITH"}],"neow_cost":"NO_GOLD","seed_source_timestamp":2482190020357,"circlet_count":0,"master_deck":["Defend_R","Defend_R","Defend_R","Bash","True Grit+1","Flame Barrier+1","Reckless Charge","Headbutt","Wild Strike","Armaments+1","Sever Soul","Iron Wave","Thunderclap","Barricade+1","Armaments+1","Pommel Strike","Clash","Iron Wave","Immolate","Cleave","Normality"],"relics":["Burning Blood","Frozen Egg 2","Bronze Scales","Cursed Key","Torii","MawBank"],"potions_floor_usage":[16,23],"damage_taken":[{"damage":6,"enemies":"Cultist","floor":1,"turns":3},{"damage":6,"enemies":"Jaw Worm","floor":2,"turns":4},{"damage":5,"enemies":"Small Slimes","floor":3,"turns":4},{"damage":1,"enemies":"3 Louse","floor":4,"turns":4},{"damage":5,"enemies":"Blue Slaver","floor":5,"turns":5},{"damage":3,"enemies":"Red Slaver","floor":8,"turns":4},{"damage":20,"enemies":"Lagavulin","floor":12,"turns":6},{"damage":3,"enemies":"Looter","floor":13,"turns":3},{"damage":11,"enemies":"Large Slime","floor":14,"turns":5},{"damage":36,"enemies":"The Guardian","floor":16,"turns":12},{"damage":5,"enemies":"Shell Parasite","floor":18,"turns":6},{"damage":0,"enemies":"Chosen","floor":20,"turns":4},{"damage":26,"enemies":"Centurion and Healer","floor":21,"turns":12},{"damage":14,"enemies":"Book of Stabbing","floor":23,"turns":5},{"damage":7,"enemies":"3 Cultists","floor":25,"turns":4}],"seed_played":"-2353203295444442227","potions_obtained":[{"floor":2,"key":"Dexterity Potion"},{"floor":4,"key":"GamblersBrew"},{"floor":12,"key":"SpeedPotion"},{"floor":13,"key":"SteroidPotion"},{"floor":14,"key":"PowerPotion"},{"floor":20,"key":"EssenceOfSteel"},{"floor":25,"key":"SkillPotion"}],"is_trial":false,"path_per_floor":["M","M","M","M","M","R","$","M","T","R","?","E","M","M","R","B",null,"M","$","M","M","?","E","R","M","T"],"character_chosen":"IRONCLAD","items_purchased":[],"campfire_rested":0,"item_purchase_floors":[],"current_hp_per_floor":[80,80,80,80,80,80,80,80,80,80,80,66,69,64,64,34,80,80,80,80,60,60,52,52,51,51],"gold":243,"neow_bonus":"REMOVE_TWO","is_prod":false,"is_daily":false,"chose_seed":false,"campfire_upgraded":4,"win_rate":0.0,"timestamp":1562666540,"path_taken":["M","M","?","M","M","R","$","M","T","R","?","E","M","M","R","BOSS","M","$","M","M","?","E","R","?","T"],"build_version":"2019-07-05","purchased_purges":2,"victory":false,"max_hp_per_floor":[80,80,80,80,80,80,80,80,80,80,80,80,80,80,80,80,80,80,80,80,80,80,80,80,80,80],"card_choices":[{"not_picked":["Clothesline","Iron Wave"],"picked":"True Grit","floor":1},{"not_picked":["Havoc","Sword Boomerang"],"picked":"Flame Barrier","floor":2},{"not_picked":["Iron Wave","Sword Boomerang"],"picked":"Reckless Charge","floor":3},{"not_picked":["Flex","Corruption"],"picked":"Headbutt","floor":4},{"not_picked":["Dropkick","Berserk"],"picked":"Wild Strike","floor":5},{"not_picked":["Burning Pact","Cleave"],"picked":"Armaments","floor":8},{"not_picked":["Twin Strike","Flex","Limit Break"],"picked":"SKIP","floor":12},{"not_picked":["Sword Boomerang","Clothesline"],"picked":"Iron Wave","floor":13},{"not_picked":["Rampage","Clothesline"],"picked":"Thunderclap","floor":14},{"not_picked":["Bludgeon","Exhume"],"picked":"Barricade+1","floor":16},{"not_picked":["Flex","Perfected Strike"],"picked":"Armaments","floor":18},{"not_picked":["Burning Pact","Rupture+1"],"picked":"Pommel Strike","floor":20},{"not_picked":["Spot Weakness","Heavy Blade"],"picked":"Clash","floor":21},{"not_picked":["Iron Wave","Perfected Strike"],"picked":"Immolate","floor":23},{"not_picked":["Rampage","Clash+1"],"picked":"Cleave","floor":25}],"player_experience":50459,"relics_obtained":[{"floor":9,"key":"Frozen Egg 2"},{"floor":12,"key":"Bronze Scales"},{"floor":23,"key":"Torii"},{"floor":26,"key":"MawBank"}],"event_choices":[{"damage_healed":0,"gold_gain":0,"cards_transformed":["Strike_R"],"player_choice":"Transformed","damage_taken":0,"max_hp_gain":0,"max_hp_loss":0,"event_name":"Transmorgrifier","floor":11,"gold_loss":0,"cards_obtained":["Sever Soul"]},{"cards_removed":["Defend_R"],"damage_healed":0,"gold_gain":0,"player_choice":"Took Card","damage_taken":0,"max_hp_gain":0,"max_hp_loss":0,"event_name":"NoteForYourself","floor":22,"gold_loss":0,"cards_obtained":["Iron Wave"]}],"is_beta":false,"boss_relics":[{"not_picked":["Lizard Tail","Calling Bell"],"picked":"Cursed Key"}],"items_purged_floors":[7,19],"is_endless":false,"potions_floor_spawned":[2,4,12,13,14,20,25],"ascension_level":0}