{"gold_per_floor":[119,119,137,137,62,62,87,87,158,169,186,111,111,125,125,199,199,218,218,231,245,245,274,274,274,326,345,345,360,393,410,410,487,487,504,210,210,258,285,285,305,77,77,92,192,192,242,257,257,257],"floor_reached":51,"playtime":3802,"items_purged":["Pain","Decay"],"score":1136,"play_id":"ff96c774-3fa0-46a3-9048-3762b89909fd","local_time":"20190707000649","is_ascension_mode":true,"campfire_choices":[{"data":"Body Slam","floor":6,"key":"SMITH"},{"data":"Spot Weakness","floor":8,"key":"SMITH"},{"data":"Fiend Fire","floor":13,"key":"SMITH"},{"data":"Bash","floor":15,"key":"SMITH"},{"floor":25,"key":"REST"},{"floor":32,"key":"REST"},{"floor":40,"key":"REST"},{"floor":46,"key":"REST"},{"floor":49,"key":"REST"}],"neow_cost":"NONE","seed_source_timestamp":1937362465141402,"circlet_count":0,"master_deck":["AscendersBane","Strike_R","Strike_R","Defend_R","Defend_R","Defend_R","Bash+1","Ghostly Armor","Body Slam+1","Spot Weakness+1","Headbutt","Fiend Fire+1","Thunderclap","Double Tap+1","Heavy Blade","Uppercut","Offering","Shrug It Off","Shrug It Off","Clothesline+1","Heavy Blade+1"],"relics":["Burning Blood","WarpedTongs","Centennial Puzzle","Darkstone Periapt","Fusion Hammer","Potion Belt","Bronze Scales","Ornamental Fan","Runic Dome","Oddly Smooth Stone","StoneCalendar","Red Skull","Paper Frog","Calipers"],"potions_floor_usage":[3,11,18,23,30,33,33,33,45,48,50,50,50],"damage_taken":[{"damage":6,"enemies":"Jaw Worm","floor":1,"turns":6},{"damage":0,"enemies":"Cultist","floor":3,"turns":4},{"damage":2,"enemies":"Lagavulin","floor":7,"turns":6},{"damage":1,"enemies":"Small Slimes","floor":10,"turns":3},{"damage":7,"enemies":"Exordium Thugs","floor":11,"turns":4},{"damage":1,"enemies":"2 Fungi Beasts","floor":14,"turns":3},{"damage":9,"enemies":"The Guardian","floor":16,"turns":6},{"damage":8,"enemies":"Chosen","floor":18,"turns":3},{"damage":0,"enemies":"Spheric Guardian","floor":20,"turns":3},{"damage":1,"enemies":"Centurion and Healer","floor":21,"turns":4},{"damage":22,"enemies":"Slavers","floor":23,"turns":3},{"damage":0,"enemies":"Chosen and Byrds","floor":27,"turns":4},{"damage":15,"enemies":"3 Cultists","floor":29,"turns":4},{"damage":20,"enemies":"Book of Stabbing","floor":30,"turns":3},{"damage":7,"enemies":"Sentry and Sphere","floor":31,"turns":3},{"damage":54,"enemies":"Automaton","floor":33,"turns":10},{"damage":6,"enemies":"Orb Walker","floor":35,"turns":2},{"damage":13,"enemies":"2 Orb Walkers","floor":38,"turns":3},{"damage":21,"enemies":"3 Darklings","floor":41,"turns":2},{"damage":59,"enemies":"Writhing Mass","floor":44,"turns":3},{"damage":6,"enemies":"Mind Bloom Boss Battle","floor":45,"turns":3},{"damage":8,"enemies":"Maw","floor":48,"turns":6},{"damage":9,"enemies":"Awakened One","floor":50,"turns":9}],"seed_played":"40292284701859511","potions_obtained":[{"floor":1,"key":"AttackPotion"},{"floor":3,"key":"Block Potion"},{"floor":7,"key":"Weak Potion"},{"floor":16,"key":"Weak Potion"},{"floor":18,"key":"SpeedPotion"},{"floor":29,"key":"Regen Potion"},{"floor":30,"key":"Ancient Potion"},{"floor":31,"key":"Swift Potion"},{"floor":44,"key":"Strength Potion"},{"floor":45,"key":"FearPotion"},{"floor":48,"key":"Ancient Potion"}],"is_trial":false,"path_per_floor":["M","?","M","?","$","R","E","R","T","M","M","?","R","M","R","B",null,"M","?","M","M","?","E","?","R","T","M","?","M","E","M","R","B",null,"M","$","?","?","T","R","M","$","T","M","?","R","?","M","R","B",null],"character_chosen":"IRONCLAD","items_purchased":["Oddly Smooth Stone","Shrug It Off","Shrug It Off","BloodPotion","Block Potion","SpeedPotion"],"campfire_rested":5,"item_purchase_floors":[36,36,42,42,42,42],"current_hp_per_floor":[68,68,74,74,74,74,75,75,75,75,74,74,74,75,75,72,74,72,72,75,75,54,38,44,69,69,75,75,66,61,60,85,37,74,74,74,74,67,67,86,71,71,71,18,39,64,64,62,86,83],"gold":257,"neow_bonus":"REMOVE_CARD","is_prod":false,"is_daily":false,"chose_seed":false,"campfire_upgraded":4,"win_rate":0,"timestamp":1562425609,"path_taken":["M","?","?","?","$","R","E","R","T","?","M","?","R","M","R","BOSS","M","?","M","M","?","E","?","R","T","?","?","M","E","?","R","BOSS","M","$","?","?","?","R","M","$","T","M","?","R","?","M","R","BOSS"],"build_version":"2019-07-01","purchased_purges":2,"victory":true,"max_hp_per_floor":[75,75,75,75,75,75,75,75,75,75,75,75,75,75,75,75,75,75,75,75,75,80,80,86,86,86,86,86,86,86,86,86,86,86,86,86,86,86,86,86,86,86,86,86,86,86,86,86,86,86],"card_choices":[{"not_picked":["Hemokinesis","Clash"],"picked":"Ghostly Armor","floor":1},{"not_picked":["Twin Strike","Wild Strike"],"picked":"Body Slam","floor":3},{"not_picked":["Twin Strike","Pommel Strike"],"picked":"Spot Weakness","floor":7},{"not_picked":["Ghostly Armor","Twin Strike"],"picked":"Headbutt","floor":10},{"not_picked":["Twin Strike","Sever Soul"],"picked":"Fiend Fire","floor":11},{"not_picked":["Cleave","Pommel Strike"],"picked":"Thunderclap","floor":14},{"not_picked":["Juggernaut","Bludgeon"],"picked":"Double Tap","floor":16},{"not_picked":["Rampage+1","Anger","Headbutt"],"picked":"SKIP","floor":18},{"not_picked":["Flex","Clash+1","Heavy Blade"],"picked":"SKIP","floor":21},{"not_picked":["Combust","True Grit","Fire Breathing+1"],"picked":"SKIP","floor":23},{"not_picked":["Entrench","Evolve","Cleave+1"],"picked":"SKIP","floor":27},{"not_picked":["Bloodletting","Carnage"],"picked":"Heavy Blade","floor":29},{"not_picked":["Dropkick","Corruption"],"picked":"Uppercut","floor":30},{"not_picked":["Body Slam+1","Heavy Blade","Reckless Charge"],"picked":"SKIP","floor":31},{"not_picked":["Limit Break","Immolate"],"picked":"Offering","floor":33},{"not_picked":["Sentinel","Twin Strike","Carnage"],"picked":"SKIP","floor":35},{"not_picked":["Armaments","Inflame+1","Fire Breathing"],"picked":"SKIP","floor":41},{"not_picked":["Hemokinesis","Iron Wave","Combust"],"picked":"SKIP","floor":44},{"not_picked":["Dark Embrace","Shrug It Off"],"picked":"Clothesline+1","floor":45},{"not_picked":["Shockwave","Anger+1"],"picked":"Heavy Blade+1","floor":48}],"player_experience":1096062,"relics_obtained":[{"floor":7,"key":"Centennial Puzzle"},{"floor":9,"key":"Darkstone Periapt"},{"floor":23,"key":"Potion Belt"},{"floor":26,"key":"Bronze Scales"},{"floor":30,"key":"Ornamental Fan"},{"floor":38,"key":"StoneCalendar"},{"floor":39,"key":"Red Skull"},{"floor":43,"key":"Paper Frog"},{"floor":45,"key":"Calipers"}],"event_choices":[{"cards_removed":["Strike_R"],"damage_healed":0,"gold_gain":0,"player_choice":"Offered Basic","damage_taken":0,"max_hp_gain":0,"max_hp_loss":0,"event_name":"Bonfire Elementals","floor":2,"gold_loss":0},{"damage_healed":0,"gold_gain":0,"player_choice":"Rummage","damage_taken":0,"relics_obtained":["WarpedTongs"],"max_hp_gain":0,"max_hp_loss":0,"event_name":"Accursed Blacksmith","floor":4,"gold_loss":0,"cards_obtained":["Pain"]},{"cards_removed":["Strike_R"],"damage_healed":0,"gold_gain":0,"player_choice":"Card Removal","damage_taken":0,"max_hp_gain":0,"max_hp_loss":0,"event_name":"The Cleric","floor":12,"gold_loss":75},{"damage_healed":0,"gold_gain":0,"player_choice":"Ignored","damage_taken":0,"max_hp_gain":0,"max_hp_loss":0,"event_name":"Beggar","floor":19,"gold_loss":0},{"damage_healed":0,"gold_gain":0,"player_choice":"Shed Blood","damage_taken":26,"max_hp_gain":5,"max_hp_loss":0,"event_name":"Forgotten Altar","floor":22,"gold_loss":0},{"damage_healed":0,"gold_gain":0,"player_choice":"Cursed","damage_taken":0,"max_hp_gain":0,"max_hp_loss":0,"event_name":"Wheel of Change","floor":24,"gold_loss":0,"cards_obtained":["Decay"]},{"damage_healed":0,"gold_gain":0,"player_choice":"Upgraded","damage_taken":0,"max_hp_gain":0,"max_hp_loss":0,"event_name":"Upgrade Shrine","floor":28,"gold_loss":0,"cards_upgraded":["Double Tap"]},{"cards_removed":["Defend_R"],"damage_healed":0,"gold_gain":0,"player_choice":"Removed Skill","damage_taken":0,"max_hp_gain":0,"max_hp_loss":0,"event_name":"Falling","floor":37,"gold_loss":0},{"damage_healed":0,"gold_gain":0,"player_choice":"Fight","damage_taken":0,"max_hp_gain":0,"max_hp_loss":0,"event_name":"Mysterious Sphere","floor":38,"gold_loss":0},{"damage_healed":0,"gold_gain":0,"player_choice":"Fight","damage_taken":0,"max_hp_gain":0,"max_hp_loss":0,"event_name":"MindBloom","floor":45,"gold_loss":0},{"damage_healed":0,"gold_gain":50,"player_choice":"Pray","damage_taken":0,"max_hp_gain":0,"max_hp_loss":0,"event_name":"Golden Shrine","floor":47,"gold_loss":0}],"is_beta":false,"boss_relics":[{"not_picked":["Runic Cube","White Beast Statue"],"picked":"Fusion Hammer"},{"not_picked":["Sozu","Mark of Pain"],"picked":"Runic Dome"}],"items_purged_floors":[5,36],"is_endless":false,"potions_floor_spawned":[1,3,7,10,16,18,29,30,31,44,45,48],"ascension_level":15}