{"gold_per_floor":[119,119,135,147,222,251,251,263,313,313,333,361,536,536,536,635,635,651,701,716,730,655,686,698,741,779,791,820,842,881,893,905,1017,1029,1058,574,629,504,520,546,546,557,608,264,486,505,215,234,234,234,234,234,4,31,31],"floor_reached":55,"playtime":2965,"items_purged":["Strike_G","Bane"],"score":768,"play_id":"d5daeabc-0267-4916-807a-c81687cce7d9","local_time":"20190109162523","is_ascension_mode":false,"campfire_choices":[{"floor":10.0,"key":"REST"},{"floor":15.0,"key":"REST"},{"floor":24.0,"key":"RECALL"},{"floor":27.0,"key":"REST"},{"floor":32.0,"key":"REST"},{"floor":41.0,"key":"REST"},{"floor":49.0,"key":"REST"},{"floor":52.0,"key":"REST"}],"neow_cost":"NONE","seed_source_timestamp":0,"circlet_count":0,"master_deck":["Defend_G","Defend_G","Strike_G","Strike_G+1","Strike_G","Survivor","Neutralize","Noxious Fumes","Catalyst","Bane","Footwork","Deflect","Dagger Throw+1","Die Die Die+1","Corpse Explosion","Doppelganger+1","Glass Knife+1","Calculated Gamble+1","Poisoned Stab","Bane+1","Backflip","Deadly Poison","Backflip+1","Deadly Poison","Envenom","Well Laid Plans","Malaise","Sadistic Nature","Escape Plan","Outmaneuver","Bane+1","Panacea","Outmaneuver","Blur"],"special_seed":0,"relics":["Fusion Hammer","Meat on the Bone","Blood Vial","Odd Mushroom","Centennial Puzzle","Astrolabe","MawBank","Red Mask","PreservedInsect","Busted Crown","Anchor","Pocketwatch","Bag of Preparation","Bottled Lightning","Juzu Bracelet","Bottled Flame","ClockworkSouvenir","Chemical X","Whetstone"],"potions_floor_usage":[55,55,55],"damage_taken":[{"damage":0.0,"enemies":"Small Slimes","floor":1.0,"turns":4.0},{"damage":4.0,"enemies":"Jaw Worm","floor":3.0,"turns":4.0},{"damage":0.0,"enemies":"2 Louse","floor":4.0,"turns":3.0},{"damage":25.0,"enemies":"Gremlin Nob","floor":6.0,"turns":5.0},{"damage":4.0,"enemies":"Gremlin Gang","floor":8.0,"turns":4.0},{"damage":12.0,"enemies":"The Mushroom Lair","floor":11.0,"turns":4.0},{"damage":13.0,"enemies":"3 Sentries","floor":12.0,"turns":7.0},{"damage":34.0,"enemies":"Hexaghost","floor":16.0,"turns":13.0},{"damage":2.0,"enemies":"Chosen","floor":18.0,"turns":4.0},{"damage":0.0,"enemies":"3 Byrds","floor":20.0,"turns":2.0},{"damage":12.0,"enemies":"Snecko","floor":21.0,"turns":5.0},{"damage":27.0,"enemies":"Slavers","floor":23.0,"turns":2.0},{"damage":8.0,"enemies":"Masked Bandits","floor":25.0,"turns":4.0},{"damage":25.0,"enemies":"Centurion and Healer","floor":28.0,"turns":5.0},{"damage":12.0,"enemies":"Snake Plant","floor":29.0,"turns":4.0},{"damage":10.0,"enemies":"Gremlin Leader","floor":30.0,"turns":5.0},{"damage":61.0,"enemies":"Automaton","floor":33.0,"turns":8.0},{"damage":1.0,"enemies":"3 Darklings","floor":35.0,"turns":3.0},{"damage":21.0,"enemies":"2 Orb Walkers","floor":37.0,"turns":3.0},{"damage":9.0,"enemies":"3 Shapes","floor":39.0,"turns":3.0},{"damage":16.0,"enemies":"Giant Head","floor":40.0,"turns":6.0},{"damage":16.0,"enemies":"Sphere and 2 Shapes","floor":42.0,"turns":4.0},{"damage":7.0,"enemies":"Writhing Mass","floor":46.0,"turns":5.0},{"damage":0.0,"enemies":"3 Darklings","floor":48.0,"turns":2.0},{"damage":40.0,"enemies":"Time Eater","floor":50.0,"turns":8.0},{"damage":33.0,"enemies":"Shield and Spear","floor":54.0,"turns":5.0},{"damage":40,"enemies":"The Heart","floor":55,"turns":5}],"seed_played":"5832008005230304603","potions_obtained":[{"floor":1.0,"key":"Weak Potion"},{"floor":7.0,"key":"Swift Potion"},{"floor":7.0,"key":"Energy Potion"},{"floor":8.0,"key":"EssenceOfSteel"},{"floor":12.0,"key":"SteroidPotion"},{"floor":28.0,"key":"SneckoOil"},{"floor":37.0,"key":"FearPotion"},{"floor":46.0,"key":"Dexterity Potion"}],"is_trial":false,"path_per_floor":["M","?","M","M","?","E","?","M","T","R","?","E","?","?","R","B",null,"M","?","M","M","?","E","R","?","T","R","M","M","E","?","R","B",null,"M","$","?","?","M","E","R","M","T","$","?","M","$","M","R","B",null,"R","$","E","B"],"character_chosen":"THE_SILENT","items_purchased":["Anchor","Sadistic Nature","Escape Plan","Bottled Flame","ClockworkSouvenir","Panacea","Chemical X","Blur"],"campfire_rested":7,"item_purchase_floors":[36,36,36,44,47,47,53,53],"current_hp_per_floor":[70,56,52,52,41,16,16,24,24,45,47,36,36,36,57,37,70,68,68,70,58,58,45,45,39,39,60,37,39,43,43,64,17,70,69,69,49,49,42,40,61,47,47,47,47,42,42,44,65,39,70,70,70,37,0],"gold":31,"neow_bonus":"BOSS_RELIC","is_prod":false,"is_daily":false,"chose_seed":false,"campfire_upgraded":0,"win_rate":1,"timestamp":1547069123,"path_taken":["M","?","M","M","?","E","?","?","T","R","?","E","?","?","R","BOSS","M","?","?","M","?","E","R","?","T","R","M","M","E","?","R","BOSS","M","$","?","?","?","E","R","M","T","$","?","M","$","M","R","BOSS","R","$","E","BOSS"],"build_version":"2019-01-03v4","purchased_purges":2,"victory":false,"max_hp_per_floor":[70,70,70,70,70,70,70,70,70,70,70,70,70,70,70,70,70,70,70,70,70,70,70,70,70,70,70,70,70,70,70,70,70,70,70,70,70,70,70,70,70,70,70,70,70,70,70,70,70,70,70,70,70,70,70],"card_choices":[{"not_picked":["Dagger Throw","PiercingWail"],"picked":"Noxious Fumes","floor":1.0},{"not_picked":["Finisher","Acrobatics"],"picked":"Catalyst","floor":3.0},{"not_picked":["Underhanded Strike","Outmaneuver"],"picked":"Bane","floor":4.0},{"not_picked":["Blade Dance","Night Terror"],"picked":"Footwork","floor":6.0},{"not_picked":["PiercingWail","Expertise"],"picked":"Deflect","floor":8.0},{"not_picked":["Slice","Prepared"],"picked":"Dagger Throw","floor":11.0},{"not_picked":["After Image","Skewer"],"picked":"Die Die Die","floor":12.0},{"not_picked":["Adrenaline","Burst"],"picked":"Corpse Explosion","floor":16.0},{"not_picked":["All Out Attack","Acrobatics"],"picked":"Poisoned Stab","floor":18.0},{"not_picked":["Leg Sweep","Flying Knee+1"],"picked":"Bane+1","floor":20.0},{"not_picked":["Dagger Spray+1","Choke"],"picked":"Backflip","floor":21.0},{"not_picked":["Poisoned Stab","Predator"],"picked":"Deadly Poison","floor":23.0},{"not_picked":["After Image","Leg Sweep+1"],"picked":"Backflip+1","floor":25.0},{"not_picked":["PiercingWail","Underhanded Strike"],"picked":"Deadly Poison","floor":28.0},{"not_picked":["Reflex+1","Finisher+1"],"picked":"Bane","floor":29.0},{"not_picked":["Blur","Sucker Punch"],"picked":"Envenom","floor":30.0},{"not_picked":["Phantasmal Killer","Glass Knife"],"picked":"Malaise","floor":33.0},{"not_picked":["PiercingWail"],"picked":"SKIP","floor":35.0},{"not_picked":[],"picked":"Outmaneuver","floor":37.0},{"not_picked":["Deflect"],"picked":"SKIP","floor":39.0},{"not_picked":["Flying Knee"],"picked":"SKIP","floor":40.0},{"not_picked":[],"picked":"Bane+1","floor":42.0},{"not_picked":["Quick Slash"],"picked":"SKIP","floor":46.0},{"not_picked":[],"picked":"Outmaneuver","floor":48.0},{"not_picked":["Flying Knee"],"picked":"SKIP","floor":54.0}],"player_experience":30460,"relics_obtained":[{"floor":6.0,"key":"Meat on the Bone"},{"floor":9.0,"key":"Blood Vial"},{"floor":11.0,"key":"Odd Mushroom"},{"floor":12.0,"key":"Centennial Puzzle"},{"floor":23.0,"key":"MawBank"},{"floor":25.0,"key":"Red Mask"},{"floor":30.0,"key":"PreservedInsect"},{"floor":37.0,"key":"Pocketwatch"},{"floor":40.0,"key":"Bottled Lightning"},{"floor":43.0,"key":"Juzu Bracelet"},{"floor":54.0,"key":"Whetstone"}],"event_choices":[{"damage_healed":0.0,"max_hp_gain":0.0,"max_hp_loss":0.0,"gold_gain":0.0,"event_name":"Shining Light","player_choice":"Entered Light","floor":2.0,"gold_loss":0.0,"damage_taken":14.0,"cards_upgraded":["Defend_G","Strike_G"]},{"damage_healed":0.0,"max_hp_gain":0.0,"max_hp_loss":0.0,"gold_gain":75.0,"event_name":"World of Goop","player_choice":"Gather Gold","floor":5.0,"gold_loss":0.0,"damage_taken":11.0},{"damage_healed":0.0,"max_hp_gain":0.0,"max_hp_loss":0.0,"gold_gain":0.0,"event_name":"Lab","player_choice":"Got Potions","floor":7.0,"gold_loss":0.0,"damage_taken":0.0},{"damage_healed":0.0,"max_hp_gain":0.0,"max_hp_loss":0.0,"gold_gain":0.0,"event_name":"Mushrooms","player_choice":"Fought Mushrooms","floor":11.0,"gold_loss":0.0,"damage_taken":0.0},{"damage_healed":0.0,"max_hp_gain":0.0,"max_hp_loss":0.0,"gold_gain":175.0,"event_name":"Liars Game","player_choice":"AGREE","floor":13.0,"gold_loss":0.0,"damage_taken":0.0,"cards_obtained":["Doubt"]},{"cards_removed":["Doubt"],"damage_healed":0.0,"max_hp_gain":0.0,"max_hp_loss":0.0,"gold_gain":0.0,"event_name":"Living Wall","player_choice":"Forget","floor":14.0,"gold_loss":0.0,"damage_taken":0.0},{"damage_healed":0.0,"max_hp_gain":0.0,"max_hp_loss":0.0,"gold_gain":100.0,"event_name":"The Joust","player_choice":"Bet on Murderer","floor":19.0,"gold_loss":50.0,"damage_taken":0.0},{"cards_removed":["Defend_G"],"damage_healed":0.0,"max_hp_gain":0.0,"max_hp_loss":0.0,"gold_gain":0.0,"event_name":"Beggar","player_choice":"Gave Gold","floor":22.0,"gold_loss":75.0,"damage_taken":0.0},{"damage_healed":0.0,"max_hp_gain":0.0,"max_hp_loss":0.0,"gold_gain":0.0,"event_name":"Masked Bandits","player_choice":"Fought Bandits","floor":25.0,"gold_loss":0.0,"damage_taken":0.0},{"damage_healed":0.0,"max_hp_gain":0.0,"max_hp_loss":0.0,"gold_gain":0.0,"event_name":"The Library","player_choice":"Read","floor":31.0,"gold_loss":0.0,"damage_taken":0.0,"cards_obtained":["Well Laid Plans"]},{"damage_healed":0.0,"max_hp_gain":0.0,"max_hp_loss":0.0,"gold_gain":0.0,"event_name":"Mysterious Sphere","player_choice":"Fight","floor":37.0,"gold_loss":0.0,"damage_taken":0.0},{"damage_healed":0.0,"max_hp_gain":0.0,"max_hp_loss":0.0,"gold_gain":0.0,"event_name":"WeMeetAgain","player_choice":"Paid Gold","floor":38.0,"gold_loss":125.0,"damage_taken":0.0,"relics_obtained":["Bag of Preparation"]},{"damage_healed":0.0,"max_hp_gain":0.0,"max_hp_loss":0.0,"gold_gain":222.0,"event_name":"Tomb of Lord Red Mask","player_choice":"Wore Mask","floor":45.0,"gold_loss":0.0,"damage_taken":0.0}],"is_beta":false,"boss_relics":[{"not_picked":["WristBlade","Runic Dome"],"picked":"Astrolabe"},{"not_picked":["Lizard Tail","Philosopher\u0027s Stone"],"picked":"Busted Crown"}],"items_purged_floors":[36,44],"is_endless":false,"potions_floor_spawned":[1,8,11,12,21,28,29,30,37,40,46],"killed_by":"The Heart","ascension_level":0}