{"gold_per_floor":[117,133,151,163,177,177,205,205,205,205,205,4,32,44,44,144,144,156,171,171],"floor_reached":20,"playtime":1023,"items_purged":[],"score":211,"play_id":"2b8da078-595a-422a-960b-46e8e3786c97","local_time":"20190430130018","is_ascension_mode":true,"campfire_choices":[{"data":"Footwork","floor":6,"key":"SMITH"},{"floor":8,"key":"REST"},{"floor":10,"key":"REST"},{"floor":15,"key":"REST"}],"neow_cost":"NONE","seed_source_timestamp":17989230424993,"circlet_count":0,"master_deck":["Defend_G","Defend_G","Defend_G","Defend_G","Defend_G","Strike_G","Strike_G","Strike_G","Strike_G","Strike_G","Survivor","Neutralize","Caltrops","Cloak And Dagger","Sucker Punch","Footwork+1","Tactician","Skewer","Blade Dance","Quick Slash","A Thousand Cuts","Quick Slash","Burst","Caltrops","Dagger Throw"],"relics":["Ring of the Snake","NeowsBlessing","Odd Mushroom","Ginger","The Courier","Vajra","Peace Pipe","Cursed Key"],"potions_floor_usage":[5,7,7,16,16,20],"damage_taken":[{"damage":0,"enemies":"2 Louse","floor":1,"turns":1},{"damage":0,"enemies":"Jaw Worm","floor":2,"turns":1},{"damage":0,"enemies":"Small Slimes","floor":3,"turns":1},{"damage":37,"enemies":"Gremlin Gang","floor":4,"turns":6},{"damage":0,"enemies":"Looter","floor":5,"turns":5},{"damage":26,"enemies":"The Mushroom Lair","floor":7,"turns":6},{"damage":20,"enemies":"3 Sentries","floor":13,"turns":8},{"damage":7,"enemies":"2 Fungi Beasts","floor":14,"turns":4},{"damage":35,"enemies":"The Guardian","floor":16,"turns":16},{"damage":26,"enemies":"3 Byrds","floor":18,"turns":4},{"damage":19,"enemies":"Spheric Guardian","floor":19,"turns":3},{"damage":28,"enemies":"Snecko","floor":20,"turns":4}],"seed_played":"-3180978446604630914","potions_obtained":[{"floor":1,"key":"Poison Potion"},{"floor":3,"key":"EssenceOfSteel"},{"floor":4,"key":"SteroidPotion"},{"floor":13,"key":"Block Potion"},{"floor":14,"key":"Swift Potion"},{"floor":18,"key":"GamblersBrew"}],"is_trial":false,"path_per_floor":["M","M","M","M","M","R","?","R","T","R","?","$","E","M","R","B",null,"M","M","M"],"character_chosen":"THE_SILENT","items_purchased":["Vajra","Blade Dance","Quick Slash"],"campfire_rested":3,"item_purchase_floors":[12,12,12],"current_hp_per_floor":[70,70,70,33,33,33,7,28,28,49,46,46,26,19,40,5,70,44,25,0],"gold":171,"neow_bonus":"THREE_ENEMY_KILL","is_prod":false,"is_daily":false,"chose_seed":false,"campfire_upgraded":1,"win_rate":0,"timestamp":1556593218,"path_taken":["M","M","M","M","M","R","?","R","T","R","?","$","E","?","R","BOSS","M","M","M"],"build_version":"2019-01-23","purchased_purges":0,"victory":false,"max_hp_per_floor":[70,70,70,70,70,70,70,70,70,70,70,70,70,70,70,70,70,70,70,70],"card_choices":[{"not_picked":["Dagger Throw","Bouncing Flask"],"picked":"Caltrops","floor":1},{"not_picked":["Terror","Outmaneuver"],"picked":"Cloak And Dagger","floor":2},{"not_picked":["Deadly Poison","Choke"],"picked":"Sucker Punch","floor":3},{"not_picked":["Dodge and Roll","Heel Hook"],"picked":"Footwork","floor":4},{"not_picked":["Sucker Punch","Underhanded Strike"],"picked":"Tactician","floor":5},{"not_picked":["Underhanded Strike","Unload"],"picked":"Skewer","floor":7},{"not_picked":["Outmaneuver","Endless Agony"],"picked":"A Thousand Cuts","floor":13},{"not_picked":["Expertise","Outmaneuver"],"picked":"Quick Slash","floor":14},{"not_picked":["Bullet Time","A Thousand Cuts"],"picked":"Burst","floor":16},{"not_picked":["Accuracy","Underhanded Strike"],"picked":"Caltrops","floor":18},{"not_picked":["Eviscerate","Blade Dance"],"picked":"Dagger Throw","floor":19}],"player_experience":520831,"relics_obtained":[{"floor":7,"key":"Odd Mushroom"},{"floor":9,"key":"Ginger"},{"floor":13,"key":"Peace Pipe"}],"event_choices":[{"damage_healed":0,"gold_gain":0,"player_choice":"Fought Mushrooms","damage_taken":0,"max_hp_gain":0,"max_hp_loss":0,"event_name":"Mushrooms","floor":7,"gold_loss":0},{"damage_healed":0,"gold_gain":0,"player_choice":"Success","damage_taken":3,"relics_obtained":["The Courier"],"max_hp_gain":0,"max_hp_loss":0,"event_name":"Scrap Ooze","floor":11,"gold_loss":0}],"is_beta":false,"boss_relics":[{"not_picked":["Busted Crown","Calling Bell"],"picked":"Cursed Key"}],"items_purged_floors":[],"is_endless":false,"potions_floor_spawned":[1,3,4,13,14,18],"killed_by":"Snecko","ascension_level":4}