{"gold_per_floor":[109,30,45,62,62,62,92,92,119,119,134,209,209,26,26,119,119,142,67,82,82,132,132,132,132,132,47,71,71,71],"floor_reached":30,"playtime":1067,"items_purged":["Strike_R"],"score":392,"play_id":"95d57e8e-b154-4eaf-8c69-c0e4c1fa744b","local_time":"20190717001056","is_ascension_mode":true,"campfire_choices":[{"data":"Uppercut","floor":6,"key":"SMITH"},{"data":"Shockwave","floor":10,"key":"SMITH"},{"floor":15,"key":"REST"},{"data":"Rampage","floor":23,"key":"SMITH"},{"floor":29,"key":"REST"}],"neow_cost":"PERCENT_DAMAGE","seed_source_timestamp":466658347741372,"circlet_count":0,"master_deck":["AscendersBane","Strike_R","Strike_R","Strike_R","Strike_R","Defend_R","Defend_R","Defend_R","Defend_R","Bash","Shockwave+1","Uppercut+1","Rampage+1","Cleave","Shrug It Off","Offering","Headbutt","Writhe","Necronomicurse","Demon Form","Spot Weakness"],"relics":["Burning Blood","Calipers","Juzu Bracelet","Centennial Puzzle","Dream Catcher","Golden Idol","Lantern","Philosopher\u0027s Stone","Matryoshka","Necronomicon","The Courier","Bottled Lightning","Vajra"],"potions_floor_usage":[16,18,30],"damage_taken":[{"damage":6,"enemies":"Cultist","floor":1,"turns":3},{"damage":8,"enemies":"Small Slimes","floor":3,"turns":5},{"damage":4,"enemies":"Jaw Worm","floor":4,"turns":4},{"damage":35,"enemies":"3 Sentries","floor":7,"turns":8},{"damage":15,"enemies":"Lots of Slimes","floor":11,"turns":4},{"damage":6,"enemies":"The Guardian","floor":16,"turns":13},{"damage":14,"enemies":"3 Byrds","floor":18,"turns":4},{"damage":28,"enemies":"Shell Parasite","floor":20,"turns":5},{"damage":14,"enemies":"Centurion and Healer","floor":28,"turns":3},{"damage":17,"enemies":"Book of Stabbing","floor":30,"turns":3}],"seed_played":"3902489266043468375","potions_obtained":[{"floor":4,"key":"Strength Potion"},{"floor":11,"key":"Dexterity Potion"},{"floor":16,"key":"Regen Potion"},{"floor":18,"key":"EssenceOfSteel"},{"floor":28,"key":"Strength Potion"}],"is_trial":false,"path_per_floor":["M","$","M","M","?","R","E","?","T","R","M","?","?","$","R","B",null,"M","$","M","?","?","R","?","?","T","?","M","R","E"],"character_chosen":"IRONCLAD","items_purchased":["Uppercut","Lantern","Shrug It Off"],"campfire_rested":2,"item_purchase_floors":[2,14,14],"current_hp_per_floor":[50,50,48,50,50,50,21,21,21,21,12,1,1,1,21,21,56,60,60,38,38,38,38,17,17,17,17,9,29,12],"gold":71,"neow_bonus":"ONE_RARE_RELIC","is_prod":false,"is_daily":false,"chose_seed":false,"campfire_upgraded":3,"win_rate":0,"timestamp":1563289856,"path_taken":["M","$","?","M","?","R","E","?","T","R","M","?","?","$","R","BOSS","M","$","M","?","?","R","?","?","T","?","M","R","E"],"build_version":"2019-07-01","purchased_purges":1,"victory":false,"max_hp_per_floor":[75,75,75,75,75,75,75,75,75,75,75,75,68,68,68,68,68,68,68,68,68,68,68,68,68,68,68,68,68,68],"card_choices":[{"not_picked":["Heavy Blade","Reckless Charge"],"picked":"Shockwave","floor":1},{"not_picked":["Rage","Havoc"],"picked":"Rampage","floor":3},{"not_picked":["Second Wind","Fire Breathing"],"picked":"Cleave","floor":4},{"not_picked":["Carnage","Wild Strike","Whirlwind"],"picked":"SKIP","floor":7},{"not_picked":["Pummel","Twin Strike","Havoc"],"picked":"SKIP","floor":11},{"not_picked":["Dark Embrace","Double Tap"],"picked":"Offering","floor":16},{"not_picked":["Heavy Blade","Anger"],"picked":"Headbutt","floor":18},{"not_picked":["Cleave","Sword Boomerang","Hemokinesis+1"],"picked":"SKIP","floor":20},{"not_picked":["Dropkick","Blood for Blood"],"picked":"Demon Form","floor":28},{"not_picked":["Reckless Charge","Headbutt"],"picked":"Spot Weakness","floor":29}],"player_experience":1154316,"relics_obtained":[{"floor":7,"key":"Juzu Bracelet"},{"floor":9,"key":"Dream Catcher"},{"floor":24,"key":"Necronomicon"},{"floor":26,"key":"The Courier"},{"floor":26,"key":"Bottled Lightning"}],"event_choices":[{"damage_healed":0,"gold_gain":0,"player_choice":"Ignored","damage_taken":0,"max_hp_gain":0,"max_hp_loss":0,"event_name":"Liars Game","floor":5,"gold_loss":0},{"damage_healed":0,"gold_gain":0,"player_choice":"Gave Potion","damage_taken":0,"relics_obtained":["Centennial Puzzle"],"max_hp_gain":0,"max_hp_loss":0,"event_name":"WeMeetAgain","floor":8,"gold_loss":0},{"damage_healed":0,"gold_gain":75,"player_choice":"Gather Gold","damage_taken":11,"max_hp_gain":0,"max_hp_loss":0,"event_name":"World of Goop","floor":12,"gold_loss":0},{"damage_healed":0,"gold_gain":0,"player_choice":"Lose Max HP","damage_taken":0,"relics_obtained":["Golden Idol"],"max_hp_gain":0,"max_hp_loss":7,"event_name":"Golden Idol","floor":13,"gold_loss":0},{"damage_healed":0,"gold_gain":0,"player_choice":"Opened","damage_taken":0,"relics_obtained":["Matryoshka"],"max_hp_gain":0,"max_hp_loss":0,"event_name":"The Mausoleum","floor":21,"gold_loss":0,"cards_obtained":["Writhe"]},{"damage_healed":0,"gold_gain":50,"player_choice":"Stole From Cult","damage_taken":0,"max_hp_gain":0,"max_hp_loss":0,"event_name":"Nest","floor":22,"gold_loss":0},{"damage_healed":0,"gold_gain":0,"player_choice":"Obtained Book","damage_taken":21,"max_hp_gain":0,"max_hp_loss":0,"event_name":"Cursed Tome","floor":24,"gold_loss":0},{"damage_healed":0,"gold_gain":0,"player_choice":"Ignored","damage_taken":0,"max_hp_gain":0,"max_hp_loss":0,"event_name":"Vampires","floor":25,"gold_loss":0},{"damage_healed":0,"gold_gain":0,"player_choice":"Obtained Relic","damage_taken":0,"relics_obtained":["Vajra"],"max_hp_gain":0,"max_hp_loss":0,"event_name":"Addict","floor":27,"gold_loss":85}],"is_beta":false,"boss_relics":[{"not_picked":["Eternal Feather","Lizard Tail"],"picked":"Philosopher\u0027s Stone"}],"items_purged_floors":[19],"is_endless":false,"potions_floor_spawned":[4,11,16,18,28],"killed_by":"Book of Stabbing","ascension_level":15}