{"gold_per_floor":[360,360,370,389,389,419,437,437,461,496,683,695,721,150,150,245,245,258,5,5,5,21,21,21,41,41,41,316,332,345,362,362,467,467,481,493,182,198,198,198,217,217],"floor_reached":42,"playtime":1695,"items_purged":["Strike_R","Strike_R","Regret"],"score":485,"play_id":"2d09598e-1aca-43b0-b417-d6885a7fd730","local_time":"20190330195649","is_ascension_mode":false,"campfire_choices":[{"floor":8,"key":"REST"},{"floor":15,"key":"REST"},{"data":"Demon Form","floor":23,"key":"SMITH"},{"floor":32,"key":"REST"},{"floor":40,"key":"REST"}],"neow_cost":"PERCENT_DAMAGE","seed_source_timestamp":1663086772782,"circlet_count":0,"master_deck":["Strike_R","Strike_R","Defend_R","Defend_R","Defend_R+1","Defend_R","Bash","Shrug It Off","Inflame","Inflame+1","Feed","Anger","Spot Weakness","Uppercut","Berserk","Thunderclap","Inflame+1","Demon Form+1","Heavy Blade","Shrug It Off","Infernal Blade","Armaments","Shrug It Off+1","Exhume","Metallicize","Metallicize","Heavy Blade+1","Warcry+1"],"relics":["Burning Blood","Smiling Mask","Anchor","MawBank","Red Skull","DollysMirror","Philosopher\u0027s Stone","OrangePellets","Dream Catcher","Cursed Key","Question Card"],"potions_floor_usage":[16,16,16,22,30,33,35,42],"damage_taken":[{"damage":15,"enemies":"Jaw Worm","floor":1,"turns":4},{"damage":1,"enemies":"Cultist","floor":3,"turns":3},{"damage":0,"enemies":"Small Slimes","floor":4,"turns":3},{"damage":20,"enemies":"Gremlin Nob","floor":6,"turns":4},{"damage":11,"enemies":"3 Louse","floor":7,"turns":3},{"damage":24,"enemies":"3 Sentries","floor":10,"turns":8},{"damage":4,"enemies":"2 Fungi Beasts","floor":13,"turns":4},{"damage":43,"enemies":"The Guardian","floor":16,"turns":7},{"damage":13,"enemies":"Chosen","floor":18,"turns":4},{"damage":15,"enemies":"2 Thieves","floor":22,"turns":3},{"damage":23,"enemies":"Snake Plant","floor":25,"turns":4},{"damage":2,"enemies":"Centurion and Healer","floor":29,"turns":5},{"damage":27,"enemies":"3 Cultists","floor":30,"turns":4},{"damage":13,"enemies":"Shelled Parasite and Fungi","floor":31,"turns":4},{"damage":37,"enemies":"Collector","floor":33,"turns":7},{"damage":53,"enemies":"Orb Walker","floor":35,"turns":5},{"damage":20,"enemies":"3 Darklings","floor":36,"turns":6},{"damage":12,"enemies":"Transient","floor":38,"turns":5},{"damage":50,"enemies":"4 Shapes","floor":41,"turns":6},{"damage":18,"enemies":"Sphere and 2 Shapes","floor":42,"turns":2}],"seed_played":"-2523460090147709544","potions_obtained":[{"floor":3,"key":"Swift Potion"},{"floor":4,"key":"SteroidPotion"},{"floor":6,"key":"Weak Potion"},{"floor":16,"key":"FearPotion"},{"floor":22,"key":"SteroidPotion"},{"floor":30,"key":"Explosive Potion"},{"floor":33,"key":"LiquidBronze"},{"floor":41,"key":"LiquidBronze"}],"is_trial":false,"path_per_floor":["M","?","M","M","?","E","M","R","T","E","?","?","M","$","R","B",null,"M","$","?","?","M","R","$","M","T","$","?","M","M","M","R","B",null,"M","M","$","M","?","R","M","M"],"character_chosen":"IRONCLAD","items_purchased":["Red Skull","Berserk","Thunderclap","DollysMirror","OrangePellets","Question Card"],"campfire_rested":4,"item_purchase_floors":[14,14,14,14,19,37],"current_hp_per_floor":[47,47,52,58,42,28,26,50,50,35,35,35,40,40,66,29,89,82,82,82,82,76,76,76,62,62,62,62,69,51,44,74,43,101,54,40,40,34,24,54,13,0],"gold":217,"neow_bonus":"TWO_FIFTY_GOLD","is_prod":false,"is_daily":false,"chose_seed":false,"campfire_upgraded":1,"win_rate":0,"timestamp":1553939809,"path_taken":["M","?","M","?","?","E","M","R","T","E","?","?","M","$","R","BOSS","M","$","?","?","?","R","$","M","T","?","?","M","?","M","R","BOSS","M","M","$","M","?","R","M","M"],"build_version":"2019-01-23","purchased_purges":3,"victory":false,"max_hp_per_floor":[80,80,80,80,80,80,83,83,83,86,86,86,89,89,89,89,89,89,89,89,89,92,92,92,95,95,95,95,98,101,101,101,101,101,101,101,101,101,101,101,104,104],"card_choices":[{"not_picked":["Body Slam","Carnage"],"picked":"Shrug It Off","floor":1},{"not_picked":["Clothesline","Rupture"],"picked":"Inflame","floor":3},{"not_picked":["Perfected Strike","Flex"],"picked":"Inflame","floor":4},{"not_picked":["Iron Wave","Infernal Blade"],"picked":"Feed","floor":6},{"not_picked":["Clash","Headbutt"],"picked":"Anger","floor":7},{"not_picked":["Hemokinesis","Warcry"],"picked":"Spot Weakness","floor":10},{"not_picked":["Power Through","Wild Strike"],"picked":"Uppercut","floor":13},{"not_picked":["Dark Embrace","Limit Break"],"picked":"Demon Form","floor":16},{"not_picked":["Dropkick","Cleave+1"],"picked":"Heavy Blade","floor":18},{"not_picked":["Body Slam+1","Power Through"],"picked":"Shrug It Off","floor":22},{"not_picked":["Clash+1","Fire Breathing"],"picked":"Infernal Blade","floor":25},{"not_picked":["Twin Strike+1","Wild Strike+1"],"picked":"Armaments","floor":29},{"not_picked":["Perfected Strike","Rage+1"],"picked":"Shrug It Off+1","floor":30},{"not_picked":["Second Wind","Shrug It Off","Clash"],"picked":"SKIP","floor":31},{"not_picked":["Dark Embrace","Feed"],"picked":"Exhume","floor":33},{"not_picked":["Clash","Sever Soul"],"picked":"Metallicize","floor":35},{"not_picked":["Hemokinesis","Clash"],"picked":"Metallicize","floor":36},{"not_picked":["Whirlwind+1","Feel No Pain+1","Wild Strike+1"],"picked":"Heavy Blade+1","floor":38},{"not_picked":["Clash","Juggernaut","Cleave+1"],"picked":"Warcry+1","floor":40},{"not_picked":["Cleave+1","True Grit+1","Sword Boomerang+1","Burning Pact+1"],"picked":"SKIP","floor":41}],"player_experience":290052,"relics_obtained":[{"floor":6,"key":"Smiling Mask"},{"floor":9,"key":"Anchor"},{"floor":10,"key":"MawBank"},{"floor":26,"key":"Dream Catcher"}],"event_choices":[{"damage_healed":0,"gold_gain":0,"player_choice":"Leave","damage_taken":0,"max_hp_gain":0,"max_hp_loss":0,"event_name":"FaceTrader","floor":2,"gold_loss":0},{"damage_healed":0,"gold_gain":0,"player_choice":"Entered Light","damage_taken":16,"max_hp_gain":0,"max_hp_loss":0,"event_name":"Shining Light","floor":5,"gold_loss":0,"cards_upgraded":["Defend_R","Inflame"]},{"damage_healed":0,"gold_gain":175,"player_choice":"AGREE","damage_taken":0,"max_hp_gain":0,"max_hp_loss":0,"event_name":"Liars Game","floor":11,"gold_loss":0,"cards_obtained":["Doubt"]},{"cards_removed":["Doubt"],"damage_healed":0,"gold_gain":0,"player_choice":"Forget","damage_taken":0,"max_hp_gain":0,"max_hp_loss":0,"event_name":"Living Wall","floor":12,"gold_loss":0},{"cards_removed":["Strike_R"],"damage_healed":0,"gold_gain":0,"player_choice":"Elegance","damage_taken":0,"max_hp_gain":0,"max_hp_loss":0,"event_name":"Back to Basics","floor":20,"gold_loss":0},{"damage_healed":0,"gold_gain":0,"player_choice":"Ignored","damage_taken":0,"max_hp_gain":0,"max_hp_loss":0,"event_name":"NoteForYourself","floor":21,"gold_loss":0},{"damage_healed":0,"gold_gain":275,"player_choice":"Desecrate","damage_taken":0,"max_hp_gain":0,"max_hp_loss":0,"event_name":"Golden Shrine","floor":28,"gold_loss":0,"cards_obtained":["Regret"]},{"damage_healed":0,"gold_gain":0,"player_choice":"Damaged","damage_taken":10,"max_hp_gain":0,"max_hp_loss":0,"event_name":"Wheel of Change","floor":39,"gold_loss":0}],"is_beta":false,"boss_relics":[{"not_picked":["Runic Cube","Empty Cage"],"picked":"Philosopher\u0027s Stone"},{"not_picked":["Runic Pyramid","Fusion Hammer"],"picked":"Cursed Key"}],"items_purged_floors":[14,19,37],"is_endless":false,"potions_floor_spawned":[3,4,6,13,16,22,30,33,41],"killed_by":"Sphere and 2 Shapes","ascension_level":0}