{"gold_per_floor":[110,110,110,60,25,25,38,38,38,79,104,123,148,148,148,273,336,352,132,145,145,145,145,158,158,181,194,23,23,39,55,55,55],"floor_reached":33,"playtime":1132,"items_purged":["Strike_B","Defend_B"],"score":296,"play_id":"595528f8-82ec-4ad3-919b-f716e6e0348c","local_time":"20190125000157","is_ascension_mode":true,"campfire_choices":[{"floor":6.0,"key":"REST"},{"data":"Zap","floor":8.0,"key":"SMITH"},{"data":"Redo","floor":15.0,"key":"SMITH"},{"data":"Dualcast","floor":23,"key":"SMITH"},{"data":"Loop","floor":25,"key":"SMITH"},{"data":"Hologram","floor":29,"key":"SMITH"},{"floor":32,"key":"REST"}],"neow_cost":"TEN_PERCENT_HP_LOSS","seed_source_timestamp":650907919491796,"circlet_count":0,"master_deck":["Strike_B+1","Defend_B","Zap+1","Dualcast+1","Go for the Eyes","FTL+1","Leap","Genetic Algorithm","Redo+1","White Noise","Hologram+1","Streamline+1","Loop+1","All For One"],"special_seed":0,"relics":["Cracked Core","Gambling Chip","Bloody Idol","Darkstone Periapt","Orichalcum","Tiny House","Whetstone","Pen Nib"],"potions_floor_usage":[24,30,30,33],"damage_taken":[{"damage":0.0,"enemies":"Cultist","floor":1.0,"turns":3.0},{"damage":1.0,"enemies":"Small Slimes","floor":7.0,"turns":2.0},{"damage":12.0,"enemies":"Gremlin Nob","floor":10.0,"turns":4.0},{"damage":0.0,"enemies":"Jaw Worm","floor":11.0,"turns":3.0},{"damage":2.0,"enemies":"2 Fungi Beasts","floor":12.0,"turns":3.0},{"damage":0.0,"enemies":"Exordium Thugs","floor":13.0,"turns":4.0},{"damage":32,"enemies":"The Guardian","floor":16,"turns":9},{"damage":15,"enemies":"2 Thieves","floor":18,"turns":4},{"damage":13,"enemies":"3 Byrds","floor":20,"turns":4},{"damage":3,"enemies":"3 Cultists","floor":24,"turns":4},{"damage":19,"enemies":"Chosen and Byrds","floor":27,"turns":5},{"damage":8,"enemies":"Snake Plant","floor":30,"turns":3},{"damage":11,"enemies":"Centurion and Healer","floor":31,"turns":4},{"damage":70,"enemies":"Collector","floor":33,"turns":7}],"seed_played":"-8084930322593887624","potions_obtained":[{"floor":10.0,"key":"EssenceOfSteel"},{"floor":12.0,"key":"EssenceOfSteel"},{"floor":16,"key":"Explosive Potion"},{"floor":24,"key":"LiquidBronze"}],"is_trial":false,"path_per_floor":["M","?","?","?","$","R","M","R","T","E","M","M","M","?","R","B",null,"M","$","M","?","?","R","M","R","T","M","$","R","M","M","R","B"],"character_chosen":"DEFECT","items_purchased":["FTL","Whetstone","All For One"],"campfire_rested":2,"item_purchase_floors":[5,19,28],"current_hp_per_floor":[68,65,48,48,48,68,67,67,67,55,55,53,53,53,53,21,73,58,58,45,45,38,38,40,40,45,31,31,31,28,22,43,0],"gold":55,"neow_bonus":"REMOVE_TWO","is_prod":false,"is_daily":false,"chose_seed":false,"campfire_upgraded":5,"win_rate":0,"timestamp":1548392517,"path_taken":["M","?","?","?","$","R","M","R","T","E","M","M","M","?","R","BOSS","M","$","M","?","?","R","M","R","T","M","$","R","?","M","R","BOSS"],"build_version":"2019-01-23","purchased_purges":2,"victory":false,"max_hp_per_floor":[68,68,68,68,68,68,68,68,68,68,68,68,68,68,68,68,73,73,73,73,73,73,73,73,73,73,73,73,73,73,73,73,73],"card_choices":[{"not_picked":["Leap","Sweeping Beam"],"picked":"Go for the Eyes","floor":1.0},{"not_picked":["Ball Lightning","Force Field"],"picked":"Leap","floor":7.0},{"not_picked":["Tempest","Force Field"],"picked":"Genetic Algorithm","floor":10.0},{"not_picked":["Go for the Eyes","Sunder"],"picked":"Redo","floor":11.0},{"not_picked":["Sweeping Beam","Sunder","Force Field"],"picked":"SKIP","floor":12.0},{"not_picked":["Sweeping Beam","Auto Shields"],"picked":"White Noise","floor":13.0},{"not_picked":["Stack","Lockon"],"picked":"Hologram","floor":17},{"not_picked":["Hologram","Go for the Eyes"],"picked":"Streamline","floor":18},{"not_picked":["Static Discharge","Sweeping Beam","Steam+1"],"picked":"SKIP","floor":20},{"not_picked":["Heatsinks","Tempest"],"picked":"Loop","floor":24},{"not_picked":["BootSequence+1","Go for the Eyes+1","Leap"],"picked":"SKIP","floor":27},{"not_picked":["Auto Shields","Steam Power+1","Tempest+1"],"picked":"SKIP","floor":30},{"not_picked":["Ball Lightning","Barrage","Stack"],"picked":"SKIP","floor":31}],"player_experience":110680,"relics_obtained":[{"floor":9.0,"key":"Darkstone Periapt"},{"floor":10.0,"key":"Orichalcum"},{"floor":26,"key":"Pen Nib"}],"event_choices":[{"damage_healed":0.0,"max_hp_gain":0.0,"max_hp_loss":0.0,"gold_gain":0.0,"event_name":"Scrap Ooze","player_choice":"Success","floor":2.0,"gold_loss":0.0,"damage_taken":3.0,"relics_obtained":["Gambling Chip"]},{"damage_healed":0.0,"max_hp_gain":0.0,"max_hp_loss":0.0,"gold_gain":0.0,"event_name":"Golden Idol","player_choice":"Take Damage","floor":3.0,"gold_loss":0.0,"damage_taken":17.0,"relics_obtained":["Golden Idol"]},{"cards_removed":["Defend_B"],"damage_healed":0.0,"max_hp_gain":0.0,"max_hp_loss":0.0,"gold_gain":0.0,"event_name":"The Cleric","player_choice":"Card Removal","floor":4.0,"gold_loss":50.0,"damage_taken":0.0},{"cards_removed":["Strike_B"],"damage_healed":0.0,"max_hp_gain":0.0,"max_hp_loss":0.0,"gold_gain":0.0,"event_name":"Wheel of Change","player_choice":"Card Removal","floor":14.0,"gold_loss":0.0,"damage_taken":0.0},{"damage_healed":0,"gold_gain":0,"player_choice":"Gave Idol","damage_taken":0,"relics_obtained":["Bloody Idol"],"max_hp_gain":0,"max_hp_loss":0,"event_name":"Forgotten Altar","floor":21,"relics_lost":["Golden Idol"],"gold_loss":0},{"damage_healed":0,"gold_gain":0,"player_choice":"Damaged","damage_taken":7,"max_hp_gain":0,"max_hp_loss":0,"event_name":"Wheel of Change","floor":22,"gold_loss":0}],"is_beta":false,"boss_relics":[{"not_picked":["Nuclear Battery","Coffee Dripper"],"picked":"Tiny House"}],"items_purged_floors":[19,28],"is_endless":false,"potions_floor_spawned":[10,12,16,20,24,27],"killed_by":"Collector","ascension_level":4}