{"gold_per_floor":[209,228,0,12,12,12,29,45,68,68,85,117,117,134,134,230,230,230,28,28,0,0,0,0,0,0,0,0,0,0,0],"floor_reached":31,"playtime":1321,"items_purged":[],"score":373,"play_id":"61a65b9f-a556-455b-82c8-dabfd6f62ef3","local_time":"20190603021317","is_ascension_mode":true,"campfire_choices":[{"data":"Neutralize","floor":6,"key":"SMITH"},{"data":"Distraction","floor":10,"key":"SMITH"},{"floor":13,"key":"REST"},{"data":"Cloak And Dagger","floor":15,"key":"SMITH"},{"data":"Caltrops","floor":23,"key":"SMITH"},{"data":"Backstab","floor":25,"key":"SMITH"},{"floor":27,"key":"REST"}],"neow_cost":"NONE","seed_source_timestamp":31809342045171,"circlet_count":0,"master_deck":["Defend_G","Defend_G","Defend_G","Defend_G","Defend_G","Strike_G","Strike_G","Strike_G","Strike_G","Survivor","Neutralize+1","Cloak And Dagger+1","Blur","Flying Knee","Dagger Throw","Heel Hook","Die Die Die","Distraction+1","Dagger Spray","Poisoned Stab","Blur","Tools of the Trade","Backflip","Caltrops+1","Dodge and Roll","Backstab+1","Dodge and Roll+1","PiercingWail","Well Laid Plans","Sucker Punch","Discovery","Neutralize"],"relics":["Ring of the Snake","OrangePellets","Boot","Centennial Puzzle","Ectoplasm","Snake Skull","Art of War"],"potions_floor_usage":[7,12,16,29,29],"damage_taken":[{"damage":0,"enemies":"2 Louse","floor":1,"turns":3},{"damage":0,"enemies":"Cultist","floor":2,"turns":3},{"damage":0,"enemies":"Small Slimes","floor":4,"turns":5},{"damage":11,"enemies":"Exordium Thugs","floor":7,"turns":6},{"damage":0,"enemies":"2 Fungi Beasts","floor":8,"turns":2},{"damage":6,"enemies":"Gremlin Gang","floor":11,"turns":2},{"damage":8,"enemies":"Lagavulin","floor":12,"turns":6},{"damage":6,"enemies":"Blue Slaver","floor":14,"turns":2},{"damage":37,"enemies":"The Guardian","floor":16,"turns":9},{"damage":0,"enemies":"3 Byrds","floor":18,"turns":3},{"damage":20,"enemies":"2 Thieves","floor":21,"turns":3},{"damage":7,"enemies":"Snake Plant","floor":24,"turns":5},{"damage":7,"enemies":"Shelled Parasite and Fungi","floor":28,"turns":6},{"damage":48,"enemies":"Gremlin Leader","floor":29,"turns":7},{"damage":9,"enemies":"Centurion and Healer","floor":31,"turns":1}],"seed_played":"8457275639259940982","potions_obtained":[{"floor":2,"key":"Swift Potion"},{"floor":11,"key":"Poison Potion"},{"floor":12,"key":"Ancient Potion"},{"floor":14,"key":"Poison Potion"},{"floor":18,"key":"Fire Potion"}],"is_trial":false,"path_per_floor":["M","M","$","M","?","R","M","M","T","R","M","E","R","M","R","B",null,"M","$","?","M","$","R","M","R","T","R","M","E","?","M"],"character_chosen":"THE_SILENT","items_purchased":["OrangePellets","Flying Knee","Caltrops","Dodge and Roll","Backstab","Fire Potion"],"campfire_rested":2,"item_purchase_floors":[3,3,19,19,19,19],"current_hp_per_floor":[63,63,63,63,63,63,52,52,52,52,46,38,59,53,53,16,57,57,57,70,50,50,50,43,43,43,64,57,9,9,0],"gold":0,"neow_bonus":"HUNDRED_GOLD","is_prod":false,"is_daily":false,"chose_seed":false,"campfire_upgraded":5,"win_rate":0,"timestamp":1559491997,"path_taken":["M","M","$","M","?","R","?","M","T","R","M","E","R","M","R","BOSS","M","$","?","M","?","R","M","R","T","R","M","E","?","M"],"build_version":"2019-01-23","purchased_purges":0,"victory":false,"max_hp_per_floor":[70,70,70,70,70,70,70,70,70,70,70,70,70,70,70,70,70,70,70,70,70,70,70,70,70,70,70,70,70,70,70],"card_choices":[{"not_picked":["Deflect","Catalyst"],"picked":"Cloak And Dagger","floor":1},{"not_picked":["Deadly Poison","Prepared"],"picked":"Blur","floor":2},{"not_picked":["Tactician","Dagger Spray"],"picked":"Dagger Throw","floor":4},{"not_picked":["Masterful Stab","Infinite Blades"],"picked":"Die Die Die","floor":7},{"not_picked":["Acrobatics","Prepared"],"picked":"Distraction","floor":8},{"not_picked":["Choke","Escape Plan"],"picked":"Dagger Spray","floor":11},{"not_picked":["Calculated Gamble","Blade Dance"],"picked":"Poisoned Stab","floor":12},{"not_picked":["Underhanded Strike","All Out Attack"],"picked":"Blur","floor":14},{"not_picked":["After Image","Unload"],"picked":"Tools of the Trade","floor":16},{"not_picked":["Slice+1","Deflect+1"],"picked":"Backflip","floor":18},{"not_picked":["A Thousand Cuts","Flying Knee"],"picked":"Dodge and Roll+1","floor":21},{"not_picked":["Deadly Poison","Masterful Stab"],"picked":"PiercingWail","floor":24},{"not_picked":["Accuracy","Dagger Throw"],"picked":"Well Laid Plans","floor":28},{"not_picked":["Slice","Finisher"],"picked":"Sucker Punch","floor":29}],"player_experience":802085,"relics_obtained":[{"floor":9,"key":"Boot"},{"floor":12,"key":"Centennial Puzzle"},{"floor":26,"key":"Snake Skull"},{"floor":29,"key":"Art of War"}],"event_choices":[{"damage_healed":0,"gold_gain":0,"cards_transformed":["Strike_G"],"player_choice":"Transformed","damage_taken":0,"max_hp_gain":0,"max_hp_loss":0,"event_name":"Transmorgrifier","floor":5,"gold_loss":0,"cards_obtained":["Heel Hook"]},{"damage_healed":13,"gold_gain":0,"player_choice":"Full Heal","damage_taken":0,"max_hp_gain":0,"max_hp_loss":0,"event_name":"Wheel of Change","floor":20,"gold_loss":0},{"damage_healed":0,"gold_gain":0,"player_choice":"2 cards matched","damage_taken":0,"max_hp_gain":0,"max_hp_loss":0,"event_name":"Match and Keep!","floor":30,"gold_loss":0,"cards_obtained":["Discovery","Neutralize"]}],"is_beta":false,"boss_relics":[{"not_picked":["Philosopher\u0027s Stone","Velvet Choker"],"picked":"Ectoplasm"}],"items_purged_floors":[],"is_endless":false,"potions_floor_spawned":[2,11,12,14,18,21],"killed_by":"Centurion and Healer","ascension_level":9}