{"gold_per_floor":[110,124,134,154,167,167,194,194,194,194,204,204,204,204,204,333,333,346,346,363,363],"floor_reached":21,"playtime":846,"items_purged":[],"score":217,"play_id":"6a075d89-aea5-44f3-9e2c-1f4cc1b58c26","local_time":"20190429075658","is_ascension_mode":true,"campfire_choices":[{"floor":6,"key":"REST"},{"floor":8,"key":"REST"},{"floor":10,"key":"REST"},{"data":"Rampage","floor":13,"key":"SMITH"},{"floor":15,"key":"REST"}],"neow_cost":"NONE","seed_source_timestamp":13272318411365,"circlet_count":0,"master_deck":["Strike_R","Strike_R","Strike_R","Strike_R","Defend_R","Defend_R","Defend_R","Defend_R","Bash","Dark Embrace","Twin Strike","Rampage+1","Burning Pact","Reckless Charge","True Grit","Flex","Impervious","Injury","Immolate","Rampage","Infernal Blade"],"relics":["Burning Blood","Bottled Flame","Shuriken","Bloody Idol","Eternal Feather"],"potions_floor_usage":[4,16,20,20,21],"damage_taken":[{"damage":9,"enemies":"2 Louse","floor":1,"turns":3},{"damage":13,"enemies":"Jaw Worm","floor":2,"turns":4},{"damage":1,"enemies":"Cultist","floor":3,"turns":3},{"damage":16,"enemies":"Blue Slaver","floor":4,"turns":4},{"damage":37,"enemies":"Gremlin Gang","floor":5,"turns":7},{"damage":56,"enemies":"Gremlin Nob","floor":7,"turns":5},{"damage":47,"enemies":"Exordium Thugs","floor":11,"turns":5},{"damage":56,"enemies":"Slime Boss","floor":16,"turns":15},{"damage":61,"enemies":"Shell Parasite","floor":18,"turns":10},{"damage":22,"enemies":"Spheric Guardian","floor":20,"turns":4},{"damage":23,"enemies":"Colosseum Slavers","floor":21,"turns":2}],"seed_played":"-8506386167675423461","potions_obtained":[{"floor":1,"key":"EssenceOfSteel"},{"floor":3,"key":"Poison Potion"},{"floor":4,"key":"LiquidBronze"},{"floor":5,"key":"Block Potion"},{"floor":16,"key":"GamblersBrew"},{"floor":20,"key":"Regen Potion"}],"is_trial":false,"path_per_floor":["M","M","M","M","M","R","E","R","T","R","M","?","R","?","R","B",null,"M","?","M","?"],"character_chosen":"IRONCLAD","items_purchased":[],"campfire_rested":4,"item_purchase_floors":[],"current_hp_per_floor":[77,70,75,65,34,58,8,32,32,56,15,41,41,41,65,15,80,25,25,14,0],"gold":363,"neow_bonus":"TRANSFORM_CARD","is_prod":false,"is_daily":false,"chose_seed":false,"campfire_upgraded":1,"win_rate":0,"timestamp":1556488618,"path_taken":["M","M","M","M","M","R","E","R","T","R","M","?","R","?","R","BOSS","M","?","M","?"],"build_version":"2019-01-23","purchased_purges":0,"victory":false,"max_hp_per_floor":[80,80,80,80,80,80,80,80,80,80,80,80,80,80,80,80,80,80,80,80,80],"card_choices":[{"not_picked":["Bloodletting","Warcry"],"picked":"Twin Strike","floor":1},{"not_picked":["Searing Blow","Shrug It Off"],"picked":"Rampage","floor":2},{"not_picked":["Intimidate","Body Slam"],"picked":"Burning Pact","floor":3},{"not_picked":["Thunderclap","Combust"],"picked":"Reckless Charge","floor":4},{"not_picked":["Flex","Thunderclap"],"picked":"True Grit","floor":5},{"not_picked":["Hemokinesis","Headbutt"],"picked":"Flex","floor":7},{"not_picked":["Burning Pact","Havoc"],"picked":"Impervious","floor":11},{"not_picked":["Feed","Juggernaut"],"picked":"Immolate","floor":16},{"not_picked":["Havoc","Sword Boomerang"],"picked":"Rampage","floor":18},{"not_picked":["Ghostly Armor","Cleave"],"picked":"Infernal Blade","floor":20}],"player_experience":498938,"relics_obtained":[{"floor":7,"key":"Bottled Flame"},{"floor":9,"key":"Shuriken"}],"event_choices":[{"damage_healed":26,"gold_gain":0,"player_choice":"Banana","damage_taken":0,"max_hp_gain":0,"max_hp_loss":0,"event_name":"Big Fish","floor":12,"gold_loss":0},{"damage_healed":0,"gold_gain":0,"player_choice":"Take Wound","damage_taken":0,"relics_obtained":["Golden Idol"],"max_hp_gain":0,"max_hp_loss":0,"event_name":"Golden Idol","floor":14,"gold_loss":0,"cards_obtained":["Injury"]},{"damage_healed":0,"gold_gain":0,"player_choice":"Gave Idol","damage_taken":0,"relics_obtained":["Bloody Idol"],"max_hp_gain":0,"max_hp_loss":0,"event_name":"Forgotten Altar","floor":19,"relics_lost":["Golden Idol"],"gold_loss":0},{"damage_healed":0,"gold_gain":0,"player_choice":"Fight","damage_taken":0,"max_hp_gain":0,"max_hp_loss":0,"event_name":"Colosseum","floor":21,"gold_loss":0}],"is_beta":false,"boss_relics":[{"not_picked":["Coffee Dripper","Lizard Tail"],"picked":"Eternal Feather"}],"items_purged_floors":[],"is_endless":false,"potions_floor_spawned":[1,3,4,5,11,16,20],"killed_by":"Colosseum Slavers","ascension_level":4}