{"gold_per_floor":[115,13,13,13,27,27,27,41,41,41,51,76,96,96,96,195,195,205,305,324,204,223,223,243,255,280,280,0,12,29,40,40,142,142,156,31,31,46,100,100,118,118,142,154,154,166,177,104,104,104],"floor_reached":51,"playtime":6653,"items_purged":["Defend_B","Strike_B","Streamline"],"score":603,"play_id":"875d26ab-d5ab-4733-bf45-c7cce7b04bc8","local_time":"20181222232808","is_ascension_mode":false,"campfire_choices":[{"data":"Cold Snap","floor":6.0,"key":"SMITH"},{"data":"Machine Learning","floor":10.0,"key":"SMITH"},{"data":"Defragment","floor":15.0,"key":"SMITH"},{"data":"Redo","floor":27,"key":"SMITH"},{"data":"Defragment","floor":32,"key":"SMITH"},{"floor":40,"key":"REST"},{"floor":49,"key":"REST"}],"neow_cost":"NONE","seed_source_timestamp":95999690388708,"circlet_count":0,"master_deck":["Strike_B","Defend_B","Defend_B","Zap","Dualcast","Coolheaded","Steam+1","Reinforced Body","Cold Snap+1","Machine Learning+1","Lockon","Defragment+1","Core Surge","Self Repair","Capacitor","Ball Lightning","Redo+1","Ball Lightning","Cold Snap","Defragment+1","Cold Snap","Bandage Up","Leap","Aggregate","Secret Weapon","Leap+1","Defragment"],"special_seed":0,"relics":["Cracked Core","Dodecahedron","Ornamental Fan","Ancient Tea Set","Busted Crown","Gambling Chip","Mercury Hourglass","Strawberry","Inserter","FossilizedHelix","PreservedInsect"],"potions_floor_usage":[19,25,30,41,44,50,50],"damage_taken":[{"damage":2.0,"enemies":"Small Slimes","floor":1.0,"turns":3.0},{"damage":0.0,"enemies":"Jaw Worm","floor":5.0,"turns":4.0},{"damage":2.0,"enemies":"Cultist","floor":8.0,"turns":4.0},{"damage":0.0,"enemies":"2 Fungi Beasts","floor":11.0,"turns":4.0},{"damage":3.0,"enemies":"3 Sentries","floor":12.0,"turns":9.0},{"damage":1.0,"enemies":"Red Slaver","floor":13.0,"turns":4.0},{"damage":35.0,"enemies":"The Guardian","floor":16.0,"turns":9.0},{"damage":0.0,"enemies":"Spheric Guardian","floor":18.0,"turns":3.0},{"damage":4,"enemies":"Colosseum Slavers","floor":19,"turns":5},{"damage":26,"enemies":"Colosseum Nobs","floor":19,"turns":6},{"damage":8,"enemies":"Chosen","floor":20,"turns":4},{"damage":8,"enemies":"Centurion and Healer","floor":22,"turns":6},{"damage":1,"enemies":"Snake Plant","floor":24,"turns":4},{"damage":0,"enemies":"3 Cultists","floor":25,"turns":5},{"damage":0,"enemies":"Snecko","floor":29,"turns":5},{"damage":20,"enemies":"Centurion and Healer","floor":30,"turns":4},{"damage":6,"enemies":"Cultist and Chosen","floor":31,"turns":5},{"damage":1,"enemies":"Champ","floor":33,"turns":10},{"damage":11,"enemies":"Orb Walker","floor":35,"turns":3},{"damage":19,"enemies":"3 Darklings","floor":38,"turns":5},{"damage":51,"enemies":"2 Orb Walkers","floor":39,"turns":6},{"damage":0,"enemies":"Jaw Worm Horde","floor":41,"turns":6},{"damage":31,"enemies":"4 Shapes","floor":44,"turns":4},{"damage":0,"enemies":"Maw","floor":46,"turns":7},{"damage":18,"enemies":"3 Darklings","floor":47,"turns":6},{"damage":37,"enemies":"Awakened One","floor":50,"turns":13}],"seed_played":"-8172224748063326995","potions_obtained":[{"floor":11.0,"key":"AttackPotion"},{"floor":12.0,"key":"SpeedPotion"},{"floor":18.0,"key":"AttackPotion"},{"floor":20,"key":"LiquidBronze"},{"floor":22,"key":"Swift Potion"},{"floor":24,"key":"SkillPotion"},{"floor":29,"key":"SpeedPotion"},{"floor":44,"key":"FocusPotion"},{"floor":46,"key":"SneckoOil"},{"floor":47,"key":"FocusPotion"}],"is_trial":false,"path_per_floor":["M","$","?","?","M","R","$","M","T","R","M","E","M","?","R","B",null,"M","?","M","$","M","?","M","M","T","R","$","M","M","M","R","B",null,"M","$","?","M","?","R","M","?","T","M","?","M","M","$","R","B",null],"character_chosen":"DEFECT","items_purchased":["Steam","Reinforced Body","Ball Lightning","Defragment","Cold Snap","Bandage Up","Defragment"],"campfire_rested":2,"item_purchase_floors":[2,2,21,28,28,28,48],"current_hp_per_floor":[73,73,73,73,73,73,73,71,71,71,71,68,67,67,67,32,75,75,49,48,48,47,47,53,60,67,67,67,78,69,74,74,82,82,80,80,80,70,30,54,65,65,65,45,45,56,49,49,72,46],"gold":104,"neow_bonus":"REMOVE_CARD","is_prod":false,"is_daily":false,"chose_seed":false,"campfire_upgraded":5,"win_rate":0,"timestamp":1545542888,"path_taken":["M","$","?","?","?","R","$","M","T","R","M","E","M","?","R","BOSS","M","?","M","$","M","?","M","M","T","R","$","M","M","M","R","BOSS","M","$","?","M","?","R","M","?","T","?","?","M","M","$","R","BOSS"],"build_version":"2018-12-20","purchased_purges":3,"victory":true,"max_hp_per_floor":[75,75,75,75,75,75,75,75,75,75,75,75,75,75,75,75,75,75,75,75,75,75,75,75,75,82,82,82,82,82,82,82,82,82,82,82,82,82,82,82,82,78,78,78,78,78,78,78,78,78],"card_choices":[{"not_picked":["Beam Cell","Recycle"],"picked":"Coolheaded","floor":1.0},{"not_picked":["Storm","Rebound"],"picked":"Cold Snap","floor":5.0},{"not_picked":["Cold Snap","Hologram"],"picked":"Machine Learning","floor":8.0},{"not_picked":["Redo","Undo"],"picked":"Lockon","floor":11.0},{"not_picked":["Darkness","FTL"],"picked":"Defragment","floor":12.0},{"not_picked":["Steam","Compile Driver"],"picked":"Ball Lightning","floor":13.0},{"not_picked":["Hyperbeam","All For One"],"picked":"Core Surge","floor":16.0},{"not_picked":[],"picked":"Self Repair","floor":18.0},{"not_picked":[],"picked":"Capacitor","floor":19},{"not_picked":["Conserve Battery"],"picked":"SKIP","floor":20},{"not_picked":[],"picked":"Redo","floor":22},{"not_picked":["Hologram+1"],"picked":"SKIP","floor":24},{"not_picked":[],"picked":"Cold Snap","floor":25},{"not_picked":["Lockon"],"picked":"SKIP","floor":29},{"not_picked":["Go for the Eyes"],"picked":"SKIP","floor":30},{"not_picked":["Blizzard"],"picked":"SKIP","floor":31},{"not_picked":[],"picked":"Leap","floor":35},{"not_picked":["Fusion+1"],"picked":"SKIP","floor":38},{"not_picked":[],"picked":"Aggregate","floor":41},{"not_picked":["Hologram"],"picked":"SKIP","floor":44},{"not_picked":[],"picked":"Secret Weapon","floor":45},{"not_picked":[],"picked":"Leap+1","floor":46},{"not_picked":["Genetic Algorithm+1"],"picked":"SKIP","floor":47}],"player_experience":213152,"relics_obtained":[{"floor":9.0,"key":"Dodecahedron"},{"floor":12.0,"key":"Ornamental Fan"},{"floor":19,"key":"Gambling Chip"},{"floor":19,"key":"Mercury Hourglass"},{"floor":26,"key":"Strawberry"},{"floor":39,"key":"FossilizedHelix"},{"floor":43,"key":"PreservedInsect"}],"event_choices":[{"damage_healed":0.0,"max_hp_gain":0.0,"max_hp_loss":0.0,"gold_gain":0.0,"event_name":"The Cleric","player_choice":"Leave","floor":3.0,"gold_loss":0.0,"damage_taken":0.0},{"damage_healed":0.0,"max_hp_gain":0.0,"max_hp_loss":0.0,"gold_gain":0.0,"event_name":"Accursed Blacksmith","player_choice":"Forge","floor":4.0,"gold_loss":0.0,"damage_taken":0.0,"cards_upgraded":["Steam"]},{"damage_healed":0.0,"max_hp_gain":0.0,"max_hp_loss":0.0,"gold_gain":0.0,"event_name":"WeMeetAgain","player_choice":"Gave Potion","floor":14.0,"gold_loss":0.0,"damage_taken":0.0,"relics_obtained":["Ancient Tea Set"]},{"damage_healed":0,"gold_gain":0,"player_choice":"Fight","damage_taken":0,"max_hp_gain":0,"max_hp_loss":0,"event_name":"Colosseum","floor":19,"gold_loss":0},{"damage_healed":0,"gold_gain":0,"player_choice":"Fought Nobs","damage_taken":0,"max_hp_gain":0,"max_hp_loss":0,"event_name":"Colosseum","floor":19,"gold_loss":0},{"damage_healed":0,"gold_gain":0,"cards_transformed":["Defend_B","Strike_B"],"player_choice":"Became Test Subject","damage_taken":0,"max_hp_gain":0,"max_hp_loss":0,"event_name":"Drug Dealer","floor":23,"gold_loss":0,"cards_obtained":["Ball Lightning","Streamline"]},{"cards_removed":["Ball Lightning"],"damage_healed":0,"gold_gain":0,"player_choice":"Removed Attack","damage_taken":0,"max_hp_gain":0,"max_hp_loss":0,"event_name":"Falling","floor":37,"gold_loss":0},{"damage_healed":0,"gold_gain":0,"player_choice":"Fight","damage_taken":0,"max_hp_gain":0,"max_hp_loss":0,"event_name":"Mysterious Sphere","floor":39,"gold_loss":0},{"damage_healed":0,"gold_gain":0,"player_choice":"Max HP","damage_taken":0,"max_hp_gain":0,"max_hp_loss":4,"event_name":"Winding Halls","floor":42,"gold_loss":0},{"damage_healed":0,"gold_gain":0,"player_choice":"Memory 1","damage_taken":0,"max_hp_gain":0,"max_hp_loss":0,"event_name":"SensoryStone","floor":45,"gold_loss":0}],"is_beta":false,"boss_relics":[{"not_picked":["Nuclear Battery","Velvet Choker"],"picked":"Busted Crown"},{"not_picked":["Astrolabe","Cursed Key"],"picked":"Inserter"}],"items_purged_floors":[21,28,36],"is_endless":false,"potions_floor_spawned":[11,12,18,20,22,24,29,44,46,47],"ascension_level":0}