{"gold_per_floor":[116,291,291,366,14,54,54,78,78,78,98,98,119,157,157,285,285,300,51,151,176,194,194],"floor_reached":23,"playtime":1679,"items_purged":["Doubt","Strike_B"],"score":280,"play_id":"995a88f4-e58b-4413-9c61-ce70bb4e9de7","local_time":"20190302112434","is_ascension_mode":true,"campfire_choices":[{"data":"Creative AI","floor":7.0,"key":"SMITH"},{"floor":12.0,"key":"REST"},{"floor":15.0,"key":"REST"}],"neow_cost":"NONE","seed_source_timestamp":0,"circlet_count":0,"master_deck":["Strike_B","Strike_B","Defend_B","Defend_B","Defend_B","Defend_B","Zap","Dualcast","Creative AI+1","Genetic Algorithm","BootSequence","Self Repair","FTL","Defragment","Seek"],"special_seed":0,"relics":["Cracked Core","NeowsBlessing","Golden Idol","Bottled Lightning","Boot","Sundial","Busted Crown","Blood Vial"],"potions_floor_usage":[22,22],"damage_taken":[{"damage":0.0,"enemies":"Cultist","floor":1.0,"turns":1.0},{"damage":0.0,"enemies":"Lagavulin","floor":6.0,"turns":1.0},{"damage":0.0,"enemies":"Jaw Worm","floor":8.0,"turns":1.0},{"damage":0.0,"enemies":"Small Slimes","floor":11.0,"turns":1.0},{"damage":9.0,"enemies":"2 Fungi Beasts","floor":13.0,"turns":3.0},{"damage":28.0,"enemies":"Gremlin Nob","floor":14.0,"turns":4.0},{"damage":53.0,"enemies":"The Guardian","floor":16.0,"turns":9.0},{"damage":42.0,"enemies":"3 Byrds","floor":18.0,"turns":4.0},{"damage":10.0,"enemies":"Shell Parasite","floor":21.0,"turns":7.0},{"damage":6,"enemies":"Chosen and Byrds","floor":22,"turns":6},{"damage":33,"enemies":"Book of Stabbing","floor":23,"turns":3}],"seed_played":"-6236645478754522167","potions_obtained":[{"floor":1.0,"key":"Strength Potion"},{"floor":6.0,"key":"AttackPotion"},{"floor":8.0,"key":"Swift Potion"},{"floor":16.0,"key":"Ancient Potion"},{"floor":21.0,"key":"Block Potion"}],"is_trial":false,"path_per_floor":["M","?","?","?","$","E","R","M","T","?","M","R","M","E","R","B",null,"M","$","?","M","M","E"],"character_chosen":"DEFECT","items_purchased":["Creative AI","Genetic Algorithm","BootSequence","Blood Vial"],"campfire_rested":2,"item_purchase_floors":[5,5,5,19],"current_hp_per_floor":[75,75,57,46,46,46,46,46,46,39,39,61,59,38,60,14,60,25,25,25,24,27,0],"gold":194,"neow_bonus":"THREE_ENEMY_KILL","is_prod":false,"is_daily":false,"chose_seed":false,"campfire_upgraded":1,"win_rate":0,"timestamp":1551547474,"path_taken":["M","?","?","?","$","E","R","M","T","?","M","R","M","E","R","BOSS","M","$","?","M","?","E"],"build_version":"2019-01-23","purchased_purges":2,"victory":false,"max_hp_per_floor":[75,75,75,75,75,75,75,75,75,75,75,75,75,75,75,75,75,75,75,75,75,75,75],"card_choices":[{"not_picked":["Chaos","Steam Power","Leap"],"picked":"SKIP","floor":1.0},{"not_picked":["Steam","Compile Driver","Leap"],"picked":"SKIP","floor":6.0},{"not_picked":["Steam","Cold Snap"],"picked":"Self Repair","floor":8.0},{"not_picked":["Leap","Hologram"],"picked":"FTL","floor":11.0},{"not_picked":["Loop","Conserve Battery","Sweeping Beam"],"picked":"SKIP","floor":13.0},{"not_picked":["Chaos","All For One"],"picked":"Defragment","floor":14.0},{"not_picked":["All For One","Multi-Cast"],"picked":"Seek","floor":16.0},{"not_picked":["Beam Cell"],"picked":"SKIP","floor":18.0},{"not_picked":["Reprogram"],"picked":"SKIP","floor":21.0},{"not_picked":["Static Discharge"],"picked":"SKIP","floor":22}],"player_experience":447214,"relics_obtained":[{"floor":6.0,"key":"Bottled Lightning"},{"floor":9.0,"key":"Boot"},{"floor":14.0,"key":"Sundial"}],"event_choices":[{"damage_healed":0.0,"max_hp_gain":0.0,"max_hp_loss":0.0,"gold_gain":175.0,"event_name":"Liars Game","player_choice":"AGREE","floor":2.0,"gold_loss":0.0,"damage_taken":0.0,"cards_obtained":["Doubt"]},{"damage_healed":0.0,"max_hp_gain":0.0,"max_hp_loss":0.0,"gold_gain":0.0,"event_name":"Golden Idol","player_choice":"Take Damage","floor":3.0,"gold_loss":0.0,"damage_taken":18.0,"relics_obtained":["Golden Idol"]},{"damage_healed":0.0,"max_hp_gain":0.0,"max_hp_loss":0.0,"gold_gain":75.0,"event_name":"World of Goop","player_choice":"Gather Gold","floor":4.0,"gold_loss":0.0,"damage_taken":11.0},{"cards_removed":["Strike_B"],"damage_healed":0.0,"max_hp_gain":0.0,"max_hp_loss":0.0,"gold_gain":0.0,"event_name":"Golden Wing","player_choice":"Card Removal","floor":10.0,"gold_loss":0.0,"damage_taken":7.0},{"damage_healed":0.0,"max_hp_gain":0.0,"max_hp_loss":0.0,"gold_gain":100.0,"event_name":"Golden Shrine","player_choice":"Pray","floor":20.0,"gold_loss":0.0,"damage_taken":0.0}],"is_beta":false,"boss_relics":[{"not_picked":["Cursed Key","Coffee Dripper"],"picked":"Busted Crown"}],"items_purged_floors":[5,19],"is_endless":false,"potions_floor_spawned":[1,6,8,16,21],"killed_by":"Book of Stabbing","ascension_level":5}