{"gold_per_floor":[119,119,44,44,63,98,98,98,98,98,114,114,114,157,157,286,286,305,405,423,444,488,488,488,488,488,502,219,219,263,296,308,443,455,491,517,529,541,188,188,228,228,228,450,468,62,86,126,126,126,126,126,53,97,97],"floor_reached":56,"playtime":7565,"items_purged":["Strike_B","Defend_B+1","Strike_B+1","Parasite"],"score":1328,"play_id":"008d7ee4-6161-4335-a60a-93bd0db7dd77","local_time":"20190117223121","is_ascension_mode":true,"campfire_choices":[{"data":"Blizzard","floor":7.0,"key":"SMITH"},{"data":"Defragment","floor":10.0,"key":"SMITH"},{"data":"Coolheaded","floor":15.0,"key":"SMITH"},{"floor":24.0,"key":"REST"},{"data":"Capacitor","floor":32.0,"key":"SMITH"},{"floor":40.0,"key":"RECALL"},{"data":"Loop","floor":42.0,"key":"SMITH"},{"data":"Apotheosis","floor":49.0,"key":"SMITH"},{"data":"Defragment","floor":52,"key":"SMITH"}],"neow_cost":"NONE","seed_source_timestamp":0,"circlet_count":0,"master_deck":["Strike_B+1","Strike_B+1","Defend_B+1","Defend_B+1","Defend_B+1","Zap","Dualcast","Blizzard+1","Defragment+1","Cold Snap","Flash of Steel","Coolheaded","BootSequence","Self Repair","Coolheaded+1","Seek","Capacitor+1","Machine Learning","Impatience","Apotheosis+1","Loop+1","Defragment+1","White Noise","Defragment"],"special_seed":0,"relics":["FrozenCore","NeowsBlessing","Ginger","Potion Belt","Golden Idol","Bronze Scales","DataDisk","Pear","Red Mask","Nilry\u0027s Codex","Anchor","Kunai","MawBank","Lizard Tail","Regal Pillow","Gambling Chip","Letter Opener","Torii","Strawberry"],"potions_floor_usage":[55,55],"damage_taken":[{"damage":0.0,"enemies":"Cultist","floor":1.0,"turns":1.0},{"damage":0.0,"enemies":"Small Slimes","floor":5.0,"turns":1.0},{"damage":0.0,"enemies":"Lagavulin","floor":6.0,"turns":1.0},{"damage":0.0,"enemies":"Jaw Worm","floor":11.0,"turns":3.0},{"damage":0.0,"enemies":"Gremlin Nob","floor":14.0,"turns":4.0},{"damage":12.0,"enemies":"Slime Boss","floor":16.0,"turns":10.0},{"damage":0.0,"enemies":"Chosen","floor":18.0,"turns":6.0},{"damage":0.0,"enemies":"3 Byrds","floor":20.0,"turns":2.0},{"damage":20.0,"enemies":"Cultist and Chosen","floor":21.0,"turns":8.0},{"damage":6.0,"enemies":"Masked Bandits","floor":22.0,"turns":5.0},{"damage":5.0,"enemies":"Centurion and Healer","floor":27.0,"turns":10.0},{"damage":0.0,"enemies":"Book of Stabbing","floor":30.0,"turns":6.0},{"damage":0.0,"enemies":"Snecko","floor":31.0,"turns":7.0},{"damage":39.0,"enemies":"Collector","floor":33.0,"turns":11.0},{"damage":0.0,"enemies":"Orb Walker","floor":35.0,"turns":6.0},{"damage":4.0,"enemies":"3 Darklings","floor":36.0,"turns":6.0},{"damage":11.0,"enemies":"Nemesis","floor":41.0,"turns":11.0},{"damage":0.0,"enemies":"Writhing Mass","floor":45.0,"turns":8.0},{"damage":0.0,"enemies":"4 Shapes","floor":47.0,"turns":7.0},{"damage":4.0,"enemies":"Reptomancer","floor":48.0,"turns":8.0},{"damage":29,"enemies":"Awakened One","floor":50,"turns":12},{"damage":18,"enemies":"Shield and Spear","floor":54,"turns":11},{"damage":26,"enemies":"The Heart","floor":55,"turns":12}],"seed_played":"1423047659454345078","potions_obtained":[{"floor":5.0,"key":"LiquidBronze"},{"floor":14.0,"key":"Swift Potion"},{"floor":16.0,"key":"Fire Potion"},{"floor":18.0,"key":"Energy Potion"},{"floor":22.0,"key":"Regen Potion"},{"floor":31.0,"key":"Ancient Potion"},{"floor":45.0,"key":"SteroidPotion"},{"floor":48.0,"key":"Explosive Potion"}],"is_trial":false,"path_per_floor":["M","?","$","?","M","E","R","?","T","R","M","T","?","E","R","B",null,"M","?","M","M","?","?","R","?","T","M","$","T","E","M","R","B",null,"M","M","?","?","$","R","E","R","T","?","M","$","M","E","R","B",null,"R","$","E","B",null],"character_chosen":"DEFECT","items_purchased":["Self Repair","Anchor","Apotheosis","Loop","Letter Opener","Defragment"],"campfire_rested":1,"item_purchase_floors":[28,28,39,39,46,53],"current_hp_per_floor":[75,68,68,68,68,68,68,68,68,68,68,68,68,78,78,73,79,79,79,79,66,67,51,74,74,74,76,76,76,79,79,79,47,79,79,79,79,79,79,79,75,75,75,75,79,76,76,76,76,54,76,76,76,75,59],"gold":97,"neow_bonus":"THREE_ENEMY_KILL","is_prod":false,"is_daily":false,"chose_seed":false,"campfire_upgraded":7,"win_rate":0,"timestamp":1547785881,"path_taken":["M","?","$","?","?","E","R","?","T","R","M","?","?","E","R","BOSS","M","?","?","M","?","?","R","?","T","M","$","?","E","?","R","BOSS","M","?","?","?","$","R","E","R","T","?","M","$","M","E","R","BOSS","R","$","E","BOSS"],"build_version":"2019-01-17","purchased_purges":4,"victory":true,"max_hp_per_floor":[75,75,75,75,75,75,75,69,69,69,69,69,69,79,79,79,79,79,79,79,79,79,79,79,79,79,79,79,79,79,79,79,79,79,79,79,79,79,79,79,79,79,79,79,79,76,76,76,76,76,76,76,76,83,83],"card_choices":[{"not_picked":["Redo","Sweeping Beam"],"picked":"Blizzard","floor":1.0},{"not_picked":["Chaos","Go for the Eyes"],"picked":"Coolheaded","floor":5.0},{"not_picked":["Echo Form","Barrage"],"picked":"BootSequence","floor":6.0},{"not_picked":["Scrape","Sweeping Beam"],"picked":"Self Repair","floor":11.0},{"not_picked":["Streamline","Auto Shields"],"picked":"Coolheaded","floor":14.0},{"not_picked":["Echo Form","Multi-Cast"],"picked":"Seek","floor":16.0},{"not_picked":["Stack","Darkness","Scrape+1"],"picked":"SKIP","floor":18.0},{"not_picked":["Storm","Hologram","Recycle+1"],"picked":"SKIP","floor":20.0},{"not_picked":["Stack+1","Steam+1","Skim+1"],"picked":"SKIP","floor":21.0},{"not_picked":["Go for the Eyes+1","Rebound+1"],"picked":"Capacitor","floor":27.0},{"not_picked":["Sweeping Beam","Stack+1","Coolheaded"],"picked":"SKIP","floor":30.0},{"not_picked":["Conserve Battery","Go for the Eyes","Stack"],"picked":"SKIP","floor":31.0},{"not_picked":["Biased Cognition","Fission"],"picked":"Machine Learning","floor":33.0},{"not_picked":["Turbo+1","Auto Shields+1","Gash+1"],"picked":"SKIP","floor":35.0},{"not_picked":["Sweeping Beam","Gash+1","Barrage"],"picked":"SKIP","floor":36.0},{"not_picked":["HandOfGreed","Dark Shackles"],"picked":"Impatience","floor":38.0},{"not_picked":["Hyperbeam","Conserve Battery+1","Go for the Eyes+1"],"picked":"SKIP","floor":41.0},{"not_picked":["Redo+1","Consume"],"picked":"Defragment","floor":45.0},{"not_picked":["Cold Snap","Conserve Battery+1"],"picked":"White Noise","floor":47.0},{"not_picked":["Hyperbeam","Fusion+1","Redo+1"],"picked":"SKIP","floor":48.0},{"not_picked":["Force Field+1","Barrage+1","Recycle"],"picked":"SKIP","floor":54}],"player_experience":301519,"relics_obtained":[{"floor":6.0,"key":"Potion Belt"},{"floor":9.0,"key":"Bronze Scales"},{"floor":12.0,"key":"DataDisk"},{"floor":14.0,"key":"Pear"},{"floor":22.0,"key":"Red Mask"},{"floor":23.0,"key":"Nilry\u0027s Codex"},{"floor":29.0,"key":"Kunai"},{"floor":30.0,"key":"MawBank"},{"floor":41.0,"key":"Regal Pillow"},{"floor":43.0,"key":"Gambling Chip"},{"floor":48.0,"key":"Torii"},{"floor":54,"key":"Strawberry"}],"event_choices":[{"damage_healed":0.0,"max_hp_gain":0.0,"max_hp_loss":0.0,"gold_gain":0.0,"event_name":"Scrap Ooze","player_choice":"Success","floor":2.0,"gold_loss":0.0,"damage_taken":7.0,"relics_obtained":["Ginger"]},{"damage_healed":0.0,"max_hp_gain":0.0,"max_hp_loss":0.0,"gold_gain":0.0,"event_name":"Match and Keep!","player_choice":"3 cards matched","floor":4.0,"gold_loss":0.0,"damage_taken":0.0,"cards_obtained":["Defragment","Cold Snap","Flash of Steel"]},{"damage_healed":0.0,"max_hp_gain":0.0,"max_hp_loss":6.0,"gold_gain":0.0,"event_name":"Golden Idol","player_choice":"Lose Max HP","floor":8.0,"gold_loss":0.0,"damage_taken":0.0,"relics_obtained":["Golden Idol"]},{"damage_healed":0.0,"max_hp_gain":0.0,"max_hp_loss":0.0,"gold_gain":0.0,"event_name":"Liars Game","player_choice":"Ignored","floor":13.0,"gold_loss":0.0,"damage_taken":0.0},{"damage_healed":0.0,"max_hp_gain":0.0,"max_hp_loss":0.0,"gold_gain":100.0,"event_name":"Golden Shrine","player_choice":"Pray","floor":19.0,"gold_loss":0.0,"damage_taken":0.0},{"damage_healed":0.0,"max_hp_gain":0.0,"max_hp_loss":0.0,"gold_gain":0.0,"event_name":"Masked Bandits","player_choice":"Fought Bandits","floor":22.0,"gold_loss":0.0,"damage_taken":0.0},{"damage_healed":0.0,"max_hp_gain":0.0,"max_hp_loss":0.0,"gold_gain":0.0,"event_name":"Cursed Tome","player_choice":"Obtained Book","floor":23.0,"gold_loss":0.0,"damage_taken":16.0},{"damage_healed":0.0,"max_hp_gain":0.0,"max_hp_loss":0.0,"gold_gain":0.0,"event_name":"Back to Basics","player_choice":"Simplicity","floor":25.0,"gold_loss":0.0,"damage_taken":0.0,"cards_upgraded":["Strike_B","Strike_B","Strike_B","Defend_B","Defend_B","Defend_B","Defend_B"]},{"cards_removed":["Self Repair"],"damage_healed":0.0,"max_hp_gain":0.0,"max_hp_loss":0.0,"gold_gain":0.0,"event_name":"Falling","player_choice":"Removed Power","floor":37.0,"gold_loss":0.0,"damage_taken":0.0},{"damage_healed":0.0,"max_hp_gain":0.0,"max_hp_loss":0.0,"gold_gain":0.0,"event_name":"SensoryStone","player_choice":"Memory 1","floor":38.0,"gold_loss":0.0,"damage_taken":0.0},{"damage_healed":0.0,"max_hp_gain":0.0,"max_hp_loss":0.0,"gold_gain":222.0,"event_name":"Tomb of Lord Red Mask","player_choice":"Wore Mask","floor":44.0,"gold_loss":0.0,"damage_taken":0.0}],"is_beta":false,"boss_relics":[{"not_picked":["Eternal Feather","Velvet Choker"],"picked":"FrozenCore"},{"not_picked":["Calling Bell","Snecko Eye"],"picked":"Lizard Tail"}],"items_purged_floors":[3,28,39,46],"is_endless":false,"potions_floor_spawned":[5,14,16,18,22,31,41,45,48],"ascension_level":1}