{"gold_per_floor":[117,130,148,168,180,212,212,244,244,264,264,24,40,1,1,72,72,87,107,118,39,56,56,76,76,102,201,220,220],"floor_reached":29,"playtime":1257,"items_purged":[],"score":480,"play_id":"e301effa-a269-4fb0-a99f-32d31161f5ba","local_time":"20190705000443","is_ascension_mode":true,"campfire_choices":[{"floor":7,"key":"REST"},{"data":"True Grit","floor":15,"key":"SMITH"},{"floor":23,"key":"REST"},{"data":"Limit Break","floor":25,"key":"SMITH"}],"neow_cost":"CURSE","seed_source_timestamp":11584015157608,"circlet_count":0,"master_deck":["AscendersBane","Strike_R","Strike_R","Strike_R","Defend_R","Defend_R","Defend_R","Defend_R","Bash","Limit Break+1","Reckless Charge","Anger","Sword Boomerang","Inflame","Headbutt","Flex","True Grit+1","Flex","Pommel Strike","Inflame","Shrug It Off","Power Through","Burning Pact","Double Tap","Hemokinesis","Feel No Pain","Infernal Blade","Seeing Red","Body Slam"],"relics":["Burning Blood","Gremlin Horn","Potion Belt","Self Forming Clay","DollysMirror","Eternal Feather","Bag of Marbles"],"potions_floor_usage":[6,6,16,16,16,19,20,22,29],"damage_taken":[{"damage":2,"enemies":"Small Slimes","floor":1,"turns":5},{"damage":12,"enemies":"Cultist","floor":2,"turns":4},{"damage":20,"enemies":"Jaw Worm","floor":3,"turns":4},{"damage":13,"enemies":"Blue Slaver","floor":4,"turns":3},{"damage":8,"enemies":"Looter","floor":5,"turns":2},{"damage":20,"enemies":"Lagavulin","floor":6,"turns":4},{"damage":35,"enemies":"3 Sentries","floor":8,"turns":6},{"damage":0,"enemies":"2 Fungi Beasts","floor":10,"turns":2},{"damage":2,"enemies":"Red Slaver","floor":13,"turns":3},{"damage":0,"enemies":"The Guardian","floor":16,"turns":7},{"damage":19,"enemies":"Shell Parasite","floor":18,"turns":6},{"damage":21,"enemies":"Chosen","floor":19,"turns":6},{"damage":33,"enemies":"Centurion and Healer","floor":20,"turns":6},{"damage":34,"enemies":"Snake Plant","floor":22,"turns":3},{"damage":35,"enemies":"Shelled Parasite and Fungi","floor":24,"turns":5},{"damage":29,"enemies":"Cultist and Chosen","floor":28,"turns":8},{"damage":31,"enemies":"Gremlin Leader","floor":29,"turns":4}],"seed_played":"5765786547051854115","potions_obtained":[{"floor":1,"key":"Strength Potion"},{"floor":5,"key":"Poison Potion"},{"floor":6,"key":"Energy Potion"},{"floor":10,"key":"Strength Potion"},{"floor":13,"key":"SpeedPotion"},{"floor":16,"key":"EssenceOfSteel"},{"floor":19,"key":"Regen Potion"},{"floor":20,"key":"Regen Potion"},{"floor":28,"key":"Regen Potion"}],"is_trial":false,"path_per_floor":["M","M","M","M","M","E","R","E","T","M","?","$","M","$","R","B",null,"M","M","M","$","M","R","M","R","T","?","M","E"],"character_chosen":"IRONCLAD","items_purchased":["DollysMirror","Shrug It Off","Burning Pact","Feel No Pain"],"campfire_rested":2,"item_purchase_floors":[12,12,14,21],"current_hp_per_floor":[76,70,56,49,47,33,57,28,28,34,34,34,38,38,38,44,71,58,43,31,31,12,51,22,37,37,37,14,0],"gold":220,"neow_bonus":"TRANSFORM_TWO_CARDS","is_prod":false,"is_daily":false,"chose_seed":false,"campfire_upgraded":2,"win_rate":0,"timestamp":1562249083,"path_taken":["M","M","M","M","M","E","R","E","T","M","?","$","?","?","R","BOSS","M","M","M","$","M","R","M","R","T","?","M","E"],"build_version":"2019-07-01","purchased_purges":0,"victory":false,"max_hp_per_floor":[80,80,80,80,80,80,80,80,80,80,80,80,80,80,80,80,80,80,80,80,80,80,80,80,80,80,80,80,80],"card_choices":[{"not_picked":["Warcry","True Grit"],"picked":"Anger","floor":1},{"not_picked":["Sentinel","Body Slam"],"picked":"Sword Boomerang","floor":2},{"not_picked":["Entrench","Seeing Red"],"picked":"Inflame","floor":3},{"not_picked":["Sword Boomerang","Corruption"],"picked":"Headbutt","floor":4},{"not_picked":["Cleave","Warcry"],"picked":"Flex","floor":5},{"not_picked":["Perfected Strike","Berserk"],"picked":"True Grit","floor":6},{"not_picked":["Iron Wave","Anger"],"picked":"Flex","floor":8},{"not_picked":["Evolve","Shockwave"],"picked":"Pommel Strike","floor":10},{"not_picked":["Pommel Strike","Rupture"],"picked":"Power Through","floor":13},{"not_picked":["Brutality","Impervious"],"picked":"Double Tap","floor":16},{"not_picked":["Intimidate","Clash"],"picked":"Hemokinesis","floor":18},{"not_picked":["Clash","Iron Wave","Burning Pact"],"picked":"SKIP","floor":19},{"not_picked":["Iron Wave","Searing Blow","True Grit"],"picked":"SKIP","floor":20},{"not_picked":["Wild Strike","Pommel Strike"],"picked":"Infernal Blade","floor":22},{"not_picked":["Metallicize","Wild Strike"],"picked":"Seeing Red","floor":24},{"not_picked":["Pommel Strike","Havoc"],"picked":"Body Slam","floor":28}],"player_experience":921019,"relics_obtained":[{"floor":6,"key":"Gremlin Horn"},{"floor":8,"key":"Potion Belt"},{"floor":9,"key":"Self Forming Clay"},{"floor":26,"key":"Bag of Marbles"}],"event_choices":[{"cards_removed":["Decay"],"damage_healed":0,"gold_gain":0,"player_choice":"Purged","damage_taken":0,"max_hp_gain":0,"max_hp_loss":0,"event_name":"Purifier","floor":11,"gold_loss":0},{"damage_healed":0,"gold_gain":99,"player_choice":"Stole From Cult","damage_taken":0,"max_hp_gain":0,"max_hp_loss":0,"event_name":"Nest","floor":27,"gold_loss":0}],"is_beta":false,"boss_relics":[{"not_picked":["Ectoplasm","Runic Pyramid"],"picked":"Eternal Feather"}],"items_purged_floors":[],"is_endless":false,"potions_floor_spawned":[1,5,6,10,13,16,19,20,28],"killed_by":"Gremlin Leader","ascension_level":13}