{"gold_per_floor":[118,137,137,150,100,100,134,149,175,190,190,41,61,61],"floor_reached":14,"playtime":612,"items_purged":["Strike_B"],"score":97,"play_id":"f1359025-4067-4163-9e34-d91fdd190290","local_time":"20190111173000","is_ascension_mode":true,"campfire_choices":[{"data":"Capacitor","floor":6.0,"key":"SMITH"},{"data":"Redo","floor":11.0,"key":"SMITH"}],"neow_cost":"TEN_PERCENT_HP_LOSS","seed_source_timestamp":0,"circlet_count":0,"master_deck":["Strike_B","Strike_B","Defend_B","Defend_B","Defend_B","Zap","Dualcast","Cold Snap","Capacitor+1","Redo+1","Ball Lightning","Loop"],"special_seed":0,"relics":["Cracked Core","Lantern","Vajra","Regal Pillow"],"potions_floor_usage":[],"damage_taken":[{"damage":2.0,"enemies":"2 Louse","floor":1.0,"turns":2.0},{"damage":1.0,"enemies":"Jaw Worm","floor":2.0,"turns":3.0},{"damage":2.0,"enemies":"Cultist","floor":4.0,"turns":3.0},{"damage":24.0,"enemies":"Gremlin Nob","floor":7.0,"turns":5.0},{"damage":7.0,"enemies":"Blue Slaver","floor":8.0,"turns":3.0},{"damage":5.0,"enemies":"Looter","floor":10.0,"turns":2.0},{"damage":18.0,"enemies":"3 Louse","floor":13.0,"turns":2.0},{"damage":12,"enemies":"Large Slime","floor":14,"turns":3}],"seed_played":"6914270907277975476","potions_obtained":[{"floor":2.0,"key":"Energy Potion"},{"floor":4.0,"key":"Strength Potion"},{"floor":7.0,"key":"FearPotion"},{"floor":13,"key":"GamblersBrew"}],"is_trial":false,"path_per_floor":["M","M","?","M","?","R","E","M","T","M","R","$","M","M"],"character_chosen":"DEFECT","items_purchased":["Loop"],"campfire_rested":0,"item_purchase_floors":[12],"current_hp_per_floor":[66,65,65,63,63,63,39,32,32,27,27,27,9,0],"gold":61,"neow_bonus":"REMOVE_TWO","is_prod":false,"is_daily":false,"chose_seed":false,"campfire_upgraded":2,"win_rate":0,"timestamp":1547245800,"path_taken":["M","M","?","M","?","R","E","M","T","M","R","?","?","M"],"build_version":"2019-01-10","purchased_purges":1,"victory":false,"max_hp_per_floor":[68,68,68,68,68,68,68,68,68,68,68,68,68,68],"card_choices":[{"not_picked":["Storm","Rebound"],"picked":"Cold Snap","floor":1.0},{"not_picked":["Barrage","Turbo","Recycle"],"picked":"SKIP","floor":2.0},{"not_picked":["Leap","Steam"],"picked":"Capacitor","floor":4.0},{"not_picked":["Barrage","Reprogram"],"picked":"Redo","floor":7.0},{"not_picked":["Streamline","Doom and Gloom"],"picked":"Ball Lightning","floor":8.0},{"not_picked":["Turbo","Reprogram","Leap"],"picked":"SKIP","floor":10.0},{"not_picked":["Stack","Coolheaded","Undo"],"picked":"SKIP","floor":13}],"player_experience":54920,"relics_obtained":[{"floor":7.0,"key":"Vajra"},{"floor":9.0,"key":"Regal Pillow"}],"event_choices":[{"damage_healed":0.0,"max_hp_gain":0.0,"max_hp_loss":0.0,"gold_gain":0.0,"event_name":"Big Fish","player_choice":"Box","floor":3.0,"gold_loss":0.0,"damage_taken":0.0,"relics_obtained":["Lantern"],"cards_obtained":["Regret"]},{"cards_removed":["Regret"],"damage_healed":0.0,"max_hp_gain":0.0,"max_hp_loss":0.0,"gold_gain":0.0,"event_name":"The Cleric","player_choice":"Card Removal","floor":5.0,"gold_loss":50.0,"damage_taken":0.0}],"is_beta":false,"boss_relics":[],"items_purged_floors":[12],"is_endless":false,"potions_floor_spawned":[2,4,7,13],"killed_by":"Large Slime","ascension_level":1}