{"gold_per_floor":[119,119,119,119,119,44,78,78,78,104,127,127,151,170,170,170],"floor_reached":16,"playtime":564,"items_purged":["Strike_B"],"score":178,"play_id":"242d1f66-81c2-4932-a16b-647af9b25684","local_time":"20190324094531","is_ascension_mode":true,"campfire_choices":[{"floor":8,"key":"REST"},{"data":"Defend_B","floor":12,"key":"SMITH"},{"data":"Loop","floor":15,"key":"SMITH"}],"neow_cost":"NONE","seed_source_timestamp":984326352192989,"circlet_count":0,"master_deck":["Strike_B","Strike_B","Defend_B+1","Defend_B","Defend_B","Defend_B","Zap","Dualcast","Loop+1"],"relics":["Cracked Core","NeowsBlessing","Golden Idol","Oddly Smooth Stone","Juzu Bracelet","Shuriken","Bag of Preparation"],"potions_floor_usage":[16,16],"damage_taken":[{"damage":0,"enemies":"Jaw Worm","floor":1,"turns":1},{"damage":0,"enemies":"Gremlin Nob","floor":7,"turns":1},{"damage":0,"enemies":"2 Louse","floor":11,"turns":1},{"damage":0,"enemies":"Small Slimes","floor":13,"turns":2},{"damage":14,"enemies":"3 Louse","floor":14,"turns":3},{"damage":60,"enemies":"Slime Boss","floor":16,"turns":10}],"seed_played":"-1740184700288352064","potions_obtained":[{"floor":7,"key":"SpeedPotion"},{"floor":11,"key":"Energy Potion"},{"floor":14,"key":"LiquidBronze"}],"is_trial":false,"path_per_floor":["M","?","?","?","?","$","E","R","T","T","M","R","M","M","R","B"],"character_chosen":"DEFECT","items_purchased":[],"campfire_rested":1,"item_purchase_floors":[],"current_hp_per_floor":[68,68,50,50,43,43,43,65,65,65,65,65,65,51,51,0],"gold":170,"neow_bonus":"THREE_ENEMY_KILL","is_prod":false,"is_daily":false,"chose_seed":false,"campfire_upgraded":2,"win_rate":0,"timestamp":1553438731,"path_taken":["M","?","?","?","?","$","E","R","T","?","M","R","M","M","R","BOSS"],"build_version":"2019-01-23","purchased_purges":1,"victory":false,"max_hp_per_floor":[75,75,75,75,75,75,75,75,75,75,75,75,75,75,75,75],"card_choices":[{"not_picked":["Rebound","Conserve Battery","Barrage"],"picked":"SKIP","floor":1},{"not_picked":["Go for the Eyes","Steam","Sweeping Beam"],"picked":"SKIP","floor":7},{"not_picked":["Stack","Ball Lightning","Leap"],"picked":"SKIP","floor":11},{"not_picked":["Stack","Consume","Cold Snap"],"picked":"SKIP","floor":13},{"not_picked":["Streamline","Coolheaded"],"picked":"Loop","floor":14}],"player_experience":486784,"relics_obtained":[{"floor":7,"key":"Juzu Bracelet"},{"floor":9,"key":"Shuriken"},{"floor":10,"key":"Bag of Preparation"}],"event_choices":[{"damage_healed":0,"gold_gain":0,"player_choice":"Ignored","damage_taken":0,"max_hp_gain":0,"max_hp_loss":0,"event_name":"Shining Light","floor":2,"gold_loss":0},{"damage_healed":0,"gold_gain":0,"player_choice":"Take Damage","damage_taken":18,"relics_obtained":["Golden Idol"],"max_hp_gain":0,"max_hp_loss":0,"event_name":"Golden Idol","floor":3,"gold_loss":0},{"cards_removed":["Strike_B"],"damage_healed":0,"gold_gain":0,"player_choice":"Forget","damage_taken":0,"max_hp_gain":0,"max_hp_loss":0,"event_name":"Living Wall","floor":4,"gold_loss":0},{"damage_healed":0,"gold_gain":0,"player_choice":"Success","damage_taken":7,"relics_obtained":["Oddly Smooth Stone"],"max_hp_gain":0,"max_hp_loss":0,"event_name":"Scrap Ooze","floor":5,"gold_loss":0}],"is_beta":false,"boss_relics":[],"items_purged_floors":[6],"is_endless":false,"potions_floor_spawned":[7,11,14],"killed_by":"Slime Boss","ascension_level":9}