{"gold_per_floor":[114,114,129,129,144,144,159,189,264,264,279,279,294,20,20,120,120,135,150,165,165],"floor_reached":21,"playtime":2134,"items_purged":[],"score":233,"play_id":"dd8092e7-3142-4770-bfb9-e8649fbbd154","local_time":"20190326080438","daily_mods":["Specialized","Red Cards","Binary"],"is_ascension_mode":false,"campfire_choices":[{"data":"Sucker Punch","floor":6,"key":"SMITH"},{"floor":10,"key":"REST"},{"data":"Neutralize","floor":12,"key":"SMITH"},{"data":"Distraction","floor":15,"key":"SMITH"}],"neow_cost":"","seed_source_timestamp":42421188512451,"circlet_count":0,"master_deck":["Defend_G","Defend_G","Defend_G","Defend_G","Defend_G","Strike_G","Strike_G","Strike_G","Strike_G","Strike_G","Survivor","Neutralize+1","After Image","After Image","After Image","After Image","After Image","Regret","Outmaneuver","Sucker Punch+1","Pommel Strike","Finisher","Underhanded Strike","Distraction+1","Sadistic Nature","Dagger Throw","Footwork","Barricade","Choke","PiercingWail","Armaments"],"special_seed":17980,"relics":["Ring of the Snake","Strawberry","The Specimen","Pear","Bottled Flame","Sozu"],"potions_floor_usage":[7,7,16,18],"damage_taken":[{"damage":0,"enemies":"Jaw Worm","floor":1,"turns":8},{"damage":4,"enemies":"Cultist","floor":3,"turns":7},{"damage":3,"enemies":"Small Slimes","floor":5,"turns":7},{"damage":6,"enemies":"2 Fungi Beasts","floor":7,"turns":5},{"damage":11,"enemies":"Lagavulin","floor":8,"turns":11},{"damage":1,"enemies":"Large Slime","floor":11,"turns":9},{"damage":19,"enemies":"Exordium Wildlife","floor":13,"turns":8},{"damage":20,"enemies":"Slime Boss","floor":16,"turns":19},{"damage":8,"enemies":"Spheric Guardian","floor":18,"turns":7},{"damage":24,"enemies":"3 Byrds","floor":19,"turns":9},{"damage":39,"enemies":"3 Cultists","floor":20,"turns":7}],"seed_played":"7193510018301327522","potions_obtained":[{"floor":3,"key":"SkillPotion"},{"floor":5,"key":"Weak Potion"},{"floor":13,"key":"Swift Potion"},{"floor":16,"key":"Block Potion"}],"is_trial":false,"path_per_floor":["M","?","M","?","M","R","M","E","T","R","M","R","M","$","R","B",null,"M","M","M","?"],"character_chosen":"THE_SILENT","items_purchased":["Sadistic Nature","Dagger Throw","Footwork"],"campfire_rested":1,"item_purchase_floors":[14,14,14],"current_hp_per_floor":[70,77,73,73,70,70,64,63,63,87,86,86,67,67,67,47,87,79,55,16,0],"gold":165,"neow_bonus":"","is_prod":false,"is_daily":true,"chose_seed":false,"campfire_upgraded":3,"win_rate":0,"timestamp":1553551478,"path_taken":["M","?","M","?","M","R","M","E","T","R","M","R","?","$","R","BOSS","M","M","M","?"],"build_version":"2019-01-23","purchased_purges":0,"victory":false,"max_hp_per_floor":[70,77,77,77,77,77,77,87,87,87,87,87,87,87,87,87,87,87,87,87,87],"card_choices":[{"not_picked":["Perfected Strike"],"picked":"Havoc","floor":1},{"not_picked":["Clothesline"],"picked":"Outmaneuver","floor":3},{"not_picked":["Havoc"],"picked":"Sucker Punch","floor":5},{"not_picked":["Sever Soul"],"picked":"Pommel Strike","floor":7},{"not_picked":["Predator"],"picked":"Finisher","floor":8},{"not_picked":["Heel Hook"],"picked":"Underhanded Strike","floor":11},{"not_picked":["Bouncing Flask"],"picked":"Distraction","floor":13},{"not_picked":["Bullet Time"],"picked":"Barricade","floor":16},{"not_picked":["Sucker Punch"],"picked":"Choke","floor":18},{"not_picked":["Deadly Poison"],"picked":"PiercingWail","floor":19},{"not_picked":["Sword Boomerang+1"],"picked":"Armaments","floor":20}],"player_experience":150763,"relics_obtained":[{"floor":8,"key":"Pear"},{"floor":9,"key":"Bottled Flame"}],"event_choices":[{"damage_healed":0,"gold_gain":0,"player_choice":"Box","damage_taken":0,"relics_obtained":["Strawberry"],"max_hp_gain":0,"max_hp_loss":0,"event_name":"Big Fish","floor":2,"gold_loss":0,"cards_obtained":["Regret"]},{"cards_removed":["Havoc"],"damage_healed":0,"gold_gain":0,"player_choice":"Gave Card","damage_taken":0,"relics_obtained":["The Specimen"],"max_hp_gain":0,"max_hp_loss":0,"event_name":"WeMeetAgain","floor":4,"gold_loss":0}],"is_beta":false,"boss_relics":[{"not_picked":["Tiny House","Runic Dome"],"picked":"Sozu"}],"items_purged_floors":[],"is_endless":false,"potions_floor_spawned":[3,5,13,16,20],"ascension_level":0}