{"gold_per_floor":[113,113,38,38,38,78,91,91,163,176,189,144,488,438,438,438],"floor_reached":16,"playtime":465,"items_purged":["Injury"],"score":146,"play_id":"db137325-15f4-4bf7-9754-f9530b41fe3f","local_time":"20190114171338","is_ascension_mode":true,"campfire_choices":[{"data":"Neutralize","floor":8,"key":"SMITH"},{"data":"Adrenaline","floor":15,"key":"SMITH"}],"neow_cost":"NONE","seed_source_timestamp":443308986590399,"circlet_count":0,"master_deck":["Defend_G","Defend_G","Defend_G","Defend_G","Strike_G","Strike_G","Strike_G","Strike_G","Strike_G","Survivor","Neutralize+1","Footwork+1","Concentrate","Tactician","Adrenaline+1","Flying Knee","Prepared"],"relics":["Ring of the Snake","NeowsBlessing","Golden Idol","Potion Belt","Bag of Preparation","Ornamental Fan","Old Coin"],"potions_floor_usage":[12,13,16],"damage_taken":[{"damage":0,"enemies":"Jaw Worm","floor":1,"turns":1},{"damage":0,"enemies":"Lagavulin","floor":6,"turns":1},{"damage":0,"enemies":"Small Slimes","floor":7,"turns":1},{"damage":0,"enemies":"2 Louse","floor":10,"turns":3},{"damage":0,"enemies":"Red Slaver","floor":11,"turns":5},{"damage":0,"enemies":"Looter","floor":12,"turns":5},{"damage":11,"enemies":"Gremlin Nob","floor":13,"turns":6},{"damage":64,"enemies":"Slime Boss","floor":16,"turns":8}],"seed_played":"5455533372441581038","potions_obtained":[{"floor":1,"key":"LiquidBronze"},{"floor":6,"key":"EssenceOfSteel"},{"floor":10,"key":"PowerPotion"}],"is_trial":false,"path_per_floor":["M","?","$","?","?","E","M","R","T","M","M","M","E","?","R","B"],"character_chosen":"THE_SILENT","items_purchased":[],"campfire_rested":0,"item_purchase_floors":[],"current_hp_per_floor":[70,70,70,63,63,63,63,63,63,63,63,63,52,52,52,0],"gold":438,"neow_bonus":"THREE_ENEMY_KILL","is_prod":false,"is_daily":false,"chose_seed":false,"campfire_upgraded":2,"win_rate":0,"timestamp":1547504018,"path_taken":["M","?","$","?","?","E","M","R","T","?","M","M","E","?","R","BOSS"],"build_version":"2019-01-10","purchased_purges":1,"victory":false,"max_hp_per_floor":[70,70,70,70,70,70,70,70,70,70,70,70,70,70,70,70],"card_choices":[{"not_picked":["Heel Hook","Dash"],"picked":"Footwork","floor":1},{"not_picked":["Outmaneuver","Catalyst"],"picked":"Concentrate","floor":6},{"not_picked":["Backflip","Cloak And Dagger"],"picked":"Tactician","floor":7},{"not_picked":["Cloak And Dagger","Dodge and Roll","Deadly Poison"],"picked":"SKIP","floor":10},{"not_picked":["Escape Plan","Setup"],"picked":"Adrenaline","floor":11},{"not_picked":["Dodge and Roll","Deflect"],"picked":"Flying Knee","floor":12},{"not_picked":["Poisoned Stab","Deflect"],"picked":"Prepared","floor":13}],"player_experience":75095,"relics_obtained":[{"floor":6,"key":"Bag of Preparation"},{"floor":9,"key":"Ornamental Fan"},{"floor":13,"key":"Old Coin"}],"event_choices":[{"damage_healed":0,"gold_gain":0,"player_choice":"Take Wound","damage_taken":0,"relics_obtained":["Golden Idol"],"max_hp_gain":0,"max_hp_loss":0,"event_name":"Golden Idol","floor":2,"gold_loss":0,"cards_obtained":["Injury"]},{"damage_healed":0,"gold_gain":0,"player_choice":"Success","damage_taken":7,"relics_obtained":["Potion Belt"],"max_hp_gain":0,"max_hp_loss":0,"event_name":"Scrap Ooze","floor":4,"gold_loss":0},{"damage_healed":0,"gold_gain":0,"player_choice":"Forge","damage_taken":0,"max_hp_gain":0,"max_hp_loss":0,"event_name":"Accursed Blacksmith","floor":5,"gold_loss":0,"cards_upgraded":["Footwork"]},{"cards_removed":["Defend_G"],"damage_healed":0,"gold_gain":0,"player_choice":"Card Removal","damage_taken":0,"max_hp_gain":0,"max_hp_loss":0,"event_name":"The Cleric","floor":14,"gold_loss":50}],"is_beta":false,"boss_relics":[],"items_purged_floors":[3],"is_endless":false,"potions_floor_spawned":[1,6,10],"killed_by":"Slime Boss","ascension_level":2}