{"gold_per_floor":[210,190,203,17,30,30,60,60,60,94,94,114,135,135,135,210,210,223,243,85,85,103,103],"floor_reached":23,"playtime":977,"items_purged":[],"score":398,"play_id":"fc6566b8-5a8a-4c64-8a07-2204090b9a97","local_time":"20190628164121","is_ascension_mode":true,"campfire_choices":[{"data":"Redo","floor":6,"key":"SMITH"},{"data":"Zap","floor":8,"key":"SMITH"},{"data":"Hologram","floor":11,"key":"SMITH"},{"data":"Hologram","floor":15,"key":"SMITH"}],"neow_cost":"NONE","seed_source_timestamp":0,"circlet_count":0,"master_deck":["AscendersBane","Strike_B","Strike_B","Strike_B+1","Strike_B","Defend_B","Defend_B+1","Defend_B","Defend_B","Zap+1","Dualcast","Redo+1","Hologram+1","Doom and Gloom","Sweeping Beam","Stack","Rip and Tear","Chaos","Hologram+1","Compile Driver","Redo","Electrodynamics","Compile Driver","Defragment","Echo Form","Cold Snap+1"],"relics":["Cracked Core","Matryoshka","Omamori","Meat on the Bone","Orichalcum","Odd Mushroom","Sozu"],"potions_floor_usage":[7,16,16],"damage_taken":[{"damage":9,"enemies":"Jaw Worm","floor":1,"turns":4},{"damage":0,"enemies":"Cultist","floor":3,"turns":3},{"damage":2,"enemies":"2 Louse","floor":5,"turns":2},{"damage":11,"enemies":"Gremlin Nob","floor":7,"turns":3},{"damage":25,"enemies":"3 Sentries","floor":10,"turns":5},{"damage":5,"enemies":"Looter","floor":12,"turns":2},{"damage":10,"enemies":"The Mushroom Lair","floor":13,"turns":3},{"damage":16,"enemies":"Hexaghost","floor":16,"turns":9},{"damage":18,"enemies":"Shell Parasite","floor":18,"turns":6},{"damage":16,"enemies":"2 Thieves","floor":19,"turns":2},{"damage":18,"enemies":"Snake Plant","floor":22,"turns":3},{"damage":34,"enemies":"Gremlin Leader","floor":23,"turns":4}],"seed_played":"908556972218983","potions_obtained":[{"floor":2,"key":"Energy Potion"},{"floor":3,"key":"Explosive Potion"},{"floor":5,"key":"FearPotion"},{"floor":12,"key":"SteroidPotion"}],"is_trial":false,"path_per_floor":["M","?","M","$","M","R","E","R","T","E","R","M","?","?","R","B",null,"M","M","$","?","M","E"],"character_chosen":"DEFECT","items_purchased":["Doom and Gloom","Sweeping Beam","Stack","Echo Form"],"campfire_rested":0,"item_purchase_floors":[4,4,4,20],"current_hp_per_floor":[55,55,55,55,53,53,42,42,42,29,29,36,38,17,17,13,57,39,35,35,35,29,0],"gold":103,"neow_bonus":"HUNDRED_GOLD","is_prod":false,"is_daily":false,"chose_seed":true,"campfire_upgraded":4,"win_rate":0,"timestamp":1561754481,"path_taken":["M","?","M","$","M","R","E","R","T","E","R","?","?","?","R","BOSS","M","M","$","?","M","E"],"build_version":"2019-06-24","purchased_purges":0,"victory":false,"max_hp_per_floor":[71,71,71,71,71,71,71,71,71,71,71,71,71,71,71,71,71,71,71,71,71,71,71],"card_choices":[{"not_picked":["Auto Shields","Skim"],"picked":"Redo","floor":1},{"not_picked":["Conserve Battery","Fusion"],"picked":"Hologram","floor":3},{"not_picked":["Reprogram","Redo"],"picked":"Rip and Tear","floor":5},{"not_picked":["Double Energy","Thunder Strike"],"picked":"Chaos","floor":7},{"not_picked":["Barrage","Turbo"],"picked":"Hologram","floor":10},{"not_picked":["Ball Lightning","Conserve Battery"],"picked":"Compile Driver","floor":12},{"not_picked":["Aggregate","Reprogram"],"picked":"Redo","floor":13},{"not_picked":["Thunder Strike","Meteor Strike"],"picked":"Electrodynamics","floor":16},{"not_picked":["Conserve Battery","Go for the Eyes"],"picked":"Compile Driver","floor":18},{"not_picked":["Steam","Barrage"],"picked":"Defragment","floor":19},{"not_picked":["Chaos","Coolheaded"],"picked":"Cold Snap+1","floor":22}],"player_experience":3073999,"relics_obtained":[{"floor":7,"key":"Matryoshka"},{"floor":9,"key":"Omamori"},{"floor":9,"key":"Meat on the Bone"},{"floor":10,"key":"Orichalcum"},{"floor":13,"key":"Odd Mushroom"}],"event_choices":[{"damage_healed":0,"gold_gain":0,"player_choice":"Bought 1 Potion","damage_taken":0,"max_hp_gain":0,"max_hp_loss":0,"event_name":"The Woman in Blue","floor":2,"gold_loss":0},{"damage_healed":0,"gold_gain":0,"player_choice":"Fought Mushrooms","damage_taken":0,"max_hp_gain":0,"max_hp_loss":0,"event_name":"Mushrooms","floor":13,"gold_loss":0},{"damage_healed":0,"gold_gain":0,"player_choice":"Entered Light","damage_taken":21,"max_hp_gain":0,"max_hp_loss":0,"event_name":"Shining Light","floor":14,"gold_loss":0,"cards_upgraded":["Strike_B","Defend_B"]},{"damage_healed":0,"gold_gain":0,"player_choice":"Ignored","damage_taken":0,"max_hp_gain":0,"max_hp_loss":0,"event_name":"Ghosts","floor":21,"gold_loss":0}],"is_beta":true,"boss_relics":[{"not_picked":["Astrolabe","Calling Bell"],"picked":"Sozu"}],"items_purged_floors":[],"is_endless":false,"potions_floor_spawned":[3,5,12,13,18],"killed_by":"Gremlin Leader","ascension_level":20}