{"gold_per_floor":[114,134,134,134,150,150,72,72,72,107,138,162,174,198,210,297,309,340,365,302,322,340,340,372,372,372,372,31,51,61,61,61,61],"floor_reached":33,"playtime":1474,"items_purged":["Strike_R","Evolve"],"score":521,"play_id":"4460ad98-b913-4c95-80a4-e44545796ad6","local_time":"20190716231559","is_ascension_mode":true,"campfire_choices":[{"data":"Inflame","floor":6.0,"key":"SMITH"},{"data":"Feed","floor":8.0,"key":"SMITH"},{"data":"Offering","floor":13.0,"key":"SMITH"},{"data":"Clothesline","floor":15.0,"key":"SMITH"},{"data":"Double Tap","floor":23.0,"key":"SMITH"},{"floor":25.0,"key":"REST"},{"floor":32.0,"key":"REST"}],"neow_cost":"TEN_PERCENT_HP_LOSS","seed_source_timestamp":462740939486237,"circlet_count":0,"master_deck":["AscendersBane","Strike_R","Strike_R","Defend_R","Defend_R","Defend_R","Defend_R","Bash+1","Offering+1","Inflame+1","Heavy Blade+1","Clothesline+1","Feed+1","Feel No Pain","Headbutt","Double Tap+1","Demon Form","Thunderclap+1","Sentinel","Offering+1","Uppercut+1","Iron Wave+1"],"special_seed":0,"relics":["Burning Blood","Blue Candle","MawBank","Busted Crown","Molten Egg 2","Gambling Chip","DollysMirror"],"potions_floor_usage":[33],"damage_taken":[{"damage":6.0,"enemies":"Small Slimes","floor":1.0,"turns":2.0},{"damage":6.0,"enemies":"2 Louse","floor":2.0,"turns":2.0},{"damage":8.0,"enemies":"Jaw Worm","floor":5.0,"turns":2.0},{"damage":18.0,"enemies":"Gremlin Nob","floor":10.0,"turns":3.0},{"damage":22.0,"enemies":"Gremlin Gang","floor":11.0,"turns":5.0},{"damage":13.0,"enemies":"Blue Slaver","floor":12.0,"turns":3.0},{"damage":17.0,"enemies":"Looter","floor":14.0,"turns":5.0},{"damage":42.0,"enemies":"Slime Boss","floor":16.0,"turns":7.0},{"damage":13.0,"enemies":"Chosen","floor":18.0,"turns":3.0},{"damage":12.0,"enemies":"Spheric Guardian","floor":19.0,"turns":3.0},{"damage":13.0,"enemies":"Cultist and Chosen","floor":21.0,"turns":3.0},{"damage":12.0,"enemies":"3 Cultists","floor":22.0,"turns":4.0},{"damage":34.0,"enemies":"Book of Stabbing","floor":24.0,"turns":3.0},{"damage":33.0,"enemies":"Shelled Parasite and Fungi","floor":29.0,"turns":4.0},{"damage":14.0,"enemies":"Cultist and Chosen","floor":30.0,"turns":4.0},{"damage":24.0,"enemies":"Colosseum Slavers","floor":31.0,"turns":3.0},{"damage":47,"enemies":"Collector","floor":33,"turns":5}],"seed_played":"-6475140605854813513","potions_obtained":[{"floor":1.0,"key":"BloodPotion"},{"floor":2.0,"key":"Ancient Potion"},{"floor":12.0,"key":"BloodPotion"},{"floor":18.0,"key":"EntropicBrew"}],"is_trial":false,"path_per_floor":["M","M","?","?","M","R","$","R","T","E","M","M","R","M","R","B",null,"M","M","$","M","M","R","E","R","T","?","$","M","M","?","R","B"],"character_chosen":"IRONCLAD","items_purchased":["Feed","DollysMirror","Uppercut+1"],"campfire_rested":2,"item_purchase_floors":[7,28,28],"current_hp_per_floor":[68,68,48,53,51,51,51,51,51,61,49,46,46,60,60,28,77,74,72,72,69,67,67,39,71,71,71,71,48,44,26,61,14],"gold":61,"neow_bonus":"THREE_RARE_CARDS","is_prod":false,"is_daily":false,"chose_seed":false,"campfire_upgraded":5,"win_rate":0,"timestamp":1563286559,"path_taken":["M","M","?","?","M","R","?","R","T","E","M","M","R","M","R","BOSS","M","M","$","?","M","R","E","R","T","?","$","M","M","?","R","BOSS"],"build_version":"2019-07-01","purchased_purges":2,"victory":false,"max_hp_per_floor":[68,68,68,73,73,73,73,73,73,77,81,85,85,89,89,93,93,97,101,101,105,109,109,109,109,109,109,109,113,117,117,117,117],"card_choices":[{"not_picked":["Exhume","Reaper"],"picked":"Offering","floor":0.0},{"not_picked":["Iron Wave","True Grit"],"picked":"Inflame","floor":1.0},{"not_picked":["Sever Soul","Thunderclap"],"picked":"Heavy Blade","floor":2.0},{"not_picked":["Second Wind","Evolve"],"picked":"Clothesline","floor":5.0},{"not_picked":["True Grit","Warcry"],"picked":"Feel No Pain","floor":10.0},{"not_picked":["Wild Strike","Rampage"],"picked":"Headbutt","floor":11.0},{"not_picked":["Second Wind","Flex","Clash"],"picked":"SKIP","floor":12.0},{"not_picked":["Second Wind","Flex","Clash"],"picked":"SKIP","floor":12.0},{"not_picked":["Cleave","True Grit"],"picked":"Double Tap","floor":14.0},{"not_picked":["Juggernaut","Feed"],"picked":"Demon Form","floor":16.0},{"not_picked":[],"picked":"Thunderclap+1","floor":18.0},{"not_picked":["Blood for Blood"],"picked":"SKIP","floor":19.0},{"not_picked":["Clothesline"],"picked":"SKIP","floor":21.0},{"not_picked":["Perfected Strike"],"picked":"SKIP","floor":22.0},{"not_picked":["Dark Embrace"],"picked":"SKIP","floor":24.0},{"not_picked":["Fire Breathing"],"picked":"SKIP","floor":29.0},{"not_picked":[],"picked":"Iron Wave+1","floor":30.0}],"player_experience":1150718,"relics_obtained":[{"floor":9.0,"key":"Blue Candle"},{"floor":10.0,"key":"MawBank"},{"floor":24.0,"key":"Molten Egg 2"},{"floor":26.0,"key":"Gambling Chip"}],"event_choices":[{"damage_healed":0.0,"max_hp_gain":0.0,"max_hp_loss":0.0,"gold_gain":0.0,"event_name":"Shining Light","player_choice":"Entered Light","floor":3.0,"gold_loss":0.0,"damage_taken":20.0,"cards_upgraded":["Bash","Heavy Blade"]},{"damage_healed":0.0,"max_hp_gain":5.0,"max_hp_loss":0.0,"gold_gain":0.0,"event_name":"Big Fish","player_choice":"Donut","floor":4.0,"gold_loss":0.0,"damage_taken":0.0},{"damage_healed":0.0,"max_hp_gain":0.0,"max_hp_loss":0.0,"gold_gain":0.0,"cards_transformed":["Strike_R","Strike_R"],"event_name":"Drug Dealer","player_choice":"Became Test Subject","floor":27.0,"gold_loss":0.0,"damage_taken":0.0,"cards_obtained":["Sentinel","Evolve"]},{"damage_healed":0.0,"max_hp_gain":0.0,"max_hp_loss":0.0,"gold_gain":0.0,"event_name":"Colosseum","player_choice":"Fight","floor":31.0,"gold_loss":0.0,"damage_taken":0.0},{"damage_healed":0.0,"max_hp_gain":0.0,"max_hp_loss":0.0,"gold_gain":0.0,"event_name":"Colosseum","player_choice":"Fled From Nobs","floor":31.0,"gold_loss":0.0,"damage_taken":0.0}],"is_beta":false,"boss_relics":[{"not_picked":["Mark of Pain","Empty Cage"],"picked":"Busted Crown"}],"items_purged_floors":[20,28],"is_endless":false,"potions_floor_spawned":[1,2,12,18,21,29,30],"killed_by":"Collector","ascension_level":15}