{"gold_per_floor":[111,111,122,122,147,185,210,248,301,301,317,337,361,379,379,498,498,514,3,0,24,24,68,68],"floor_reached":24,"playtime":2568,"items_purged":["Strike_R"],"score":255,"play_id":"0dabc2d1-6b6e-48c0-a738-2df3ee6b6325","local_time":"20190628205356","is_ascension_mode":false,"campfire_choices":[{"floor":10,"key":"REST"},{"floor":15,"key":"REST"}],"neow_cost":"NONE","seed_source_timestamp":21091801707200,"circlet_count":0,"master_deck":["Strike_R+1","Strike_R","Strike_R","Strike_R+1","Defend_R+1","Defend_R+1","Defend_R","Defend_R","Bash","Clothesline","Infernal Blade","Injury","Headbutt","Cleave","Rampage+1","Dropkick","Shockwave","Disarm","True Grit","Bludgeon","Bludgeon","Writhe","Writhe","Normality","Rage","Carnage","Secret Technique","Rampage","Cleave","Armaments"],"relics":["Burning Blood","Mercury Hourglass","Golden Idol","Darkstone Periapt","Whetstone","War Paint","Calling Bell","Pen Nib","Ornamental Fan","Unceasing Top","Regal Pillow","Sundial"],"potions_floor_usage":[16,16,23,23,24],"damage_taken":[{"damage":5,"enemies":"Small Slimes","floor":1,"turns":4},{"damage":8,"enemies":"2 Louse","floor":3,"turns":2},{"damage":1,"enemies":"Jaw Worm","floor":5,"turns":3},{"damage":27,"enemies":"Gremlin Nob","floor":6,"turns":4},{"damage":10,"enemies":"Looter","floor":7,"turns":3},{"damage":22,"enemies":"3 Sentries","floor":8,"turns":4},{"damage":4,"enemies":"2 Fungi Beasts","floor":11,"turns":2},{"damage":13,"enemies":"Exordium Thugs","floor":12,"turns":3},{"damage":9,"enemies":"Gremlin Gang","floor":13,"turns":3},{"damage":0,"enemies":"3 Louse","floor":14,"turns":2},{"damage":14,"enemies":"Slime Boss","floor":16,"turns":6},{"damage":16,"enemies":"Chosen","floor":18,"turns":4},{"damage":39,"enemies":"Shell Parasite","floor":21,"turns":4},{"damage":56,"enemies":"Slavers","floor":23,"turns":5},{"damage":13,"enemies":"Sentry and Sphere","floor":24,"turns":2}],"seed_played":"-5699539809321363645","potions_obtained":[{"floor":1,"key":"Strength Potion"},{"floor":7,"key":"Poison Potion"},{"floor":11,"key":"Regen Potion"},{"floor":18,"key":"Weak Potion"},{"floor":23,"key":"PowerPotion"}],"is_trial":false,"path_per_floor":["M","?","M","?","M","E","M","E","T","R","M","M","M","M","R","B",null,"M","$","?","M","$","E","M"],"character_chosen":"IRONCLAD","items_purchased":["Carnage","Secret Technique","Rampage","Regal Pillow"],"campfire_rested":2,"item_purchase_floors":[19,19,19,19],"current_hp_per_floor":[80,73,71,71,76,55,51,35,35,59,61,54,51,57,80,72,98,88,88,88,55,55,10,0],"gold":68,"neow_bonus":"UPGRADE_CARD","is_prod":false,"is_daily":false,"chose_seed":false,"campfire_upgraded":0,"win_rate":0.0,"timestamp":1561744436,"path_taken":["M","?","M","?","M","E","M","E","T","R","M","M","M","M","R","BOSS","M","$","?","M","$","E","M"],"build_version":"2019-01-23","purchased_purges":1,"victory":false,"max_hp_per_floor":[80,80,80,80,80,80,80,80,80,80,80,80,80,80,80,80,98,98,98,98,98,98,98,98],"card_choices":[{"not_picked":["Sever Soul","Sword Boomerang"],"picked":"Clothesline","floor":1},{"not_picked":["Searing Blow","Pummel"],"picked":"Infernal Blade","floor":3},{"not_picked":["Anger","Clash"],"picked":"Headbutt","floor":5},{"not_picked":["Warcry","Sever Soul"],"picked":"Cleave","floor":6},{"not_picked":["Perfected Strike","Cleave"],"picked":"Rampage","floor":7},{"not_picked":["Combust","Feel No Pain"],"picked":"Dropkick","floor":8},{"not_picked":["Sever Soul","True Grit"],"picked":"Shockwave","floor":11},{"not_picked":["Feel No Pain","Dropkick"],"picked":"Disarm","floor":12},{"not_picked":["Iron Wave","Sword Boomerang"],"picked":"True Grit","floor":13},{"not_picked":["Pommel Strike","Burning Pact"],"picked":"Bludgeon","floor":14},{"not_picked":["Barricade","Juggernaut"],"picked":"Bludgeon","floor":16},{"not_picked":["Heavy Blade","Feel No Pain"],"picked":"Rage","floor":18},{"not_picked":["Body Slam","Bloodletting"],"picked":"Cleave","floor":21},{"not_picked":["Body Slam","Entrench"],"picked":"Armaments","floor":23}],"player_experience":7859,"relics_obtained":[{"floor":6,"key":"Darkstone Periapt"},{"floor":8,"key":"Whetstone"},{"floor":9,"key":"War Paint"},{"floor":17,"key":"Pen Nib"},{"floor":17,"key":"Ornamental Fan"},{"floor":17,"key":"Unceasing Top"},{"floor":23,"key":"Sundial"}],"event_choices":[{"damage_healed":0,"gold_gain":0,"player_choice":"Success","damage_taken":7,"relics_obtained":["Mercury Hourglass"],"max_hp_gain":0,"max_hp_loss":0,"event_name":"Scrap Ooze","floor":2,"gold_loss":0},{"damage_healed":0,"gold_gain":0,"player_choice":"Take Wound","damage_taken":0,"relics_obtained":["Golden Idol"],"max_hp_gain":0,"max_hp_loss":0,"event_name":"Golden Idol","floor":4,"gold_loss":0,"cards_obtained":["Injury"]},{"damage_healed":0,"gold_gain":0,"player_choice":"Paid Fearfully","damage_taken":0,"max_hp_gain":0,"max_hp_loss":0,"event_name":"Masked Bandits","floor":20,"gold_loss":3}],"is_beta":false,"boss_relics":[{"not_picked":["Black Blood","Snecko Eye"],"picked":"Calling Bell"}],"items_purged_floors":[19],"is_endless":false,"potions_floor_spawned":[1,7,11,12,18,23],"killed_by":"Sentry and Sphere","ascension_level":0}