{"gold_per_floor":[109,184,184,184,197,236,255,14,14,14,14,45,45,65,65,195,195,219,242,97,115,128,128,164,176,188,214,249,261,297,104,104,225,225,246,269,292,140,140,178,178,178,205,218,236,236,255,255,255,255,255,255,17,57,57],"floor_reached":55,"playtime":2412,"items_purged":["Strike_B","Regret","Defend_B","Strike_B"],"score":728,"play_id":"a55a4fff-c585-4513-b7db-cd05608e7113","local_time":"20190111043102","is_ascension_mode":false,"campfire_choices":[{"data":"Electrodynamics","floor":15.0,"key":"SMITH"},{"floor":23.0,"key":"REST"},{"data":"Apotheosis","floor":25.0,"key":"SMITH"},{"floor":29.0,"key":"RECALL"},{"floor":32.0,"key":"REST"},{"floor":41.0,"key":"REST"},{"floor":46.0,"key":"REST"},{"floor":49.0,"key":"REST"},{"data":"Consume","floor":52.0,"key":"SMITH"}],"neow_cost":"NONE","seed_source_timestamp":0,"circlet_count":0,"master_deck":["Strike_B","Defend_B","Zap","Dualcast","Chill","Ball Lightning","Consume+1","Go for the Eyes","Apotheosis+1","Beam Cell","Electrodynamics+1","Hologram+1","Redo","Conserve Battery+1","Leap","Genetic Algorithm","Echo Form","Leap+1","Cold Snap+1","Loop"],"special_seed":0,"relics":["Cracked Core","NeowsBlessing","Golden Idol","Du-Vu Doll","Unceasing Top","Boot","Pocketwatch","Inserter","MawBank","FossilizedHelix","Empty Cage","Strawberry","StoneCalendar","Spirit Poop","Art of War"],"potions_floor_usage":[55,55,55],"damage_taken":[{"damage":0.0,"enemies":"Jaw Worm","floor":1.0,"turns":1.0},{"damage":0.0,"enemies":"2 Louse","floor":5.0,"turns":1.0},{"damage":0.0,"enemies":"3 Sentries","floor":6.0,"turns":1.0},{"damage":1.0,"enemies":"Cultist","floor":7.0,"turns":3.0},{"damage":2.0,"enemies":"Lagavulin","floor":12.0,"turns":6.0},{"damage":9.0,"enemies":"Lots of Slimes","floor":14.0,"turns":4.0},{"damage":34.0,"enemies":"The Guardian","floor":16.0,"turns":9.0},{"damage":2.0,"enemies":"Spheric Guardian","floor":18.0,"turns":3.0},{"damage":10.0,"enemies":"Chosen","floor":19.0,"turns":3.0},{"damage":27.0,"enemies":"Centurion and Healer","floor":21.0,"turns":4.0},{"damage":13.0,"enemies":"Snecko","floor":22.0,"turns":5.0},{"damage":16.0,"enemies":"Slavers","floor":24.0,"turns":3.0},{"damage":0.0,"enemies":"3 Cultists","floor":27.0,"turns":2.0},{"damage":0.0,"enemies":"Sentry and Sphere","floor":28.0,"turns":3.0},{"damage":0.0,"enemies":"Snake Plant","floor":30.0,"turns":3.0},{"damage":14.0,"enemies":"Automaton","floor":33.0,"turns":9.0},{"damage":16.0,"enemies":"3 Darklings","floor":35.0,"turns":4.0},{"damage":11.0,"enemies":"3 Shapes","floor":36.0,"turns":2.0},{"damage":31.0,"enemies":"Spire Growth","floor":37.0,"turns":5.0},{"damage":41.0,"enemies":"Reptomancer","floor":40.0,"turns":6.0},{"damage":14.0,"enemies":"Writhing Mass","floor":44.0,"turns":7.0},{"damage":1.0,"enemies":"Jaw Worm Horde","floor":45.0,"turns":4.0},{"damage":18.0,"enemies":"Spire Growth","floor":47.0,"turns":6.0},{"damage":12.0,"enemies":"Time Eater","floor":50.0,"turns":14.0},{"damage":30.0,"enemies":"Shield and Spear","floor":54.0,"turns":7.0},{"damage":72,"enemies":"The Heart","floor":55,"turns":3}],"seed_played":"-8871649166354943919","potions_obtained":[{"floor":6.0,"key":"Regen Potion"},{"floor":12.0,"key":"SteroidPotion"},{"floor":21.0,"key":"LiquidBronze"}],"is_trial":false,"path_per_floor":["M","?","?","?","M","E","M","$","T","$","?","E","?","M","R","B",null,"M","M","$","M","M","R","E","R","T","M","M","R","M","$","R","B",null,"M","M","M","$","?","E","R","?","T","M","M","R","M","?","R","B",null,"R","$","E","B"],"character_chosen":"DEFECT","items_purchased":["Apotheosis","Redo","Genetic Algorithm","Strawberry","Loop","Block Potion"],"campfire_rested":5,"item_purchase_floors":[8,20,31,38,53,53],"current_hp_per_floor":[75,64,46,39,39,39,38,38,38,38,38,36,75,66,66,32,75,73,63,63,36,23,45,29,29,29,29,29,29,29,29,51,37,75,59,48,17,24,45,4,28,28,28,14,13,37,19,19,43,31,82,82,82,52,0],"gold":57,"neow_bonus":"THREE_ENEMY_KILL","is_prod":false,"is_daily":false,"chose_seed":false,"campfire_upgraded":3,"win_rate":0,"timestamp":1547199062,"path_taken":["M","?","?","?","M","E","?","$","T","$","?","E","?","M","R","BOSS","M","M","$","M","M","R","E","R","T","M","M","R","M","?","R","BOSS","M","M","?","?","?","E","R","?","T","M","?","R","M","?","R","BOSS","R","$","E","BOSS"],"build_version":"2019-01-10","purchased_purges":4,"victory":false,"max_hp_per_floor":[75,75,75,75,75,75,75,75,75,75,75,75,75,75,75,75,75,75,75,75,75,75,75,75,75,75,75,75,75,75,75,75,75,75,75,75,75,82,82,82,82,82,82,82,82,82,82,82,82,82,82,82,82,82,82],"card_choices":[{"not_picked":["Ball Lightning","Conserve Battery"],"picked":"Chill","floor":1.0},{"not_picked":["Tempest","Leap"],"picked":"Ball Lightning","floor":5.0},{"not_picked":["Gash","Chill"],"picked":"Consume","floor":6.0},{"not_picked":["Scrape","Streamline"],"picked":"Go for the Eyes","floor":7.0},{"not_picked":["White Noise","Darkness"],"picked":"Beam Cell","floor":12.0},{"not_picked":["Rebound","Gash"],"picked":"Electrodynamics","floor":14.0},{"not_picked":["Reinforced Body","Double Energy"],"picked":"Hologram+1","floor":18.0},{"not_picked":["Gash+1","Ball Lightning","Beam Cell+1"],"picked":"SKIP","floor":19.0},{"not_picked":["Heatsinks","Beam Cell"],"picked":"Conserve Battery+1","floor":21.0},{"not_picked":["Compile Driver","Reprogram","Streamline"],"picked":"SKIP","floor":22.0},{"not_picked":["Streamline","Reboot","Cold Snap"],"picked":"SKIP","floor":24.0},{"not_picked":["Beam Cell","Barrage","Conserve Battery"],"picked":"SKIP","floor":27.0},{"not_picked":["Hologram","Steam","Redo"],"picked":"SKIP","floor":28.0},{"not_picked":["Cold Snap+1","Chill+1"],"picked":"Leap","floor":30.0},{"not_picked":["Meteor Strike","Electrodynamics"],"picked":"Echo Form","floor":33.0},{"not_picked":["Doom and Gloom","Turbo","Streamline+1"],"picked":"SKIP","floor":35.0},{"not_picked":["Glacier","Turbo","Fusion+1"],"picked":"SKIP","floor":36.0},{"not_picked":["Compile Driver+1","Doom and Gloom","Chill"],"picked":"SKIP","floor":37.0},{"not_picked":["Compile Driver","Barrage+1"],"picked":"Leap+1","floor":40.0},{"not_picked":["Rebound","Leap"],"picked":"Cold Snap+1","floor":44.0},{"not_picked":["Rebound+1","Aggregate","Tempest"],"picked":"SKIP","floor":45.0},{"not_picked":["Coolheaded","Streamline","Beam Cell+1"],"picked":"SKIP","floor":47.0},{"not_picked":["Streamline","Echo Form","Undo+1"],"picked":"SKIP","floor":54.0}],"player_experience":49291,"relics_obtained":[{"floor":6.0,"key":"Du-Vu Doll"},{"floor":9.0,"key":"Unceasing Top"},{"floor":12.0,"key":"Pocketwatch"},{"floor":24.0,"key":"MawBank"},{"floor":26.0,"key":"FossilizedHelix"},{"floor":40.0,"key":"StoneCalendar"},{"floor":54.0,"key":"Art of War"}],"event_choices":[{"damage_healed":0.0,"max_hp_gain":0.0,"max_hp_loss":0.0,"gold_gain":75.0,"event_name":"World of Goop","player_choice":"Gather Gold","floor":2.0,"gold_loss":0.0,"damage_taken":11.0},{"damage_healed":0.0,"max_hp_gain":0.0,"max_hp_loss":0.0,"gold_gain":0.0,"event_name":"Golden Idol","player_choice":"Take Damage","floor":3.0,"gold_loss":0.0,"damage_taken":18.0,"relics_obtained":["Golden Idol"]},{"cards_removed":["Defend_B"],"damage_healed":0.0,"max_hp_gain":0.0,"max_hp_loss":0.0,"gold_gain":0.0,"event_name":"Golden Wing","player_choice":"Card Removal","floor":4.0,"gold_loss":0.0,"damage_taken":7.0},{"damage_healed":0.0,"max_hp_gain":0.0,"max_hp_loss":0.0,"gold_gain":0.0,"event_name":"Big Fish","player_choice":"Box","floor":11.0,"gold_loss":0.0,"damage_taken":0.0,"relics_obtained":["Boot"],"cards_obtained":["Regret"]},{"damage_healed":39.0,"max_hp_gain":0.0,"max_hp_loss":0.0,"gold_gain":0.0,"event_name":"Wheel of Change","player_choice":"Full Heal","floor":13.0,"gold_loss":0.0,"damage_taken":0.0},{"damage_healed":21.0,"max_hp_gain":0.0,"max_hp_loss":0.0,"gold_gain":0.0,"event_name":"Winding Halls","player_choice":"Writhe","floor":39.0,"gold_loss":0.0,"damage_taken":0.0,"cards_obtained":["Writhe"]},{"damage_healed":0.0,"max_hp_gain":0.0,"max_hp_loss":0.0,"gold_gain":0.0,"event_name":"The Woman in Blue","player_choice":"Bought 0 Potions","floor":42.0,"gold_loss":0.0,"damage_taken":0.0},{"cards_removed":["Writhe"],"damage_healed":0.0,"max_hp_gain":0.0,"max_hp_loss":0.0,"gold_gain":0.0,"event_name":"Bonfire Elementals","player_choice":"Offered Curse","floor":48.0,"gold_loss":0.0,"damage_taken":0.0,"relics_obtained":["Spirit Poop"]}],"is_beta":false,"boss_relics":[{"not_picked":["Astrolabe","Orrery"],"picked":"Inserter"},{"not_picked":["White Beast Statue","Cursed Key"],"picked":"Empty Cage"}],"items_purged_floors":[8,20,31,53],"is_endless":false,"potions_floor_spawned":[6,12,14,18,21,22,33,35,36,54],"killed_by":"The Heart","ascension_level":0}