{"gold_per_floor":[112,112,72,96,116,116,137,25,94,127,127,127,127,26,26,119,119,138,63,78,94,94,94,137,1,1,1,1,45,60,75,75,168,231,255,270,395,145,166,166,200,200,271,327,6,27,27,41,41,41],"floor_reached":51,"playtime":2445,"items_purged":["Strike_R","Strike_R","Defend_R"],"score":1285,"play_id":"23014dfc-6a91-4cc3-b43c-19acf2f5a65c","local_time":"20190709162910","is_ascension_mode":true,"campfire_choices":[{"data":"Intimidate","floor":6,"key":"SMITH"},{"data":"Demon Form","floor":11,"key":"SMITH"},{"data":"Sword Boomerang","floor":13,"key":"SMITH"},{"data":"Warcry","floor":15,"key":"SMITH"},{"floor":23,"key":"REST"},{"floor":27,"key":"REST"},{"floor":32,"key":"REST"},{"floor":40,"key":"REST"},{"floor":42,"key":"REST"},{"floor":49,"key":"REST"}],"neow_cost":"PERCENT_DAMAGE","seed_source_timestamp":2170784105121355,"circlet_count":0,"master_deck":["AscendersBane","Strike_R","Defend_R","Defend_R","Defend_R","Bash","Demon Form+1","Sword Boomerang+1","Intimidate+1","Pommel Strike","Pummel","Impervious","Warcry+1","Havoc","Flame Barrier+1","Flame Barrier","Pummel","Battle Trance","Metallicize+1","Shrug It Off","Fiend Fire","Whirlwind","Feed","Sword Boomerang","Disarm","Shockwave","Limit Break","Reaper"],"relics":["Burning Blood","Golden Idol","Letter Opener","Strawberry","Boot","Fusion Hammer","Vajra","Lantern","Darkstone Periapt","PreservedInsect","Tiny House","Unceasing Top","Centennial Puzzle","Blood Vial","Shuriken","Mango"],"potions_floor_usage":[7,10,10,24,31,33,35,41,44,50,50],"damage_taken":[{"damage":3,"enemies":"2 Louse","floor":1,"turns":5},{"damage":1,"enemies":"Cultist","floor":4,"turns":4},{"damage":5,"enemies":"Jaw Worm","floor":5,"turns":4},{"damage":2,"enemies":"2 Fungi Beasts","floor":7,"turns":5},{"damage":13,"enemies":"3 Sentries","floor":10,"turns":6},{"damage":15,"enemies":"Hexaghost","floor":16,"turns":6},{"damage":8,"enemies":"2 Thieves","floor":18,"turns":4},{"damage":6,"enemies":"Spheric Guardian","floor":20,"turns":4},{"damage":20,"enemies":"Snecko","floor":21,"turns":4},{"damage":25,"enemies":"Slavers","floor":24,"turns":5},{"damage":23,"enemies":"Gremlin Leader","floor":29,"turns":6},{"damage":27,"enemies":"Snake Plant","floor":30,"turns":4},{"damage":2,"enemies":"Cultist and Chosen","floor":31,"turns":4},{"damage":62,"enemies":"Collector","floor":33,"turns":8},{"damage":0,"enemies":"3 Shapes","floor":35,"turns":8},{"damage":17,"enemies":"3 Darklings","floor":36,"turns":9},{"damage":0,"enemies":"Mind Bloom Boss Battle","floor":37,"turns":7},{"damage":7,"enemies":"Sphere and 2 Shapes","floor":39,"turns":5},{"damage":9,"enemies":"Giant Head","floor":41,"turns":6},{"damage":21,"enemies":"2 Orb Walkers","floor":44,"turns":3},{"damage":25,"enemies":"Jaw Worm Horde","floor":46,"turns":5},{"damage":12,"enemies":"Maw","floor":48,"turns":8},{"damage":81,"enemies":"Awakened One","floor":50,"turns":8}],"seed_played":"-7639865924104023659","potions_obtained":[{"floor":3,"key":"Fire Potion"},{"floor":3,"key":"EssenceOfSteel"},{"floor":7,"key":"Block Potion"},{"floor":16,"key":"Weak Potion"},{"floor":18,"key":"EntropicBrew"},{"floor":24,"key":"Ancient Potion"},{"floor":30,"key":"Regen Potion"},{"floor":34,"key":"SkillPotion"},{"floor":36,"key":"Fire Potion"},{"floor":44,"key":"Block Potion"},{"floor":48,"key":"Dexterity Potion"}],"is_trial":false,"path_per_floor":["M","?","?","M","M","R","M","$","T","E","R","?","R","$","R","B",null,"M","?","M","M","T","R","E","$","T","R","$","E","M","M","R","B",null,"M","M","?","$","M","R","E","R","T","?","$","M","$","M","R","B",null],"character_chosen":"IRONCLAD","items_purchased":["Pummel","Warcry","Havoc","Fiend Fire","Centennial Puzzle","Limit Break","SteroidPotion"],"campfire_rested":6,"item_purchase_floors":[8,14,14,25,38,45,45],"current_hp_per_floor":[53,53,53,58,59,59,63,63,63,63,63,45,45,45,45,36,65,63,63,63,49,49,71,52,52,52,74,74,57,36,52,74,18,66,75,64,73,73,75,89,86,89,89,88,88,74,74,91,109,70],"gold":41,"neow_bonus":"THREE_RARE_CARDS","is_prod":false,"is_daily":false,"chose_seed":false,"campfire_upgraded":4,"win_rate":0,"timestamp":1562657350,"path_taken":["M","?","?","M","M","R","?","$","T","E","R","?","R","?","R","BOSS","M","?","?","M","?","R","E","$","T","R","?","E","M","M","R","BOSS","M","M","?","$","M","R","E","R","T","?","?","M","$","?","R","BOSS"],"build_version":"2019-07-01","purchased_purges":3,"victory":true,"max_hp_per_floor":[75,68,68,68,68,68,68,68,68,75,75,75,75,75,75,75,75,75,75,75,75,75,75,75,75,75,75,75,75,75,75,75,75,80,83,83,86,86,89,89,89,89,89,103,103,106,106,109,109,112],"card_choices":[{"not_picked":["Reaper","Limit Break"],"picked":"Demon Form","floor":0},{"not_picked":["Clash","Warcry"],"picked":"Sword Boomerang","floor":1},{"not_picked":["Flex","Cleave"],"picked":"Intimidate","floor":4},{"not_picked":["Second Wind","Perfected Strike","Flex"],"picked":"SKIP","floor":5},{"not_picked":["Second Wind","Perfected Strike","Flex"],"picked":"SKIP","floor":5},{"not_picked":["Carnage","Flex"],"picked":"Pommel Strike","floor":7},{"not_picked":["Evolve","Armaments"],"picked":"Impervious","floor":10},{"not_picked":["Searing Blow","Armaments"],"picked":"Flame Barrier","floor":18},{"not_picked":["Perfected Strike","Shrug It Off"],"picked":"Battle Trance","floor":20},{"not_picked":["Rage","Bloodletting"],"picked":"Metallicize+1","floor":21},{"not_picked":["Blood for Blood","Dual Wield+1"],"picked":"Shrug It Off","floor":24},{"not_picked":["Ghostly Armor","Dropkick","Flex+1"],"picked":"SKIP","floor":29},{"not_picked":["Clash","True Grit+1","Body Slam"],"picked":"SKIP","floor":30},{"not_picked":["Combust","Hemokinesis"],"picked":"Whirlwind","floor":31},{"not_picked":["Bludgeon","Impervious"],"picked":"Feed","floor":33},{"not_picked":["Thunderclap","Combust+1","Wild Strike"],"picked":"SKIP","floor":35},{"not_picked":["Reckless Charge","Carnage+1","Dropkick"],"picked":"SKIP","floor":36},{"not_picked":["Heavy Blade","Cleave"],"picked":"Sword Boomerang","floor":37},{"not_picked":["Sever Soul","Pommel Strike","Havoc"],"picked":"SKIP","floor":39},{"not_picked":["Intimidate","Clothesline"],"picked":"Disarm","floor":41},{"not_picked":["Dropkick","Warcry"],"picked":"Shockwave","floor":44},{"not_picked":["Second Wind","Inflame+1"],"picked":"Reaper","floor":46},{"not_picked":["Rampage+1","Carnage","Clothesline+1"],"picked":"SKIP","floor":48}],"player_experience":1109641,"relics_obtained":[{"floor":9,"key":"Letter Opener"},{"floor":10,"key":"Strawberry"},{"floor":22,"key":"Vajra"},{"floor":24,"key":"Lantern"},{"floor":26,"key":"Darkstone Periapt"},{"floor":29,"key":"PreservedInsect"},{"floor":37,"key":"Unceasing Top"},{"floor":41,"key":"Blood Vial"},{"floor":43,"key":"Shuriken"},{"floor":44,"key":"Mango"}],"event_choices":[{"damage_healed":0,"gold_gain":0,"player_choice":"Lose Max HP","damage_taken":0,"relics_obtained":["Golden Idol"],"max_hp_gain":0,"max_hp_loss":7,"event_name":"Golden Idol","floor":2,"gold_loss":0},{"damage_healed":0,"gold_gain":0,"player_choice":"Bought 3 Potions","damage_taken":0,"max_hp_gain":0,"max_hp_loss":0,"event_name":"The Woman in Blue","floor":3,"gold_loss":0},{"damage_healed":0,"gold_gain":0,"player_choice":"Success","damage_taken":18,"relics_obtained":["Boot"],"max_hp_gain":0,"max_hp_loss":0,"event_name":"Scrap Ooze","floor":12,"gold_loss":0},{"damage_healed":0,"gold_gain":0,"cards_transformed":["Strike_R","Strike_R"],"player_choice":"Transformed Cards","damage_taken":0,"max_hp_gain":0,"max_hp_loss":0,"event_name":"Designer","floor":19,"gold_loss":75,"cards_obtained":["Flame Barrier","Pummel"]},{"damage_healed":0,"gold_gain":0,"player_choice":"Fight","damage_taken":0,"max_hp_gain":0,"max_hp_loss":0,"event_name":"MindBloom","floor":37,"gold_loss":0},{"damage_healed":0,"gold_gain":0,"player_choice":"Fight","damage_taken":0,"max_hp_gain":0,"max_hp_loss":0,"event_name":"Mysterious Sphere","floor":44,"gold_loss":0}],"is_beta":false,"boss_relics":[{"not_picked":["Snecko Eye","Astrolabe"],"picked":"Fusion Hammer"},{"not_picked":["Cursed Key","Black Blood"],"picked":"Tiny House"}],"items_purged_floors":[8,38,45],"is_endless":false,"potions_floor_spawned":[5,7,16,18,20,24,30,36,37,44,46,48],"ascension_level":15}