{"gold_per_floor":[119,119,130,230,249,249,263,141,191,91,108,73,99,110,110,110],"floor_reached":16,"playtime":997,"items_purged":["Strike_R","Strike_R"],"score":117,"play_id":"0a0b91d1-756a-4e3e-af88-449827b0ebf1","local_time":"20190711143533","is_ascension_mode":true,"campfire_choices":[{"data":"Armaments","floor":6,"key":"SMITH"},{"data":"Ghostly Armor","floor":15,"key":"SMITH"}],"neow_cost":"TEN_PERCENT_HP_LOSS","seed_source_timestamp":3698502858386,"circlet_count":0,"master_deck":["Strike_R+1","Strike_R+1","Strike_R+1","Defend_R+1","Defend_R","Defend_R","Defend_R","Bash","Armaments+1","Armaments","Body Slam","Shrug It Off","Shrug It Off","Ghostly Armor+1"],"relics":["Burning Blood","Calipers","Whetstone","Lantern"],"potions_floor_usage":[13,13],"damage_taken":[{"damage":13,"enemies":"Jaw Worm","floor":1,"turns":5},{"damage":0,"enemies":"2 Louse","floor":3,"turns":2},{"damage":1,"enemies":"Cultist","floor":5,"turns":4},{"damage":0,"enemies":"3 Louse","floor":7,"turns":6},{"damage":20,"enemies":"Large Slime","floor":11,"turns":10},{"damage":13,"enemies":"Lagavulin","floor":13,"turns":7},{"damage":0,"enemies":"Blue Slaver","floor":14,"turns":4},{"damage":0,"enemies":"Slime Boss","floor":16,"turns":1}],"seed_played":"-7986392818923360297","potions_obtained":[{"floor":1,"key":"SneckoOil"},{"floor":7,"key":"Block Potion"},{"floor":11,"key":"FearPotion"}],"is_trial":false,"path_per_floor":["M","?","M","?","M","R","M","$","T","$","M","?","E","M","R","B"],"character_chosen":"IRONCLAD","items_purchased":["Shrug It Off"],"campfire_rested":0,"item_purchase_floors":[8],"current_hp_per_floor":[65,51,57,57,62,62,68,68,68,68,54,72,65,71,71,71],"gold":110,"neow_bonus":"ONE_RARE_RELIC","is_prod":false,"is_daily":false,"chose_seed":false,"campfire_upgraded":2,"win_rate":0,"timestamp":1562848533,"path_taken":["M","?","M","?","?","R","M","$","T","$","M","?","E","M","R","BOSS"],"build_version":"2019-07-05","purchased_purges":2,"victory":false,"max_hp_per_floor":[72,72,72,72,72,72,72,72,72,72,72,72,72,72,72,72],"card_choices":[{"not_picked":["Evolve","Twin Strike"],"picked":"Armaments","floor":1},{"not_picked":["Carnage","Twin Strike","Rampage"],"picked":"SKIP","floor":3},{"not_picked":["Bloodletting","Hemokinesis"],"picked":"Armaments","floor":5},{"not_picked":["Headbutt","Dropkick"],"picked":"Body Slam","floor":7},{"not_picked":["Flex","Perfected Strike"],"picked":"Shrug It Off","floor":11},{"not_picked":["Reckless Charge","Anger"],"picked":"Ghostly Armor","floor":13},{"not_picked":["Flex","Uppercut","Clash"],"picked":"SKIP","floor":14}],"player_experience":117775,"relics_obtained":[{"floor":9,"key":"Whetstone"},{"floor":13,"key":"Lantern"}],"event_choices":[{"damage_healed":0,"gold_gain":0,"player_choice":"Entered Light","damage_taken":14,"max_hp_gain":0,"max_hp_loss":0,"event_name":"Shining Light","floor":2,"gold_loss":0,"cards_upgraded":["Strike_R","Defend_R"]},{"damage_healed":0,"gold_gain":100,"player_choice":"Pray","damage_taken":0,"max_hp_gain":0,"max_hp_loss":0,"event_name":"Golden Shrine","floor":4,"gold_loss":0},{"damage_healed":18,"gold_gain":0,"player_choice":"Healed","damage_taken":0,"max_hp_gain":0,"max_hp_loss":0,"event_name":"The Cleric","floor":12,"gold_loss":35}],"is_beta":false,"boss_relics":[],"items_purged_floors":[8,10],"is_endless":false,"potions_floor_spawned":[1,7,11],"killed_by":"Slime Boss","ascension_level":3}