{"gold_per_floor":[109,109,122,72,72,105,125,151,175,195,205,223,223,16,16,117,117,130,141,141,141,157,157,167,167,246,257,20,20],"floor_reached":29,"playtime":1306,"items_purged":[],"score":262,"play_id":"c06cb3b6-2390-486f-9bdf-038549e92aae","local_time":"20190329064749","is_ascension_mode":false,"campfire_choices":[{"data":"Infernal Blade","floor":15,"key":"SMITH"},{"floor":23,"key":"REST"}],"neow_cost":"NONE","seed_source_timestamp":59825347466400,"circlet_count":0,"master_deck":["Strike_R+1","Strike_R+1","Defend_R+1","Defend_R+1","Defend_R+1","Defend_R+1","Bash","Cleave","Intimidate","Second Wind","Reckless Charge","Twin Strike","Rampage","Reaper","Whirlwind","Infernal Blade+1","Inflame","Berserk","Flex+1","Offering+1","Normality","Armaments","Intimidate+1","Decay","Infernal Blade","Spot Weakness","Dual Wield"],"relics":["Burning Blood","NeowsBlessing","The Courier","Dead Branch","Bag of Preparation","Lantern","Pen Nib","Astrolabe","Shuriken","Darkstone Periapt","Ice Cream"],"potions_floor_usage":[8,11,11,16,16,27],"damage_taken":[{"damage":0,"enemies":"2 Louse","floor":1,"turns":1},{"damage":0,"enemies":"Small Slimes","floor":3,"turns":2},{"damage":0,"enemies":"Lagavulin","floor":6,"turns":1},{"damage":1,"enemies":"Jaw Worm","floor":7,"turns":5},{"damage":17,"enemies":"3 Sentries","floor":8,"turns":6},{"damage":10,"enemies":"3 Louse","floor":10,"turns":4},{"damage":7,"enemies":"Large Slime","floor":11,"turns":6},{"damage":0,"enemies":"Exordium Wildlife","floor":12,"turns":3},{"damage":65,"enemies":"Hexaghost","floor":16,"turns":9},{"damage":20,"enemies":"2 Thieves","floor":18,"turns":2},{"damage":14,"enemies":"Chosen","floor":19,"turns":4},{"damage":36,"enemies":"Centurion and Healer","floor":22,"turns":6},{"damage":17,"enemies":"Chosen and Byrds","floor":24,"turns":5},{"damage":51,"enemies":"Cultist and Chosen","floor":27,"turns":8},{"damage":26,"enemies":"Shelled Parasite and Fungi","floor":29,"turns":2}],"seed_played":"1038235422943368870","potions_obtained":[{"floor":6,"key":"GamblersBrew"},{"floor":7,"key":"Swift Potion"},{"floor":8,"key":"AttackPotion"},{"floor":11,"key":"PowerPotion"},{"floor":12,"key":"Ancient Potion"},{"floor":24,"key":"Fire Potion"},{"floor":27,"key":"Dexterity Potion"}],"is_trial":false,"path_per_floor":["M","?","M","?","T","E","M","E","T","M","M","M","?","$","R","B",null,"M","M","?","T","M","R","M","?","T","M","$","M"],"character_chosen":"IRONCLAD","items_purchased":["Pen Nib","Infernal Blade","Inflame","Ice Cream"],"campfire_rested":1,"item_purchase_floors":[14,14,14,28],"current_hp_per_floor":[80,80,80,80,80,80,80,69,69,65,64,78,78,78,78,19,80,66,64,64,64,34,58,55,55,55,18,18,0],"gold":20,"neow_bonus":"THREE_ENEMY_KILL","is_prod":false,"is_daily":false,"chose_seed":false,"campfire_upgraded":1,"win_rate":0,"timestamp":1553806069,"path_taken":["M","?","M","?","?","E","M","E","T","M","M","M","?","$","R","BOSS","M","M","?","?","M","R","M","?","T","M","$","M"],"build_version":"2019-01-23","purchased_purges":0,"victory":false,"max_hp_per_floor":[80,80,80,80,80,80,80,80,80,80,80,80,80,80,80,80,80,80,80,80,80,80,80,80,80,80,80,80,80],"card_choices":[{"not_picked":["Armaments","Shrug It Off"],"picked":"Cleave","floor":1},{"not_picked":["Hemokinesis","Rupture"],"picked":"Intimidate","floor":3},{"not_picked":["Shrug It Off","Flex"],"picked":"Second Wind","floor":6},{"not_picked":["Thunderclap","Anger"],"picked":"Reckless Charge","floor":7},{"not_picked":["Uppercut","Body Slam"],"picked":"Twin Strike","floor":8},{"not_picked":["Perfected Strike","Shockwave"],"picked":"Rampage","floor":10},{"not_picked":["Anger","Iron Wave"],"picked":"Reaper","floor":11},{"not_picked":["Searing Blow","Sentinel"],"picked":"Whirlwind","floor":12},{"not_picked":["Limit Break","Reaper"],"picked":"Berserk","floor":16},{"not_picked":["Cleave","Clothesline+1"],"picked":"Armaments","floor":18},{"not_picked":["Perfected Strike","Sword Boomerang+1"],"picked":"Intimidate+1","floor":19},{"not_picked":["Twin Strike","Limit Break"],"picked":"Infernal Blade","floor":22},{"not_picked":["Shockwave","Body Slam"],"picked":"Spot Weakness","floor":24},{"not_picked":["Clothesline","Thunderclap"],"picked":"Dual Wield","floor":27}],"player_experience":276010,"relics_obtained":[{"floor":5,"key":"The Courier"},{"floor":6,"key":"Dead Branch"},{"floor":8,"key":"Bag of Preparation"},{"floor":21,"key":"Shuriken"},{"floor":26,"key":"Darkstone Periapt"}],"event_choices":[{"damage_healed":0,"gold_gain":0,"player_choice":"Ignored","damage_taken":0,"max_hp_gain":0,"max_hp_loss":0,"event_name":"Golden Wing","floor":2,"gold_loss":0},{"cards_removed":["Strike_R"],"damage_healed":0,"gold_gain":0,"player_choice":"Card Removal","damage_taken":0,"max_hp_gain":0,"max_hp_loss":0,"event_name":"The Cleric","floor":4,"gold_loss":50},{"damage_healed":0,"gold_gain":0,"player_choice":"Box","damage_taken":0,"relics_obtained":["Lantern"],"max_hp_gain":0,"max_hp_loss":0,"event_name":"Big Fish","floor":13,"gold_loss":0,"cards_obtained":["Regret"]},{"damage_healed":0,"gold_gain":0,"player_choice":"Smashed Altar","damage_taken":0,"max_hp_gain":0,"max_hp_loss":0,"event_name":"Forgotten Altar","floor":20,"gold_loss":0,"cards_obtained":["Decay"]},{"damage_healed":0,"gold_gain":0,"player_choice":"Simplicity","damage_taken":0,"max_hp_gain":0,"max_hp_loss":0,"event_name":"Back to Basics","floor":25,"gold_loss":0,"cards_upgraded":["Strike_R","Strike_R","Defend_R","Defend_R","Defend_R","Defend_R"]}],"is_beta":false,"boss_relics":[{"not_picked":["Empty Cage","Tiny House"],"picked":"Astrolabe"}],"items_purged_floors":[],"is_endless":false,"potions_floor_spawned":[6,7,8,11,12,24,27],"killed_by":"Shelled Parasite and Fungi","ascension_level":0}