{"gold_per_floor":[115,40,53,53,68,68,99,99,99,99,118,187,200,250,250,345,345,363,413,463,248,314,314,324,334,334,345,310,360,320,320],"floor_reached":31,"playtime":2176,"items_purged":["Strike_B","Defend_B"],"score":286,"play_id":"20ce22ec-17f2-4498-9119-3ec699d0efd6","local_time":"20190120225230","is_ascension_mode":true,"campfire_choices":[{"data":"Genetic Algorithm","floor":6.0,"key":"SMITH"},{"floor":8.0,"key":"REST"},{"floor":10.0,"key":"REST"},{"floor":15.0,"key":"REST"},{"floor":23.0,"key":"REST"}],"neow_cost":"NONE","seed_source_timestamp":0,"circlet_count":0,"master_deck":["Strike_B","Defend_B","Defend_B+1","Zap","Dualcast","Genetic Algorithm+1","Defragment","Cold Snap","Skim","Gash","Machine Learning","Gash+1","Biased Cognition","Scrape","Violence"],"special_seed":0,"relics":["Cracked Core","NeowsBlessing","SsserpentHead","Mercury Hourglass","Strawberry","Omamori","Calling Bell","Boot","Pear","Shovel","Cables","Vajra","Nilry\u0027s Codex"],"potions_floor_usage":[31,31],"damage_taken":[{"damage":0.0,"enemies":"Cultist","floor":1.0,"turns":1.0},{"damage":0.0,"enemies":"Small Slimes","floor":3.0,"turns":1.0},{"damage":0.0,"enemies":"Jaw Worm","floor":5.0,"turns":1.0},{"damage":50.0,"enemies":"Gremlin Nob","floor":7.0,"turns":5.0},{"damage":2.0,"enemies":"3 Louse","floor":11.0,"turns":3.0},{"damage":13.0,"enemies":"Large Slime","floor":12.0,"turns":5.0},{"damage":11.0,"enemies":"Exordium Wildlife","floor":13.0,"turns":3.0},{"damage":38.0,"enemies":"Hexaghost","floor":16.0,"turns":9.0},{"damage":31.0,"enemies":"Spheric Guardian","floor":18.0,"turns":6.0},{"damage":7.0,"enemies":"Chosen","floor":22.0,"turns":4.0},{"damage":34.0,"enemies":"Shelled Parasite and Fungi","floor":24.0,"turns":5.0},{"damage":17.0,"enemies":"Centurion and Healer","floor":25.0,"turns":5.0},{"damage":5.0,"enemies":"Snecko","floor":27.0,"turns":4.0},{"damage":10,"enemies":"Shelled Parasite and Fungi","floor":31,"turns":2}],"seed_played":"3181531324487362950","potions_obtained":[{"floor":5.0,"key":"Energy Potion"},{"floor":7.0,"key":"SteroidPotion"},{"floor":11.0,"key":"Swift Potion"},{"floor":12.0,"key":"LiquidBronze"},{"floor":22.0,"key":"Dexterity Potion"},{"floor":24.0,"key":"EntropicBrew"},{"floor":25.0,"key":"Swift Potion"}],"is_trial":false,"path_per_floor":["M","$","M","?","M","R","E","R","T","R","M","M","M","?","R","B",null,"M","?","?","$","M","R","M","M","T","M","?","?","?","M"],"character_chosen":"DEFECT","items_purchased":["Violence"],"campfire_rested":4,"item_purchase_floors":[21],"current_hp_per_floor":[75,75,75,75,75,75,25,47,54,78,76,63,52,45,69,31,92,61,61,61,61,54,81,47,30,30,25,25,9,9,0],"gold":320,"neow_bonus":"THREE_ENEMY_KILL","is_prod":false,"is_daily":false,"chose_seed":false,"campfire_upgraded":1,"win_rate":0,"timestamp":1548046350,"path_taken":["M","?","?","?","M","R","E","R","T","R","M","?","M","?","R","BOSS","M","?","?","?","?","R","M","M","T","M","?","?","?","M"],"build_version":"2019-01-17v2","purchased_purges":2,"victory":false,"max_hp_per_floor":[75,75,75,75,75,75,75,75,82,82,82,82,82,82,82,82,92,92,92,92,92,92,92,92,92,92,92,92,92,92,92],"card_choices":[{"not_picked":["Stack","Melter"],"picked":"Genetic Algorithm","floor":1.0},{"not_picked":["Rebound","Go for the Eyes"],"picked":"Defragment","floor":3.0},{"not_picked":["Leap","Turbo"],"picked":"Cold Snap","floor":5.0},{"not_picked":["Barrage","Rebound","Hologram"],"picked":"SKIP","floor":7.0},{"not_picked":["Streamline","Recycle"],"picked":"Skim","floor":11.0},{"not_picked":["Cold Snap","Undo"],"picked":"Gash","floor":12.0},{"not_picked":["Coolheaded","Streamline","Conserve Battery"],"picked":"SKIP","floor":13.0},{"not_picked":["Buffer","Rainbow"],"picked":"Machine Learning","floor":16.0},{"not_picked":["Turbo","Chaos+1"],"picked":"Gash+1","floor":18.0},{"not_picked":["Sweeping Beam","Cold Snap","Double Energy"],"picked":"SKIP","floor":22.0},{"not_picked":["Hello World","Sunder","Ball Lightning+1"],"picked":"SKIP","floor":24.0},{"not_picked":["Redo","Beam Cell","Hologram+1"],"picked":"SKIP","floor":25.0},{"not_picked":["White Noise","Coolheaded","Darkness"],"picked":"SKIP","floor":27.0}],"player_experience":329996,"relics_obtained":[{"floor":7.0,"key":"Mercury Hourglass"},{"floor":9.0,"key":"Strawberry"},{"floor":17.0,"key":"Boot"},{"floor":17.0,"key":"Pear"},{"floor":17.0,"key":"Shovel"},{"floor":26.0,"key":"Cables"},{"floor":29.0,"key":"Nilry\u0027s Codex"}],"event_choices":[{"damage_healed":0.0,"max_hp_gain":0.0,"max_hp_loss":0.0,"gold_gain":0.0,"event_name":"FaceTrader","player_choice":"Trade","floor":4.0,"gold_loss":0.0,"damage_taken":0.0,"relics_obtained":["SsserpentHead"]},{"damage_healed":0.0,"max_hp_gain":0.0,"max_hp_loss":0.0,"gold_gain":0.0,"event_name":"Scrap Ooze","player_choice":"Success","floor":14.0,"gold_loss":0.0,"damage_taken":7.0,"relics_obtained":["Omamori"]},{"damage_healed":0.0,"max_hp_gain":0.0,"max_hp_loss":0.0,"gold_gain":0.0,"cards_transformed":["Strike_B","Strike_B"],"event_name":"Drug Dealer","player_choice":"Became Test Subject","floor":19.0,"gold_loss":0.0,"damage_taken":0.0,"cards_obtained":["Biased Cognition","Scrape"]},{"cards_removed":["Defend_B"],"damage_healed":0.0,"max_hp_gain":0.0,"max_hp_loss":0.0,"gold_gain":0.0,"event_name":"Back to Basics","player_choice":"Elegance","floor":20.0,"gold_loss":0.0,"damage_taken":0.0},{"damage_healed":0.0,"max_hp_gain":0.0,"max_hp_loss":0.0,"gold_gain":0.0,"event_name":"Addict","player_choice":"Obtained Relic","floor":28.0,"gold_loss":85.0,"damage_taken":0.0,"relics_obtained":["Vajra"]},{"damage_healed":0.0,"max_hp_gain":0.0,"max_hp_loss":0.0,"gold_gain":0.0,"event_name":"Cursed Tome","player_choice":"Obtained Book","floor":29.0,"gold_loss":0.0,"damage_taken":16.0},{"cards_removed":["Clumsy"],"damage_healed":0,"gold_gain":0,"player_choice":"Upgrade and Remove","damage_taken":0,"max_hp_gain":0,"max_hp_loss":0,"event_name":"Designer","floor":30,"gold_loss":90,"cards_upgraded":["Defend_B"]}],"is_beta":false,"boss_relics":[{"not_picked":["Runic Pyramid","Inserter"],"picked":"Calling Bell"}],"items_purged_floors":[2,21],"is_endless":false,"potions_floor_spawned":[5,7,11,12,22,24,25],"killed_by":"Shelled Parasite and Fungi","ascension_level":2}