{"gold_per_floor":[118,131,145,163,59,84,84,112,137,149,166,166,191,202,202,297,297,316,166,166,151,168,168,201,201,201,201,201,227,33,48,48,145,145,157,157,205,215,227,227,204,204,204,221,255,255,255,284,284,284,284,284,36,68,68],"floor_reached":56,"playtime":9885,"items_purged":["Parasite"],"score":1557,"play_id":"ba78a5bd-ea14-482e-a1dd-f6f9e6c52594","local_time":"20190717234921","is_ascension_mode":true,"campfire_choices":[{"data":"Footwork","floor":7,"key":"SMITH"},{"floor":15,"key":"REST"},{"floor":23,"key":"REST"},{"data":"Noxious Fumes","floor":27,"key":"SMITH"},{"floor":32,"key":"REST"},{"data":"Well Laid Plans","floor":40,"key":"SMITH"},{"floor":42,"key":"RECALL"},{"data":"Cloak And Dagger","floor":46,"key":"SMITH"},{"data":"Bullet Time","floor":49,"key":"SMITH"},{"data":"Neutralize","floor":52,"key":"SMITH"}],"neow_cost":"NONE","seed_source_timestamp":13151928359600,"circlet_count":0,"master_deck":["Strike_G+1","Strike_G+1","Defend_G","Defend_G","Defend_G","Defend_G","Defend_G","Survivor+1","Neutralize+1","Noxious Fumes+1","Escape Plan","Bullet Time+1","Footwork+1","PiercingWail","Bouncing Flask","Dodge and Roll","Adrenaline","Acrobatics","Cloak And Dagger+1","Adrenaline","Acrobatics","Well Laid Plans+1","Backflip","Backflip","Blur","Acrobatics+1","Predator+1","Doppelganger","Wraith Form v2+1","Choke+1","Riddle With Holes+1","Cloak And Dagger+1","Crippling Poison","PiercingWail+1","Tools of the Trade","Backflip","Backstab","Footwork+1","Apotheosis+1","Malaise+1"],"relics":["Ring of the Snake","NeowsBlessing","Matryoshka","Boot","Mummified Hand","Art of War","Mercury Hourglass","Snecko Eye","Centennial Puzzle","Whetstone","FaceOfCleric","Prayer Wheel","ClockworkSouvenir","Astrolabe","Shuriken","Gambling Chip","Toxic Egg 2","Frozen Egg 2","Bag of Marbles","War Paint"],"potions_floor_usage":[6,6,13,16,37,37,44,45,50,50,55],"damage_taken":[{"damage":0,"enemies":"Cultist","floor":1,"turns":1},{"damage":0,"enemies":"2 Louse","floor":2,"turns":1},{"damage":0,"enemies":"Small Slimes","floor":3,"turns":1},{"damage":3,"enemies":"Looter","floor":4,"turns":5},{"damage":9,"enemies":"3 Sentries","floor":6,"turns":9},{"damage":19,"enemies":"Lagavulin","floor":8,"turns":11},{"damage":1,"enemies":"Red Slaver","floor":10,"turns":6},{"damage":3,"enemies":"3 Louse","floor":11,"turns":4},{"damage":13,"enemies":"3 Sentries","floor":13,"turns":7},{"damage":2,"enemies":"Blue Slaver","floor":14,"turns":3},{"damage":7,"enemies":"Hexaghost","floor":16,"turns":9},{"damage":1,"enemies":"3 Byrds","floor":18,"turns":5},{"damage":0,"enemies":"2 Thieves","floor":21,"turns":4},{"damage":28,"enemies":"3 Cultists","floor":22,"turns":7},{"damage":15,"enemies":"Gremlin Leader","floor":24,"turns":7},{"damage":0,"enemies":"Slavers","floor":29,"turns":7},{"damage":0,"enemies":"Chosen and Byrds","floor":31,"turns":6},{"damage":0,"enemies":"Collector","floor":33,"turns":8},{"damage":0,"enemies":"Orb Walker","floor":35,"turns":4},{"damage":0,"enemies":"2 Orb Walkers","floor":37,"turns":7},{"damage":7,"enemies":"3 Shapes","floor":38,"turns":4},{"damage":3,"enemies":"Writhing Mass","floor":39,"turns":8},{"damage":0,"enemies":"Transient","floor":44,"turns":5},{"damage":0,"enemies":"Nemesis","floor":45,"turns":3},{"damage":0,"enemies":"Giant Head","floor":48,"turns":6},{"damage":0,"enemies":"Donu and Deca","floor":50,"turns":8},{"damage":33,"enemies":"Shield and Spear","floor":54,"turns":10},{"damage":24,"enemies":"The Heart","floor":55,"turns":13}],"seed_played":"-7541340198961883759","potions_obtained":[{"floor":3,"key":"Weak Potion"},{"floor":4,"key":"GhostInAJar"},{"floor":8,"key":"GhostInAJar"},{"floor":11,"key":"Poison Potion"},{"floor":24,"key":"SpeedPotion"},{"floor":33,"key":"Explosive Potion"},{"floor":35,"key":"Swift Potion"},{"floor":37,"key":"Swift Potion"},{"floor":44,"key":"GhostInAJar"},{"floor":45,"key":"Explosive Potion"},{"floor":48,"key":"Dexterity Potion"}],"is_trial":false,"path_per_floor":["M","M","M","M","$","E","R","E","T","M","M","?","E","M","R","B",null,"M","$","?","M","M","R","E","?","T","R","?","E","$","M","R","B",null,"M","T","?","M","M","R","$","R","T","M","E","R","?","E","R","B",null,"R","$","E","B",null],"character_chosen":"THE_SILENT","items_purchased":["Footwork","PiercingWail","Well Laid Plans","ClockworkSouvenir","Backflip","Footwork+1","Apotheosis+1"],"campfire_rested":3,"item_purchase_floors":[5,5,19,30,41,53,53],"current_hp_per_floor":[70,70,70,67,67,58,58,39,39,38,35,52,39,37,58,51,70,69,67,67,67,39,59,44,44,44,44,44,45,45,46,66,67,70,71,71,72,66,64,64,64,64,64,65,66,66,66,67,67,68,78,78,78,46,23],"gold":68,"neow_bonus":"THREE_ENEMY_KILL","is_prod":false,"is_daily":false,"chose_seed":false,"campfire_upgraded":6,"win_rate":0,"timestamp":1563396561,"path_taken":["M","M","M","M","$","E","R","E","T","M","?","?","E","M","R","BOSS","M","$","?","?","M","R","E","?","T","R","?","E","$","M","R","BOSS","M","?","?","M","M","R","$","R","T","M","E","R","?","E","R","BOSS","R","$","E","BOSS"],"build_version":"2019-07-05","purchased_purges":1,"victory":true,"max_hp_per_floor":[70,70,70,70,70,70,70,70,70,70,70,70,70,70,70,70,70,70,67,67,67,67,67,67,67,67,67,67,68,68,69,69,70,70,71,71,72,73,74,74,74,74,74,75,76,76,76,77,77,78,78,78,78,79,80],"card_choices":[{"not_picked":["Underhanded Strike","Flying Knee"],"picked":"Noxious Fumes","floor":1},{"not_picked":["Backstab","Dagger Throw"],"picked":"Escape Plan","floor":2},{"not_picked":["Blade Dance","Dagger Throw"],"picked":"Bullet Time","floor":3},{"not_picked":["Flying Knee","Poisoned Stab","Skewer"],"picked":"SKIP","floor":4},{"not_picked":["Choke","Dash"],"picked":"Bouncing Flask","floor":6},{"not_picked":["Underhanded Strike","Flying Knee"],"picked":"Dodge and Roll","floor":8},{"not_picked":["Sucker Punch","Blade Dance","Tactician"],"picked":"SKIP","floor":10},{"not_picked":["Poisoned Stab","Calculated Gamble"],"picked":"Adrenaline","floor":11},{"not_picked":["Prepared","Deflect"],"picked":"Acrobatics","floor":13},{"not_picked":["Choke","Skewer"],"picked":"Cloak And Dagger","floor":14},{"not_picked":["Envenom","Phantasmal Killer"],"picked":"Adrenaline","floor":16},{"not_picked":["Cloak And Dagger","Terror+1"],"picked":"Acrobatics","floor":18},{"not_picked":["Dagger Spray","Dagger Throw+1"],"picked":"Backflip","floor":21},{"not_picked":["Cloak And Dagger","Reflex"],"picked":"Backflip","floor":22},{"not_picked":["Caltrops","Reflex+1"],"picked":"Blur","floor":24},{"not_picked":["Cloak And Dagger","Deflect"],"picked":"Acrobatics","floor":29},{"not_picked":["Outmaneuver","Dagger Spray"],"picked":"Predator+1","floor":31},{"not_picked":["Cloak And Dagger","Poisoned Stab","Dodge and Roll"],"picked":"SKIP","floor":31},{"not_picked":["Unload","Venomology"],"picked":"Doppelganger","floor":33},{"not_picked":["Choke","Slice+1"],"picked":"Cloak And Dagger+1","floor":35},{"not_picked":["Flying Knee","Cloak And Dagger","Deadly Poison+1"],"picked":"SKIP","floor":35},{"not_picked":["Flechettes+1","Tactician+1"],"picked":"Crippling Poison","floor":38},{"not_picked":["Outmaneuver+1","Cloak And Dagger"],"picked":"PiercingWail+1","floor":38},{"not_picked":["Calculated Gamble+1","Accuracy"],"picked":"Tools of the Trade","floor":39},{"not_picked":["Dagger Throw","Dagger Spray","Poisoned Stab+1"],"picked":"SKIP","floor":39},{"not_picked":["Dagger Throw","Dagger Spray","Poisoned Stab+1"],"picked":"SKIP","floor":39},{"not_picked":["Blade Dance+1","Tactician+1"],"picked":"Backstab","floor":44},{"not_picked":["Underhanded Strike+1","Blade Dance+1","Dash"],"picked":"SKIP","floor":44},{"not_picked":["Catalyst+1","Corpse Explosion+1","Endless Agony"],"picked":"SKIP","floor":45},{"not_picked":["Blade Dance+1","Flying Knee","Choke"],"picked":"SKIP","floor":48},{"not_picked":["PiercingWail+1","Flying Knee+1"],"picked":"Malaise+1","floor":54}],"player_experience":161048,"relics_obtained":[{"floor":6,"key":"Matryoshka"},{"floor":8,"key":"Boot"},{"floor":9,"key":"Mummified Hand"},{"floor":9,"key":"Art of War"},{"floor":13,"key":"Mercury Hourglass"},{"floor":24,"key":"Centennial Puzzle"},{"floor":26,"key":"Whetstone"},{"floor":29,"key":"Prayer Wheel"},{"floor":36,"key":"Shuriken"},{"floor":37,"key":"Gambling Chip"},{"floor":43,"key":"Toxic Egg 2"},{"floor":45,"key":"Frozen Egg 2"},{"floor":48,"key":"Bag of Marbles"},{"floor":54,"key":"War Paint"}],"event_choices":[{"damage_healed":17,"gold_gain":0,"player_choice":"Healed and dodged fight","damage_taken":0,"max_hp_gain":0,"max_hp_loss":0,"event_name":"Mushrooms","floor":12,"gold_loss":0,"cards_obtained":["Parasite"]},{"damage_healed":0,"gold_gain":0,"player_choice":"Ignored","damage_taken":0,"max_hp_gain":0,"max_hp_loss":0,"event_name":"N\u0027loth","floor":20,"gold_loss":0},{"damage_healed":0,"gold_gain":0,"player_choice":"Ignored","damage_taken":0,"max_hp_gain":0,"max_hp_loss":0,"event_name":"Vampires","floor":25,"gold_loss":0},{"damage_healed":0,"gold_gain":0,"player_choice":"Trade","damage_taken":0,"relics_obtained":["FaceOfCleric"],"max_hp_gain":0,"max_hp_loss":0,"event_name":"FaceTrader","floor":28,"gold_loss":0},{"damage_healed":0,"gold_gain":0,"player_choice":"Fight","damage_taken":0,"max_hp_gain":0,"max_hp_loss":0,"event_name":"Mysterious Sphere","floor":37,"gold_loss":0},{"damage_healed":0,"gold_gain":0,"player_choice":"Memory 1","damage_taken":0,"max_hp_gain":0,"max_hp_loss":0,"event_name":"SensoryStone","floor":47,"gold_loss":0}],"is_beta":false,"boss_relics":[{"not_picked":["Busted Crown","Ectoplasm"],"picked":"Snecko Eye"},{"not_picked":["Tiny House","Empty Cage"],"picked":"Astrolabe"}],"items_purged_floors":[19],"is_endless":false,"potions_floor_spawned":[3,4,8,11,24,33,35,37,44,45,48],"ascension_level":3}