{"gold_per_floor":[119,40,40,56,79,79,115,115,183,183,2,23,36,61,61,187,187,200,180,193,3,102,102,102,102,102,121,121,246,259,282,282,282],"floor_reached":33,"playtime":2191,"items_purged":[],"score":310,"play_id":"b68562a4-4057-42a8-a343-8f3c33c4dde7","local_time":"20190520053915","is_ascension_mode":true,"campfire_choices":[{"data":"Double Energy","floor":6.0,"key":"SMITH"},{"data":"Defragment","floor":8.0,"key":"SMITH"},{"data":"Double Energy","floor":10.0,"key":"SMITH"},{"floor":15.0,"key":"REST"},{"floor":23.0,"key":"REST"},{"floor":25.0,"key":"REST"},{"data":"Echo Form","floor":28.0,"key":"SMITH"},{"floor":32,"key":"REST"}],"neow_cost":"CURSE","seed_source_timestamp":0,"circlet_count":0,"master_deck":["Strike_B","Strike_B","Strike_B","Strike_B","Defend_B","Defend_B","Defend_B","Defend_B","Zap","Dualcast","Cold Snap","Defragment+1","Double Energy+1","Double Energy+1","Force Field","Melter+1","Recycle","Coolheaded","Cold Snap+1","FTL+1","Echo Form+1","BootSequence","Blizzard+1","Stack","Self Repair","Auto Shields","Rip and Tear+1","Redo","Ball Lightning+1","White Noise+1","Force Field","Echo Form","FTL+1"],"special_seed":0,"relics":["Cracked Core","Golden Idol","Odd Mushroom","Molten Egg 2","Dream Catcher","Sozu","Spirit Poop","Pocketwatch","Girya","Dodecahedron"],"potions_floor_usage":[],"damage_taken":[{"damage":3.0,"enemies":"Cultist","floor":1.0,"turns":4.0},{"damage":2.0,"enemies":"2 Louse","floor":4.0,"turns":3.0},{"damage":5.0,"enemies":"Small Slimes","floor":5.0,"turns":2.0},{"damage":19.0,"enemies":"The Mushroom Lair","floor":7.0,"turns":4.0},{"damage":21.0,"enemies":"3 Louse","floor":12.0,"turns":3.0},{"damage":10.0,"enemies":"Gremlin Gang","floor":13.0,"turns":4.0},{"damage":6.0,"enemies":"Blue Slaver","floor":14.0,"turns":4.0},{"damage":23.0,"enemies":"The Guardian","floor":16.0,"turns":13.0},{"damage":9.0,"enemies":"Chosen","floor":18.0,"turns":5.0},{"damage":46.0,"enemies":"2 Thieves","floor":19.0,"turns":5.0},{"damage":22.0,"enemies":"Centurion and Healer","floor":20.0,"turns":6.0},{"damage":0.0,"enemies":"Shelled Parasite and Fungi","floor":27.0,"turns":6.0},{"damage":27,"enemies":"Colosseum Slavers","floor":29,"turns":5},{"damage":0,"enemies":"Colosseum Nobs","floor":29,"turns":4},{"damage":16,"enemies":"Chosen and Byrds","floor":30,"turns":6},{"damage":24,"enemies":"Centurion and Healer","floor":31,"turns":6},{"damage":58,"enemies":"Automaton","floor":33,"turns":6}],"seed_played":"-468957627000650237","potions_obtained":[{"floor":1.0,"key":"Poison Potion"},{"floor":7.0,"key":"Regen Potion"},{"floor":12.0,"key":"FairyPotion"},{"floor":13.0,"key":"Swift Potion"}],"is_trial":false,"path_per_floor":["M","$","?","M","M","R","?","R","T","R","$","M","M","M","R","B",null,"M","M","M","$","?","R","?","R","T","M","R","?","M","M","R","B"],"character_chosen":"DEFECT","items_purchased":["Defragment","Dream Catcher","Melter+1","Self Repair","Auto Shields","Rip and Tear+1"],"campfire_rested":4,"item_purchase_floors":[2,11,11,21,21,21],"current_hp_per_floor":[79,79,79,77,72,72,53,53,53,53,53,32,34,28,52,29,69,60,14,6,6,6,30,30,54,54,61,61,48,39,22,46,0],"gold":282,"neow_bonus":"TWENTY_PERCENT_HP_BONUS","is_prod":false,"is_daily":false,"chose_seed":false,"campfire_upgraded":4,"win_rate":0,"timestamp":1558294755,"path_taken":["M","?","?","M","M","R","?","R","T","R","$","M","M","M","R","BOSS","M","M","M","$","?","R","?","R","T","?","R","?","M","M","R","BOSS"],"build_version":"2019-01-23","purchased_purges":0,"victory":false,"max_hp_per_floor":[89,89,82,82,82,82,82,82,82,82,82,82,82,82,82,82,82,82,82,82,82,82,82,82,82,82,82,82,82,82,82,82,82],"card_choices":[{"not_picked":["Recycle","Barrage"],"picked":"Cold Snap","floor":1.0},{"not_picked":["Beam Cell","Recycle"],"picked":"Double Energy","floor":4.0},{"not_picked":["Barrage","Rebound"],"picked":"Double Energy","floor":5.0},{"not_picked":["Rip and Tear","Compile Driver"],"picked":"Force Field","floor":7.0},{"not_picked":["Gash+1","Heatsinks"],"picked":"Recycle","floor":12.0},{"not_picked":["Storm","Lockon+1"],"picked":"Coolheaded","floor":13.0},{"not_picked":["Coolheaded","Rip and Tear+1"],"picked":"Cold Snap+1","floor":14.0},{"not_picked":["Cold Snap+1","Stack"],"picked":"FTL+1","floor":15.0},{"not_picked":["Fission","Rainbow"],"picked":"Echo Form","floor":16.0},{"not_picked":["Barrage+1","Fusion"],"picked":"BootSequence","floor":18.0},{"not_picked":["Defragment","Capacitor"],"picked":"Blizzard+1","floor":19.0},{"not_picked":["Sweeping Beam+1","Recycle"],"picked":"Stack","floor":20.0},{"not_picked":["Recycle","Compile Driver+1"],"picked":"Redo","floor":23.0},{"not_picked":["Lockon+1","Scrape+1"],"picked":"Ball Lightning+1","floor":25.0},{"not_picked":["Steam+1","Coolheaded+1"],"picked":"White Noise+1","floor":27.0},{"not_picked":["Genetic Algorithm","Rebound+1"],"picked":"Force Field","floor":29},{"not_picked":["Rip and Tear+1","Beam Cell+1","Stack"],"picked":"SKIP","floor":30},{"not_picked":["Compile Driver+1","Barrage+1"],"picked":"Echo Form","floor":31},{"not_picked":["Rebound+1","Sweeping Beam+1"],"picked":"FTL+1","floor":32}],"player_experience":676950,"relics_obtained":[{"floor":7.0,"key":"Odd Mushroom"},{"floor":9.0,"key":"Molten Egg 2"},{"floor":26.0,"key":"Pocketwatch"},{"floor":29,"key":"Girya"},{"floor":29,"key":"Dodecahedron"}],"event_choices":[{"damage_healed":0.0,"max_hp_gain":0.0,"max_hp_loss":7.0,"gold_gain":0.0,"event_name":"Golden Idol","player_choice":"Lose Max HP","floor":3.0,"gold_loss":0.0,"damage_taken":0.0,"relics_obtained":["Golden Idol"]},{"damage_healed":0.0,"max_hp_gain":0.0,"max_hp_loss":0.0,"gold_gain":0.0,"event_name":"Mushrooms","player_choice":"Fought Mushrooms","floor":7.0,"gold_loss":0.0,"damage_taken":0.0},{"damage_healed":0.0,"max_hp_gain":0.0,"max_hp_loss":0.0,"gold_gain":99.0,"event_name":"Nest","player_choice":"Stole From Cult","floor":22.0,"gold_loss":0.0,"damage_taken":0.0},{"cards_removed":["Decay"],"damage_healed":0.0,"max_hp_gain":0.0,"max_hp_loss":0.0,"gold_gain":0.0,"event_name":"Bonfire Elementals","player_choice":"Offered Curse","floor":24.0,"gold_loss":0.0,"damage_taken":0.0,"relics_obtained":["Spirit Poop"]},{"damage_healed":0,"gold_gain":0,"player_choice":"Fight","damage_taken":0,"max_hp_gain":0,"max_hp_loss":0,"event_name":"Colosseum","floor":29,"gold_loss":0},{"damage_healed":0,"gold_gain":0,"player_choice":"Fought Nobs","damage_taken":0,"max_hp_gain":0,"max_hp_loss":0,"event_name":"Colosseum","floor":29,"gold_loss":0}],"is_beta":false,"boss_relics":[{"not_picked":["Tiny House","Pandora\u0027s Box"],"picked":"Sozu"}],"items_purged_floors":[],"is_endless":false,"potions_floor_spawned":[1,7,12,13,18,20,29,30,31],"killed_by":"Automaton","ascension_level":6}