{"gold_per_floor":[113,63,81,81,6,6,39,57,108,135,145,161,161,193,193,295,295,295,295,295,1,0,0,0,0],"floor_reached":25,"playtime":1221,"items_purged":["Defend_R","Clumsy"],"score":291,"play_id":"b9ea43ca-e4c7-4d93-acbd-0f37d1e3199e","local_time":"20190107050018","is_ascension_mode":false,"campfire_choices":[{"data":"Cleave","floor":6,"key":"SMITH"},{"data":"Infernal Blade","floor":13,"key":"SMITH"},{"data":"Pommel Strike","floor":15,"key":"SMITH"}],"neow_cost":"CURSE","seed_source_timestamp":1009255805683185,"circlet_count":0,"master_deck":["Strike_R","Strike_R","Strike_R","Strike_R","Defend_R","Defend_R","Defend_R","Bash","Pommel Strike+1","Cleave+1","Spot Weakness","Infernal Blade+1","Warcry","Shrug It Off","Iron Wave","Iron Wave+1","Berserk","Cleave+1","Bash+1","Finesse","Mayhem","Anger+1","Metallicize+1","Heavy Blade+1"],"relics":["Burning Blood","Nunchaku","CultistMask","Bag of Marbles","Ancient Tea Set","Strawberry","Molten Egg 2","Ectoplasm","Bottled Lightning"],"potions_floor_usage":[16,24,25],"damage_taken":[{"damage":1,"enemies":"2 Louse","floor":1,"turns":3},{"damage":5,"enemies":"Cultist","floor":3,"turns":4},{"damage":26,"enemies":"3 Sentries","floor":7,"turns":5},{"damage":0,"enemies":"Small Slimes","floor":8,"turns":2},{"damage":11,"enemies":"Gremlin Nob","floor":10,"turns":3},{"damage":5,"enemies":"Exordium Thugs","floor":11,"turns":4},{"damage":9,"enemies":"Large Slime","floor":12,"turns":6},{"damage":26,"enemies":"Lagavulin","floor":14,"turns":4},{"damage":0,"enemies":"Slime Boss","floor":16,"turns":4},{"damage":2,"enemies":"Spheric Guardian","floor":18,"turns":3},{"damage":0,"enemies":"2 Thieves","floor":22,"turns":3},{"damage":48,"enemies":"Gremlin Leader","floor":23,"turns":4},{"damage":22,"enemies":"Centurion and Healer","floor":24,"turns":5},{"damage":36,"enemies":"Slavers","floor":25,"turns":4}],"seed_played":"8872369160177920965","potions_obtained":[{"floor":1,"key":"SteroidPotion"},{"floor":7,"key":"Weak Potion"},{"floor":11,"key":"SkillPotion"},{"floor":16,"key":"Dexterity Potion"}],"is_trial":false,"path_per_floor":["M","?","M","?","$","R","E","M","T","E","M","M","R","E","R","B",null,"M","?","?","$","M","E","M","E"],"character_chosen":"IRONCLAD","items_purchased":["Mayhem"],"campfire_rested":0,"item_purchase_floors":[21],"current_hp_per_floor":[80,80,80,80,80,80,60,66,66,68,69,66,66,46,46,52,87,87,87,87,87,87,45,29,0],"gold":0,"neow_bonus":"ONE_RARE_RELIC","is_prod":false,"is_daily":false,"chose_seed":false,"campfire_upgraded":3,"win_rate":0.0,"timestamp":1546855218,"path_taken":["M","?","M","?","$","R","E","M","T","E","M","M","R","E","R","BOSS","M","?","?","$","?","E","M","E"],"build_version":"2019-01-03v4","purchased_purges":2,"victory":false,"max_hp_per_floor":[80,80,80,80,80,80,80,80,80,87,87,87,87,87,87,87,87,87,87,87,87,87,87,87,87],"card_choices":[{"not_picked":["Spot Weakness","Bloodletting"],"picked":"Pommel Strike","floor":1},{"not_picked":["Dropkick","Sword Boomerang"],"picked":"Cleave","floor":3},{"not_picked":["Rage","Bloodletting"],"picked":"Spot Weakness","floor":7},{"not_picked":["Disarm","Fire Breathing"],"picked":"Infernal Blade","floor":8},{"not_picked":["Shockwave","Thunderclap"],"picked":"Warcry","floor":10},{"not_picked":["Thunderclap","Shockwave"],"picked":"Shrug It Off","floor":11},{"not_picked":["Combust","Headbutt"],"picked":"Iron Wave","floor":12},{"not_picked":["Sever Soul","Thunderclap"],"picked":"Iron Wave","floor":14},{"not_picked":["Juggernaut","Offering"],"picked":"Berserk","floor":16},{"not_picked":["Clash+1","Reckless Charge+1","Perfected Strike+1"],"picked":"SKIP","floor":18},{"not_picked":["Feel No Pain","Reckless Charge+1"],"picked":"Anger+1","floor":22},{"not_picked":["Uppercut+1","Rage"],"picked":"Metallicize+1","floor":23},{"not_picked":["Clash+1","Perfected Strike+1"],"picked":"Heavy Blade+1","floor":24}],"player_experience":5090,"relics_obtained":[{"floor":7,"key":"Bag of Marbles"},{"floor":9,"key":"Ancient Tea Set"},{"floor":10,"key":"Strawberry"},{"floor":14,"key":"Molten Egg 2"},{"floor":23,"key":"Bottled Lightning"}],"event_choices":[{"cards_removed":["Strike_R"],"damage_healed":0,"gold_gain":0,"player_choice":"Card Removal","damage_taken":0,"max_hp_gain":0,"max_hp_loss":0,"event_name":"The Cleric","floor":2,"gold_loss":50},{"damage_healed":0,"gold_gain":0,"player_choice":"Trade","damage_taken":0,"relics_obtained":["CultistMask"],"max_hp_gain":0,"max_hp_loss":0,"event_name":"FaceTrader","floor":4,"gold_loss":0},{"damage_healed":0,"gold_gain":0,"player_choice":"Read","damage_taken":0,"max_hp_gain":0,"max_hp_loss":0,"event_name":"The Library","floor":19,"gold_loss":0,"cards_obtained":["Cleave"]},{"damage_healed":0,"gold_gain":0,"player_choice":"2 cards matched","damage_taken":0,"max_hp_gain":0,"max_hp_loss":0,"event_name":"Match and Keep!","floor":20,"gold_loss":0,"cards_obtained":["Bash","Finesse"]}],"is_beta":false,"boss_relics":[{"not_picked":["Runic Dome","Runic Cube"],"picked":"Ectoplasm"}],"items_purged_floors":[5,21],"is_endless":false,"potions_floor_spawned":[1,7,11,12,16,22],"killed_by":"Slavers","ascension_level":0}