{"gold_per_floor":[111,111,129,139,22,54,54,229,284,284,313,313,326,344,344,439,439,453,464,30,46,63,63,75,0,26,52,52,151,151,151,151,247,247,259,274,289,303,9,34,34,34,34,34,34,47,62,62],"floor_reached":48,"playtime":2279,"items_purged":["Doubt","Strike_R"],"score":615,"play_id":"7223dcc9-f566-49b2-9560-992b5b875811","local_time":"20190429084131","is_ascension_mode":true,"campfire_choices":[{"data":"Uppercut","floor":7,"key":"SMITH"},{"data":"Bash","floor":10,"key":"SMITH"},{"data":"Body Slam","floor":12,"key":"SMITH"},{"floor":15,"key":"REST"},{"floor":23,"key":"REST"},{"floor":28,"key":"REST"},{"floor":32,"key":"REST"},{"floor":41,"key":"REST"}],"neow_cost":"NONE","seed_source_timestamp":14510129349545,"circlet_count":0,"master_deck":["Strike_R","Strike_R","Strike_R","Defend_R","Defend_R","Defend_R","Defend_R","Bash+1","Uppercut+1","Heavy Blade","Twin Strike","Wild Strike+1","Shrug It Off","Dropkick","Body Slam+1","Evolve+1","Shrug It Off","Brutality+1","Cleave+1","Iron Wave","Panacea","Battle Trance","Metallicize+1","Bloodletting+1","Fire Breathing+1","Demon Form+1","Seeing Red+1","Exhume","Seeing Red+1","Shockwave","Disarm","Rupture+1","Inflame+1","Armaments","Warcry","Flex+1","Injury","Feel No Pain+1","Uppercut+1"],"relics":["Burning Blood","NeowsBlessing","Red Skull","Frozen Egg 2","Boot","Darkstone Periapt","Runic Cube","Art of War","Whetstone","Mummified Hand","Nilry\u0027s Codex","Cursed Key","Happy Flower","Ancient Tea Set","GremlinMask"],"potions_floor_usage":[6,6,13,19,22,33,35,38,38,38,40,47],"damage_taken":[{"damage":0,"enemies":"Jaw Worm","floor":1,"turns":1},{"damage":0,"enemies":"Cultist","floor":3,"turns":1},{"damage":0,"enemies":"2 Louse","floor":4,"turns":1},{"damage":26,"enemies":"Lagavulin","floor":6,"turns":7},{"damage":37,"enemies":"3 Sentries","floor":11,"turns":10},{"damage":8,"enemies":"Large Slime","floor":13,"turns":3},{"damage":4,"enemies":"Blue Slaver","floor":14,"turns":2},{"damage":38,"enemies":"The Guardian","floor":16,"turns":11},{"damage":3,"enemies":"Chosen","floor":18,"turns":4},{"damage":34,"enemies":"3 Byrds","floor":19,"turns":6},{"damage":15,"enemies":"Shelled Parasite and Fungi","floor":21,"turns":6},{"damage":16,"enemies":"Snake Plant","floor":22,"turns":4},{"damage":27,"enemies":"3 Cultists","floor":24,"turns":5},{"damage":29,"enemies":"Book of Stabbing","floor":27,"turns":4},{"damage":27,"enemies":"Champ","floor":33,"turns":6},{"damage":20,"enemies":"3 Darklings","floor":35,"turns":5},{"damage":34,"enemies":"3 Shapes","floor":36,"turns":3},{"damage":10,"enemies":"Spire Growth","floor":37,"turns":4},{"damage":26,"enemies":"Sphere and 2 Shapes","floor":38,"turns":4},{"damage":10,"enemies":"Giant Head","floor":40,"turns":5},{"damage":16,"enemies":"3 Darklings","floor":46,"turns":4},{"damage":34,"enemies":"Writhing Mass","floor":47,"turns":5},{"damage":15,"enemies":"4 Shapes","floor":48,"turns":1}],"seed_played":"-5577273623312147371","potions_obtained":[{"floor":1,"key":"Weak Potion"},{"floor":3,"key":"Strength Potion"},{"floor":6,"key":"Weak Potion"},{"floor":13,"key":"GamblersBrew"},{"floor":18,"key":"SmokeBomb"},{"floor":19,"key":"EssenceOfSteel"},{"floor":31,"key":"SkillPotion"},{"floor":31,"key":"Energy Potion"},{"floor":31,"key":"GamblersBrew"},{"floor":33,"key":"Block Potion"},{"floor":36,"key":"Explosive Potion"},{"floor":37,"key":"Regen Potion"},{"floor":38,"key":"AttackPotion"}],"is_trial":false,"path_per_floor":["M","?","M","M","$","E","R","?","T","R","E","R","M","M","R","B",null,"M","M","$","M","M","R","M","?","T","E","R","?","?","?","R","B",null,"M","M","M","M","$","E","R","?","T","?","$","M","M","M"],"character_chosen":"IRONCLAD","items_purchased":["Wild Strike","Shrug It Off","Block Potion","Panacea","Battle Trance","Metallicize+1","Art of War","Inflame+1","Armaments","Fire Potion","Warcry"],"campfire_rested":5,"item_purchase_floors":[5,5,5,20,20,20,20,39,39,39,39],"current_hp_per_floor":[80,80,80,80,80,60,60,60,60,60,29,29,27,29,53,21,80,80,52,52,43,33,57,36,36,36,13,37,37,21,21,45,24,80,66,38,34,23,23,19,43,43,49,49,49,39,11,0],"gold":62,"neow_bonus":"THREE_ENEMY_KILL","is_prod":false,"is_daily":false,"chose_seed":false,"campfire_upgraded":3,"win_rate":0,"timestamp":1556491291,"path_taken":["M","?","?","M","?","E","R","?","T","R","E","R","M","M","R","BOSS","M","M","$","M","M","R","M","?","T","E","R","?","?","?","R","BOSS","M","M","M","?","$","E","R","?","T","?","$","M","M","M"],"build_version":"2019-01-23","purchased_purges":2,"victory":false,"max_hp_per_floor":[80,80,80,80,80,80,80,80,80,80,80,80,80,80,80,80,80,80,80,80,80,80,80,80,80,80,80,80,80,80,80,80,80,80,80,80,80,80,80,80,80,80,86,86,86,86,86,86],"card_choices":[{"not_picked":["Disarm","Sword Boomerang"],"picked":"Uppercut","floor":1},{"not_picked":["Shockwave","Armaments"],"picked":"Heavy Blade","floor":3},{"not_picked":["Heavy Blade","Combust"],"picked":"Twin Strike","floor":4},{"not_picked":["Iron Wave","Entrench"],"picked":"Dropkick","floor":6},{"not_picked":["Twin Strike","Heavy Blade"],"picked":"Body Slam","floor":11},{"not_picked":["Pummel","Armaments"],"picked":"Evolve+1","floor":13},{"not_picked":["True Grit","Cleave"],"picked":"Shrug It Off","floor":14},{"not_picked":["Fiend Fire","Double Tap"],"picked":"Brutality+1","floor":16},{"not_picked":["Body Slam","Shrug It Off"],"picked":"Cleave","floor":18},{"not_picked":["Body Slam","Corruption+1"],"picked":"Iron Wave","floor":19},{"not_picked":["Pommel Strike","Headbutt+1"],"picked":"Bloodletting+1","floor":21},{"not_picked":["Wild Strike","Warcry"],"picked":"Fire Breathing+1","floor":22},{"not_picked":["Entrench","Twin Strike"],"picked":"Demon Form+1","floor":24},{"not_picked":["Cleave","Immolate"],"picked":"Seeing Red+1","floor":27},{"not_picked":["Double Tap","Fiend Fire"],"picked":"Exhume","floor":33},{"not_picked":["Perfected Strike+1","Iron Wave"],"picked":"Seeing Red+1","floor":35},{"not_picked":["Iron Wave+1","Body Slam"],"picked":"Shockwave","floor":36},{"not_picked":["Iron Wave","Havoc"],"picked":"Disarm","floor":37},{"not_picked":["Iron Wave+1","Blood for Blood"],"picked":"Rupture+1","floor":38},{"not_picked":["Barricade+1","Carnage"],"picked":"Flex+1","floor":40},{"not_picked":["Havoc+1","Shrug It Off"],"picked":"Feel No Pain+1","floor":46},{"not_picked":["Heavy Blade+1","Iron Wave+1"],"picked":"Uppercut+1","floor":47}],"player_experience":500153,"relics_obtained":[{"floor":6,"key":"Frozen Egg 2"},{"floor":9,"key":"Boot"},{"floor":11,"key":"Darkstone Periapt"},{"floor":26,"key":"Whetstone"},{"floor":27,"key":"Mummified Hand"},{"floor":30,"key":"Nilry\u0027s Codex"},{"floor":40,"key":"Happy Flower"},{"floor":43,"key":"Ancient Tea Set"}],"event_choices":[{"damage_healed":0,"gold_gain":0,"player_choice":"Gave Potion","damage_taken":0,"relics_obtained":["Red Skull"],"max_hp_gain":0,"max_hp_loss":0,"event_name":"WeMeetAgain","floor":2,"gold_loss":0},{"damage_healed":0,"gold_gain":175,"player_choice":"AGREE","damage_taken":0,"max_hp_gain":0,"max_hp_loss":0,"event_name":"Liars Game","floor":8,"gold_loss":0,"cards_obtained":["Doubt"]},{"cards_removed":["Strike_R"],"damage_healed":0,"gold_gain":0,"player_choice":"Gave Gold","damage_taken":0,"max_hp_gain":0,"max_hp_loss":0,"event_name":"Beggar","floor":25,"gold_loss":75},{"damage_healed":0,"gold_gain":99,"player_choice":"Stole From Cult","damage_taken":0,"max_hp_gain":0,"max_hp_loss":0,"event_name":"Nest","floor":29,"gold_loss":0},{"damage_healed":0,"gold_gain":0,"player_choice":"Obtained Book","damage_taken":16,"max_hp_gain":0,"max_hp_loss":0,"event_name":"Cursed Tome","floor":30,"gold_loss":0},{"damage_healed":0,"gold_gain":0,"player_choice":"Got Potions","damage_taken":0,"max_hp_gain":0,"max_hp_loss":0,"event_name":"Lab","floor":31,"gold_loss":0},{"damage_healed":0,"gold_gain":0,"player_choice":"Ignored","damage_taken":0,"max_hp_gain":0,"max_hp_loss":0,"event_name":"Mysterious Sphere","floor":42,"gold_loss":0},{"damage_healed":0,"gold_gain":0,"player_choice":"Trade","damage_taken":0,"relics_obtained":["GremlinMask"],"max_hp_gain":0,"max_hp_loss":0,"event_name":"FaceTrader","floor":44,"gold_loss":0}],"is_beta":false,"boss_relics":[{"not_picked":["Coffee Dripper","Empty Cage"],"picked":"Runic Cube"},{"not_picked":["Runic Pyramid","Runic Dome"],"picked":"Cursed Key"}],"items_purged_floors":[20,39],"is_endless":false,"potions_floor_spawned":[1,3,6,13,18,19,33,36,37,38],"killed_by":"4 Shapes","ascension_level":4}