{"gold_per_floor":[115,134,15,28,42,42,73,73,73,107,107,140,157,221,221,293,293,312,312,328,328,328,354,354,384,384,384,397,397,430,440,440,513,513,532,548,352,370,390,416,416,416,416,431,483,498,12,43,43,43],"floor_reached":50,"playtime":2888,"items_purged":["Strike_R"],"score":1280,"play_id":"3b69b453-77bd-4955-bc71-97d8989be009","local_time":"20190712084925","is_ascension_mode":true,"campfire_choices":[{"floor":6.0,"key":"REST"},{"floor":8.0,"key":"REST"},{"floor":11.0,"key":"REST"},{"data":"Juggernaut","floor":15.0,"key":"SMITH"},{"floor":24.0,"key":"REST"},{"floor":27.0,"key":"REST"},{"floor":32.0,"key":"REST"},{"floor":49.0,"key":"RECALL"}],"neow_cost":"NONE","seed_source_timestamp":0,"circlet_count":0,"master_deck":["AscendersBane","Strike_R","Strike_R","Defend_R","Defend_R","Defend_R","Defend_R","Bash","Anger","Cleave","Feel No Pain","Seeing Red","Ghostly Armor","Carnage","Juggernaut+1","Ghostly Armor","Metallicize","Shrug It Off","Juggernaut","Shrug It Off","Battle Trance","Headbutt+1","Anger","Pummel","Entrench","Infernal Blade","Sentinel","Barricade","Juggernaut","True Grit","Power Through","Feel No Pain","Power Through","Clothesline","Shrug It Off","Corruption","Body Slam","Shrug It Off","Shrug It Off","Entrench+1"],"special_seed":0,"relics":["Burning Blood","Ornamental Fan","Bottled Lightning","The Courier","Mummified Hand","Tiny Chest","Fusion Hammer","Pantograph","Self Forming Clay","Oddly Smooth Stone","Shuriken","Vajra","Philosopher\u0027s Stone","Matryoshka","Juzu Bracelet","Regal Pillow","Red Skull","OrangePellets","Thread and Needle","Toxic Egg 2"],"potions_floor_usage":[50],"damage_taken":[{"damage":9.0,"enemies":"2 Louse","floor":1.0,"turns":4.0},{"damage":15.0,"enemies":"Small Slimes","floor":2.0,"turns":4.0},{"damage":7.0,"enemies":"Jaw Worm","floor":4.0,"turns":3.0},{"damage":29.0,"enemies":"Exordium Wildlife","floor":5.0,"turns":4.0},{"damage":44.0,"enemies":"Lagavulin","floor":7.0,"turns":7.0},{"damage":34.0,"enemies":"Gremlin Nob","floor":10.0,"turns":5.0},{"damage":28.0,"enemies":"Lagavulin","floor":12.0,"turns":7.0},{"damage":0.0,"enemies":"Blue Slaver","floor":13.0,"turns":3.0},{"damage":12.0,"enemies":"3 Sentries","floor":14.0,"turns":5.0},{"damage":6.0,"enemies":"The Guardian","floor":16.0,"turns":10.0},{"damage":13.0,"enemies":"Shell Parasite","floor":18.0,"turns":5.0},{"damage":2.0,"enemies":"3 Byrds","floor":20.0,"turns":3.0},{"damage":31.0,"enemies":"Book of Stabbing","floor":23.0,"turns":5.0},{"damage":28.0,"enemies":"Slavers","floor":25.0,"turns":4.0},{"damage":0.0,"enemies":"Centurion and Healer","floor":28.0,"turns":4.0},{"damage":24.0,"enemies":"Gremlin Leader","floor":30.0,"turns":6.0},{"damage":6.0,"enemies":"3 Cultists","floor":31.0,"turns":4.0},{"damage":25.0,"enemies":"Champ","floor":33.0,"turns":9.0},{"damage":0.0,"enemies":"3 Shapes","floor":35.0,"turns":3.0},{"damage":8.0,"enemies":"3 Darklings","floor":36.0,"turns":4.0},{"damage":8.0,"enemies":"Jaw Worm Horde","floor":38.0,"turns":5.0},{"damage":11.0,"enemies":"4 Shapes","floor":39.0,"turns":4.0},{"damage":54.0,"enemies":"Nemesis","floor":40.0,"turns":9.0},{"damage":45.0,"enemies":"Spire Growth","floor":44.0,"turns":5.0},{"damage":18.0,"enemies":"3 Darklings","floor":46.0,"turns":5.0},{"damage":0.0,"enemies":"Giant Head","floor":48.0,"turns":8.0},{"damage":49,"enemies":"Awakened One","floor":50,"turns":9}],"seed_played":"908556972219052","potions_obtained":[{"floor":0.0,"key":"Fire Potion"},{"floor":0.0,"key":"Weak Potion"},{"floor":12.0,"key":"Fire Potion"},{"floor":14.0,"key":"Energy Potion"},{"floor":16.0,"key":"Regen Potion"},{"floor":25.0,"key":"SkillPotion"},{"floor":28.0,"key":"Explosive Potion"},{"floor":30.0,"key":"Explosive Potion"},{"floor":36.0,"key":"EntropicBrew"},{"floor":38.0,"key":"Ancient Potion"},{"floor":44.0,"key":"Fire Potion"},{"floor":46.0,"key":"Fire Potion"},{"floor":48.0,"key":"SteroidPotion"}],"is_trial":false,"path_per_floor":["M","M","$","M","M","R","E","R","T","E","R","E","M","E","R","B",null,"M","?","M","?","T","E","R","E","T","R","M","?","E","M","R","B",null,"M","M","$","M","M","E","?","?","T","M","T","M","$","E","R","B"],"character_chosen":"IRONCLAD","items_purchased":["Feel No Pain","Seeing Red","Feel No Pain","Power Through","OrangePellets","Thread and Needle","Shrug It Off"],"campfire_rested":6,"item_purchase_floors":[3,3,37,37,47,47,47],"current_hp_per_floor":[65,56,56,55,32,54,16,38,38,10,32,10,16,10,10,10,59,66,66,70,70,70,45,67,45,45,67,73,52,34,34,58,61,75,80,78,78,76,71,23,66,66,66,27,27,15,15,21,21,0],"gold":43,"neow_bonus":"THREE_SMALL_POTIONS","is_prod":false,"is_daily":false,"chose_seed":false,"campfire_upgraded":1,"win_rate":0,"timestamp":1562935765,"path_taken":["M","M","$","M","M","R","E","R","T","E","R","E","M","E","R","BOSS","M","?","M","?","?","E","R","E","T","R","?","?","E","M","R","BOSS","M","M","$","M","M","E","?","?","T","M","?","M","$","E","R","BOSS"],"build_version":"2019-07-10","purchased_purges":1,"victory":false,"max_hp_per_floor":[75,75,75,75,75,75,75,75,75,75,75,75,75,75,75,75,75,75,75,75,75,75,75,75,75,75,75,75,80,80,80,80,80,80,80,80,80,80,80,80,66,66,66,66,66,66,66,66,66,66],"card_choices":[{"not_picked":["Perfected Strike","Cleave"],"picked":"Anger","floor":1.0},{"not_picked":["Searing Blow","Combust"],"picked":"Cleave","floor":2.0},{"not_picked":["Bloodletting","Sword Boomerang"],"picked":"Cleave","floor":4.0},{"not_picked":["Evolve","Flex"],"picked":"Ghostly Armor","floor":5.0},{"not_picked":["Warcry","Blood for Blood"],"picked":"Carnage","floor":7.0},{"not_picked":["Headbutt","Armaments"],"picked":"Juggernaut","floor":10.0},{"not_picked":["Uppercut","Double Tap"],"picked":"Ghostly Armor","floor":12.0},{"not_picked":["Flex","Combust"],"picked":"Metallicize","floor":13.0},{"not_picked":["Heavy Blade","Rupture"],"picked":"Shrug It Off","floor":14.0},{"not_picked":["Limit Break","Demon Form"],"picked":"Juggernaut","floor":16.0},{"not_picked":["Warcry","Headbutt"],"picked":"Shrug It Off","floor":18.0},{"not_picked":["Iron Wave","Wild Strike"],"picked":"Headbutt+1","floor":20.0},{"not_picked":["Intimidate","Berserk"],"picked":"Entrench","floor":23.0},{"not_picked":["Immolate","Fire Breathing"],"picked":"Infernal Blade","floor":25.0},{"not_picked":["Rupture","Flex"],"picked":"Sentinel","floor":28.0},{"not_picked":["Shrug It Off","Headbutt"],"picked":"Barricade","floor":30.0},{"not_picked":["Wild Strike","Thunderclap","Cleave+1"],"picked":"SKIP","floor":31.0},{"not_picked":["Brutality","Dark Embrace"],"picked":"Juggernaut","floor":33.0},{"not_picked":["Iron Wave","Searing Blow"],"picked":"True Grit","floor":35.0},{"not_picked":["Dropkick+1","Headbutt"],"picked":"Power Through","floor":36.0},{"not_picked":["Flex","Reckless Charge+1"],"picked":"Clothesline","floor":38.0},{"not_picked":["Twin Strike+1","Clothesline"],"picked":"Shrug It Off","floor":39.0},{"not_picked":["Shockwave+1","Wild Strike+1"],"picked":"Corruption","floor":40.0},{"not_picked":["Hemokinesis","Warcry+1"],"picked":"Body Slam","floor":44.0},{"not_picked":["Spot Weakness","Pommel Strike"],"picked":"Shrug It Off","floor":46.0},{"not_picked":["Offering","Inflame+1"],"picked":"Entrench","floor":48.0}],"player_experience":3202123,"relics_obtained":[{"floor":7.0,"key":"Ornamental Fan"},{"floor":9.0,"key":"Bottled Lightning"},{"floor":10.0,"key":"The Courier"},{"floor":12.0,"key":"Mummified Hand"},{"floor":14.0,"key":"Tiny Chest"},{"floor":22.0,"key":"Pantograph"},{"floor":23.0,"key":"Self Forming Clay"},{"floor":25.0,"key":"Oddly Smooth Stone"},{"floor":26.0,"key":"Shuriken"},{"floor":30.0,"key":"Vajra"},{"floor":40.0,"key":"Matryoshka"},{"floor":43.0,"key":"Juzu Bracelet"},{"floor":45.0,"key":"Regal Pillow"},{"floor":45.0,"key":"Red Skull"},{"floor":48.0,"key":"Toxic Egg 2"}],"event_choices":[{"damage_healed":0.0,"max_hp_gain":0.0,"max_hp_loss":0.0,"gold_gain":0.0,"event_name":"The Library","player_choice":"Read","floor":19.0,"gold_loss":0.0,"damage_taken":0.0,"cards_obtained":["Battle Trance"]},{"damage_healed":0.0,"max_hp_gain":0.0,"max_hp_loss":0.0,"gold_gain":0.0,"cards_transformed":["Strike_R","Strike_R"],"event_name":"Drug Dealer","player_choice":"Became Test Subject","floor":21.0,"gold_loss":0.0,"damage_taken":0.0,"cards_obtained":["Anger","Pummel"]},{"damage_healed":0.0,"max_hp_gain":5.0,"max_hp_loss":0.0,"gold_gain":0.0,"event_name":"Forgotten Altar","player_choice":"Shed Blood","floor":29.0,"gold_loss":0.0,"damage_taken":26.0},{"damage_healed":66.0,"max_hp_gain":0.0,"max_hp_loss":14.0,"gold_gain":0.0,"event_name":"The Moai Head","player_choice":"Heal","floor":41.0,"gold_loss":0.0,"damage_taken":0.0},{"cards_removed":["Cleave"],"damage_healed":0.0,"max_hp_gain":0.0,"max_hp_loss":0.0,"gold_gain":0.0,"event_name":"Falling","player_choice":"Removed Attack","floor":42.0,"gold_loss":0.0,"damage_taken":0.0}],"is_beta":true,"boss_relics":[{"not_picked":["Calling Bell","Black Blood"],"picked":"Fusion Hammer"},{"not_picked":["Busted Crown","Empty Cage"],"picked":"Philosopher\u0027s Stone"}],"items_purged_floors":[37],"is_endless":false,"potions_floor_spawned":[2,4,5,12,14,16,25,28,30,36,38,44,46,48],"killed_by":"Awakened One","ascension_level":20}