{"gold_per_floor":[63,75,75,75,75,75,85,85,119,67,67,82,82,93,20,20,20,125,125,138,138,138,148,148,158,177,177],"floor_reached":27,"playtime":1548,"items_purged":[],"score":213,"play_id":"6571a996-bde1-4981-9201-6c2b9a1d2f53","local_time":"20190705150236","is_ascension_mode":false,"campfire_choices":[{"data":"BlindingLight","floor":8.0,"key":"SMITH"},{"data":"TearSoul","floor":17,"key":"SMITH"}],"neow_cost":"NONE","seed_source_timestamp":60687974150200,"circlet_count":0,"master_deck":["Strike_Valiant","Strike_Valiant","Strike_Valiant","Strike_Valiant","Defend_Valiant","Defend_Valiant","Defend_Valiant","Defend_Valiant","BlindingLight+1","MinorHealing","MinorHealing","UnyieldingZeal","ReduceToNothing","Guardian:Gem_Synthetic","Heel Hook","Smite","UnyieldingZeal","TearSoul+1","Ensoul","CombatStance","WideSmite+1","RecklessSmite","DC","Dramatic Entrance+1"],"special_seed":0,"relics":["m_ChordRing","infinitespire:Cubic Diamond","Darkstone Periapt","halation:VictoryRuler","aspiration:BabyByrd","halation:Prosthetics","PrismaticShard"],"potions_floor_usage":[27],"damage_taken":[{"damage":1.0,"enemies":"Cultist","floor":1.0,"turns":3.0},{"damage":4.0,"enemies":"2 Louse","floor":2.0,"turns":2.0},{"damage":0.0,"enemies":"Small Slimes","floor":7.0,"turns":4.0},{"damage":53.0,"enemies":"3 Sentries","floor":9.0,"turns":22.0},{"damage":15,"enemies":"Exordium Thugs","floor":12,"turns":7},{"damage":5,"enemies":"Red Slaver","floor":14,"turns":3},{"damage":60,"enemies":"HollowMod:FalseKnight","floor":18,"turns":10},{"damage":17,"enemies":"Chosen","floor":20,"turns":5},{"damage":39,"enemies":"Spheric Guardian","floor":23,"turns":6},{"damage":10,"enemies":"Snake Plant","floor":25,"turns":4},{"damage":47,"enemies":"Centurion and Healer","floor":26,"turns":5},{"damage":24,"enemies":"Cultist and Chosen","floor":27,"turns":4}],"seed_played":"1862112916702707841","potions_obtained":[{"floor":2.0,"key":"Dexterity Potion"},{"floor":7.0,"key":"conspire:EchoDraught"},{"floor":9.0,"key":"Fire Potion"},{"floor":14,"key":"Elixir"}],"is_trial":false,"path_per_floor":["M","M","PTL","PTL","?","?","M","R","E","$","T","M","?","M","$","?","R","B",null,"M","?","?","M","AVR","M","M","M"],"character_chosen":"TheValiant","items_purchased":["UnyieldingZeal","CombatStance"],"campfire_rested":0,"item_purchase_floors":[10,15],"current_hp_per_floor":[109,105,105,105,105,105,110,110,66,66,66,63,63,70,70,70,70,26,75,63,55,55,32,32,36,5,0],"gold":177,"neow_bonus":"TEN_PERCENT_HP_BONUS","is_prod":false,"is_daily":false,"chose_seed":false,"campfire_upgraded":2,"win_rate":0.0,"timestamp":1562353356,"path_taken":["M","M","PTL","PTL","?","?","?","R","E","$","T","M","?","?","?","?","R","BOSS","M","?","?","M","AVR","M","M","M"],"build_version":"2019-07-01","purchased_purges":0,"victory":false,"max_hp_per_floor":[110,110,110,110,110,110,110,110,110,110,110,110,110,110,110,110,110,110,75,75,75,75,75,75,75,75,75],"card_choices":[{"not_picked":["DivineFavor","Quickstep"],"picked":"UnyieldingZeal","floor":1.0},{"not_picked":["FuriousSmite","Quickstep"],"picked":"ReduceToNothing","floor":2.0},{"not_picked":["RecklessSmite","Charge"],"picked":"Heel Hook","floor":7.0},{"not_picked":["Guardian","BraceThePain"],"picked":"Smite","floor":9.0},{"not_picked":["bard:StudiedStrike","FlashOfAnger"],"picked":"TearSoul","floor":12},{"not_picked":["DualSpirit","ZealousAmbition"],"picked":"Ensoul","floor":14},{"not_picked":["MightBracer+1","PushOnward+1"],"picked":"WideSmite+1","floor":20},{"not_picked":["PiercingStab","ArchangelsBoon+1"],"picked":"RecklessSmite","floor":21},{"not_picked":["Runesmith:ChiselStab","DragonMeteor","Bone_Armory"],"picked":"SKIP","floor":23},{"not_picked":["TheCursedMod:AbyssShockwave+1","elementalist:Confluence"],"picked":"DC","floor":25},{"not_picked":["ReplayTheSpireMod:Reroute Power+1","TheCursedMod:CircleOfFlame"],"picked":"Dramatic Entrance+1","floor":26}],"player_experience":121927,"relics_obtained":[{"floor":9.0,"key":"Darkstone Periapt"},{"floor":11,"key":"halation:VictoryRuler"},{"floor":21,"key":"PrismaticShard"}],"event_choices":[],"is_beta":false,"boss_relics":[{"not_picked":["Coffee Dripper","halation:LoveArrow"],"picked":"halation:Prosthetics"}],"items_purged_floors":[],"is_endless":false,"potions_floor_spawned":[2,7,9,14,26],"killed_by":"Cultist and Chosen","ascension_level":0}