{"gold_per_floor":[215,87,87,98,48,48,48,75,99,99,127,127,127,146,146,272,272,287,41,41,64,64,64],"floor_reached":23,"playtime":623,"items_purged":["Defend_R","Defend_R"],"score":224,"play_id":"a4511e14-3a37-4a2a-a60c-f40b676dec32","local_time":"20190119221750","is_ascension_mode":true,"campfire_choices":[{"data":"Rampage","floor":6.0,"key":"SMITH"},{"data":"Uppercut","floor":12.0,"key":"SMITH"},{"data":"Spot Weakness","floor":15.0,"key":"SMITH"}],"neow_cost":"NONE","seed_source_timestamp":213217931133987,"circlet_count":0,"master_deck":["Strike_R","Defend_R","Defend_R","Bash","Spot Weakness+1","Shrug It Off","Rampage+1","Uppercut+1","Double Tap","Armaments","Limit Break","Necronomicurse"],"special_seed":0,"relics":["Burning Blood","Lantern","Oddly Smooth Stone","Juzu Bracelet","Golden Idol","Empty Cage","Necronomicon"],"potions_floor_usage":[],"damage_taken":[{"damage":1.0,"enemies":"Cultist","floor":1.0,"turns":4.0},{"damage":8.0,"enemies":"2 Louse","floor":4.0,"turns":3.0},{"damage":32.0,"enemies":"3 Sentries","floor":8.0,"turns":7.0},{"damage":26.0,"enemies":"Lagavulin","floor":11.0,"turns":5.0},{"damage":0.0,"enemies":"Jaw Worm","floor":14.0,"turns":2.0},{"damage":15.0,"enemies":"The Guardian","floor":16.0,"turns":7.0},{"damage":22.0,"enemies":"Spheric Guardian","floor":18.0,"turns":4.0},{"damage":50.0,"enemies":"Colosseum Slavers","floor":20.0,"turns":5.0},{"damage":3.0,"enemies":"Chosen","floor":21.0,"turns":6.0},{"damage":21,"enemies":"Slavers","floor":23,"turns":1}],"seed_played":"-1435277644448132076","potions_obtained":[{"floor":1.0,"key":"BloodPotion"},{"floor":8.0,"key":"Strength Potion"},{"floor":14.0,"key":"Energy Potion"},{"floor":16.0,"key":"Ancient Potion"}],"is_trial":false,"path_per_floor":["M","$","?","M","?","R","$","E","T","?","E","R","?","M","R","B",null,"M","$","?","M","?","E"],"character_chosen":"IRONCLAD","items_purchased":["Shrug It Off","Limit Break"],"campfire_rested":0,"item_purchase_floors":[2,19],"current_hp_per_floor":[80,80,80,78,78,78,78,52,52,78,58,58,38,44,44,35,80,64,64,28,31,15,0],"gold":64,"neow_bonus":"HUNDRED_GOLD","is_prod":false,"is_daily":false,"chose_seed":false,"campfire_upgraded":3,"win_rate":0,"timestamp":1547954270,"path_taken":["M","$","?","M","?","R","?","E","T","?","E","R","?","M","R","BOSS","M","$","?","M","?","E"],"build_version":"2019-01-17v2","purchased_purges":2,"victory":false,"max_hp_per_floor":[80,80,80,80,80,80,80,80,80,80,80,80,80,80,80,80,80,80,80,80,80,80,80],"card_choices":[{"not_picked":["Entrench","Reckless Charge"],"picked":"Spot Weakness","floor":1.0},{"not_picked":["Shrug It Off","Corruption"],"picked":"Rampage","floor":4.0},{"not_picked":["Metallicize","Rampage"],"picked":"Uppercut","floor":8.0},{"not_picked":["Entrench","Uppercut","Havoc"],"picked":"SKIP","floor":11.0},{"not_picked":["Thunderclap","Infernal Blade","Flex"],"picked":"SKIP","floor":14.0},{"not_picked":["Brutality","Reaper"],"picked":"Double Tap","floor":16.0},{"not_picked":["Perfected Strike+1","Twin Strike"],"picked":"Armaments","floor":18.0},{"not_picked":["Reckless Charge","Rupture","Bloodletting"],"picked":"SKIP","floor":21.0}],"player_experience":92731,"relics_obtained":[{"floor":8.0,"key":"Lantern"},{"floor":9.0,"key":"Oddly Smooth Stone"},{"floor":11.0,"key":"Juzu Bracelet"},{"floor":22.0,"key":"Necronomicon"}],"event_choices":[{"cards_removed":["Strike_R"],"damage_healed":0.0,"max_hp_gain":0.0,"max_hp_loss":0.0,"gold_gain":0.0,"event_name":"Living Wall","player_choice":"Forget","floor":3.0,"gold_loss":0.0,"damage_taken":0.0},{"cards_removed":["Strike_R"],"damage_healed":0.0,"max_hp_gain":0.0,"max_hp_loss":0.0,"gold_gain":0.0,"event_name":"The Cleric","player_choice":"Card Removal","floor":5.0,"gold_loss":50.0,"damage_taken":0.0},{"damage_healed":26.0,"max_hp_gain":0.0,"max_hp_loss":0.0,"gold_gain":0.0,"event_name":"Big Fish","player_choice":"Banana","floor":10.0,"gold_loss":0.0,"damage_taken":0.0},{"damage_healed":0.0,"max_hp_gain":0.0,"max_hp_loss":0.0,"gold_gain":0.0,"event_name":"Golden Idol","player_choice":"Take Damage","floor":13.0,"gold_loss":0.0,"damage_taken":20.0,"relics_obtained":["Golden Idol"]},{"damage_healed":0.0,"max_hp_gain":0.0,"max_hp_loss":0.0,"gold_gain":0.0,"event_name":"Colosseum","player_choice":"Fight","floor":20.0,"gold_loss":0.0,"damage_taken":0.0},{"damage_healed":0.0,"max_hp_gain":0.0,"max_hp_loss":0.0,"gold_gain":0.0,"event_name":"Colosseum","player_choice":"Fled From Nobs","floor":20.0,"gold_loss":0.0,"damage_taken":0.0},{"damage_healed":0.0,"max_hp_gain":0.0,"max_hp_loss":0.0,"gold_gain":0.0,"event_name":"Cursed Tome","player_choice":"Obtained Book","floor":22.0,"gold_loss":0.0,"damage_taken":16.0}],"is_beta":false,"boss_relics":[{"not_picked":["Ectoplasm","Fusion Hammer"],"picked":"Empty Cage"}],"items_purged_floors":[2,19],"is_endless":false,"potions_floor_spawned":[1,8,14,16,18],"killed_by":"Slavers","ascension_level":3}