{"gold_per_floor":[117,133,233,253,253,280,205,13,90,21,21,31,31,50,50,151,151,165,40,40,58,72,72,106,106,106,106,106,106,131,131,131,231,231,244,256,166,16,16,16,32,32,78,178,178,188,0,10,10,10],"floor_reached":51,"playtime":3695,"items_purged":["Strike_B","Strike_B","Strike_B","Defend_B"],"score":940,"play_id":"54ecbfc7-bee0-4dbf-ae07-7a3017749baf","local_time":"20190324212301","is_ascension_mode":true,"campfire_choices":[{"floor":11.0,"key":"REST"},{"data":"Scrape","floor":15.0,"key":"SMITH"},{"floor":23.0,"key":"REST"},{"floor":25.0,"key":"REST"},{"floor":28.0,"key":"REST"},{"data":"Gash","floor":32.0,"key":"SMITH"},{"data":"Scrape","floor":40.0,"key":"SMITH"},{"data":"Gash","floor":42,"key":"SMITH"},{"data":"Dualcast","floor":45,"key":"SMITH"},{"data":"Zap","floor":49,"key":"SMITH"}],"neow_cost":"NONE","seed_source_timestamp":1022523529065210,"circlet_count":0,"master_deck":["Defend_B","Zap+1","Dualcast+1","Capacitor","Gash+1","Scrape+1","Self Repair","Glacier","FTL","Dramatic Entrance","Machine Learning","Chill+1","FTL","Gash+1","Gash+1","Scrape+1","Double Energy+1","Gash+1"],"special_seed":0,"relics":["Cracked Core","Oddly Smooth Stone","Anchor","Sundial","Runic Pyramid","Juzu Bracelet","Dream Catcher","Bag of Preparation","Pantograph","Nilry\u0027s Codex","Nuclear Battery","Happy Flower","StoneCalendar","Red Mask"],"potions_floor_usage":[41,50],"damage_taken":[{"damage":0.0,"enemies":"Cultist","floor":1.0,"turns":3.0},{"damage":9.0,"enemies":"Small Slimes","floor":2.0,"turns":5.0},{"damage":0.0,"enemies":"2 Louse","floor":4.0,"turns":2.0},{"damage":25.0,"enemies":"Lagavulin","floor":6.0,"turns":10.0},{"damage":3.0,"enemies":"Red Slaver","floor":12.0,"turns":4.0},{"damage":0.0,"enemies":"Looter","floor":14.0,"turns":2.0},{"damage":17.0,"enemies":"The Guardian","floor":16.0,"turns":12.0},{"damage":18.0,"enemies":"2 Thieves","floor":18.0,"turns":5.0},{"damage":0.0,"enemies":"3 Byrds","floor":21.0,"turns":5.0},{"damage":15.0,"enemies":"Snake Plant","floor":22.0,"turns":5.0},{"damage":19.0,"enemies":"Book of Stabbing","floor":24.0,"turns":5.0},{"damage":1.0,"enemies":"Slavers","floor":30.0,"turns":3.0},{"damage":22.0,"enemies":"Champ","floor":33.0,"turns":8.0},{"damage":13.0,"enemies":"Orb Walker","floor":35.0,"turns":3.0},{"damage":1.0,"enemies":"3 Darklings","floor":36.0,"turns":4.0},{"damage":8,"enemies":"Spire Growth","floor":41,"turns":3},{"damage":0,"enemies":"Mind Bloom Boss Battle","floor":44,"turns":3},{"damage":0,"enemies":"Maw","floor":46,"turns":4},{"damage":0,"enemies":"Transient","floor":48,"turns":5},{"damage":16,"enemies":"Donu and Deca","floor":50,"turns":6}],"seed_played":"8526833768198768451","potions_obtained":[{"floor":2.0,"key":"SkillPotion"},{"floor":6.0,"key":"Strength Potion"},{"floor":14.0,"key":"FocusPotion"},{"floor":24.0,"key":"AttackPotion"},{"floor":30.0,"key":"SteroidPotion"},{"floor":35.0,"key":"AttackPotion"},{"floor":41,"key":"FocusPotion"}],"is_trial":false,"path_per_floor":["M","M","?","M","?","E","$","$","T","$","R","M","?","M","R","B",null,"M","$","?","M","M","R","E","R","T","?","R","T","E","?","R","B",null,"M","M","?","$","?","R","M","R","T","?","R","M","?","M","R","B",null],"character_chosen":"DEFECT","items_purchased":["Gash","Scrape","Self Repair"],"campfire_rested":4,"item_purchase_floors":[8,8,10],"current_hp_per_floor":[68,59,59,59,59,34,34,34,34,34,56,60,60,67,67,57,71,60,60,46,53,45,69,57,80,80,80,80,80,79,63,63,65,76,70,69,69,69,69,69,68,68,68,80,80,80,80,80,80,71],"gold":10,"neow_bonus":"REMOVE_CARD","is_prod":false,"is_daily":false,"chose_seed":false,"campfire_upgraded":6,"win_rate":0,"timestamp":1553480581,"path_taken":["M","M","?","?","?","E","?","$","T","$","R","M","?","?","R","BOSS","M","$","?","M","M","R","E","R","T","?","R","?","E","?","R","BOSS","M","M","?","$","?","R","M","R","T","?","R","M","?","M","R","BOSS"],"build_version":"2019-01-23","purchased_purges":4,"victory":true,"max_hp_per_floor":[75,75,75,75,75,75,75,75,75,75,75,75,75,75,75,75,75,75,75,80,80,80,80,80,80,80,80,80,80,80,80,80,80,80,80,80,80,80,80,80,80,80,80,80,80,80,80,80,80,80],"card_choices":[{"not_picked":["Rebound","Redo","Leap"],"picked":"SKIP","floor":1.0},{"not_picked":["Conserve Battery","Genetic Algorithm"],"picked":"Capacitor","floor":2.0},{"not_picked":["Sweeping Beam","Compile Driver","Steam Power"],"picked":"SKIP","floor":4.0},{"not_picked":["Force Field","Aggregate","Consume"],"picked":"SKIP","floor":6.0},{"not_picked":["Streamline","Tempest"],"picked":"Glacier","floor":12.0},{"not_picked":["Ball Lightning","Hologram","Turbo"],"picked":"SKIP","floor":14.0},{"not_picked":["Thunder Strike","Biased Cognition"],"picked":"Machine Learning","floor":16.0},{"not_picked":["Static Discharge+1","Stack"],"picked":"Chill","floor":18.0},{"not_picked":["Compile Driver","Leap"],"picked":"FTL","floor":21.0},{"not_picked":["Hologram","Stack"],"picked":"Gash","floor":22.0},{"not_picked":["Steam","Streamline","Redo"],"picked":"SKIP","floor":24.0},{"not_picked":["Lockon+1","Compile Driver"],"picked":"Gash+1","floor":28.0},{"not_picked":["Self Repair","Aggregate"],"picked":"Scrape","floor":30.0},{"not_picked":["Steam","Hologram+1"],"picked":"Double Energy+1","floor":35.0},{"not_picked":["Hologram","Rebound+1"],"picked":"Gash+1","floor":36.0},{"not_picked":["Force Field+1","Undo+1","Steam+1"],"picked":"SKIP","floor":41},{"not_picked":["Conserve Battery","Glacier+1","Leap"],"picked":"SKIP","floor":46},{"not_picked":["Auto Shields+1","Go for the Eyes","Thunder Strike"],"picked":"SKIP","floor":48}],"player_experience":490295,"relics_obtained":[{"floor":6.0,"key":"Anchor"},{"floor":9.0,"key":"Sundial"},{"floor":24.0,"key":"Juzu Bracelet"},{"floor":26.0,"key":"Dream Catcher"},{"floor":29.0,"key":"Bag of Preparation"},{"floor":30.0,"key":"Pantograph"},{"floor":31.0,"key":"Nilry\u0027s Codex"},{"floor":43,"key":"Happy Flower"},{"floor":44,"key":"StoneCalendar"}],"event_choices":[{"damage_healed":0.0,"max_hp_gain":0.0,"max_hp_loss":0.0,"gold_gain":100.0,"event_name":"Golden Shrine","player_choice":"Pray","floor":3.0,"gold_loss":0.0,"damage_taken":0.0},{"damage_healed":0.0,"max_hp_gain":0.0,"max_hp_loss":0.0,"gold_gain":0.0,"event_name":"WeMeetAgain","player_choice":"Gave Potion","floor":5.0,"gold_loss":0.0,"damage_taken":0.0,"relics_obtained":["Oddly Smooth Stone"]},{"damage_healed":0.0,"max_hp_gain":0.0,"max_hp_loss":0.0,"gold_gain":0.0,"event_name":"Match and Keep!","player_choice":"2 cards matched","floor":13.0,"gold_loss":0.0,"damage_taken":0.0,"cards_obtained":["FTL","Dramatic Entrance"]},{"damage_healed":0.0,"max_hp_gain":5.0,"max_hp_loss":0.0,"gold_gain":0.0,"event_name":"Forgotten Altar","player_choice":"Shed Blood","floor":20.0,"gold_loss":0.0,"damage_taken":19.0},{"damage_healed":0.0,"max_hp_gain":0.0,"max_hp_loss":0.0,"gold_gain":0.0,"event_name":"Ghosts","player_choice":"Ignored","floor":27.0,"gold_loss":0.0,"damage_taken":0.0},{"damage_healed":0.0,"max_hp_gain":0.0,"max_hp_loss":0.0,"gold_gain":0.0,"event_name":"Cursed Tome","player_choice":"Obtained Book","floor":31.0,"gold_loss":0.0,"damage_taken":16.0},{"cards_removed":["Defend_B"],"damage_healed":0.0,"max_hp_gain":0.0,"max_hp_loss":0.0,"gold_gain":0.0,"event_name":"Designer","player_choice":"Upgrade and Remove","floor":37.0,"gold_loss":90.0,"damage_taken":0.0,"cards_upgraded":["Chill"]},{"cards_removed":["Defend_B"],"damage_healed":0.0,"max_hp_gain":0.0,"max_hp_loss":0.0,"gold_gain":0.0,"event_name":"Falling","player_choice":"Removed Skill","floor":39.0,"gold_loss":0.0,"damage_taken":0.0},{"damage_healed":0,"gold_gain":0,"player_choice":"Fight","damage_taken":0,"max_hp_gain":0,"max_hp_loss":0,"event_name":"MindBloom","floor":44,"gold_loss":0},{"damage_healed":0,"gold_gain":0,"player_choice":"Paid","damage_taken":0,"relics_obtained":["Red Mask"],"max_hp_gain":0,"max_hp_loss":0,"event_name":"Tomb of Lord Red Mask","floor":47,"gold_loss":188}],"is_beta":false,"boss_relics":[{"not_picked":["Coffee Dripper","White Beast Statue"],"picked":"Runic Pyramid"},{"not_picked":["Tiny House","Black Star"],"picked":"Nuclear Battery"}],"items_purged_floors":[7,8,19,38],"is_endless":false,"potions_floor_spawned":[2,6,14,24,30,35,41],"ascension_level":9}