{"gold_per_floor":[119,133,148,4,14,14,44,56,82,114,114,126,138,157,157,157],"floor_reached":16,"playtime":796,"items_purged":["Strike_R"],"score":191,"play_id":"c708805c-3afe-492b-8069-956eec49615d","local_time":"20190705003202","is_ascension_mode":true,"campfire_choices":[{"data":"Body Slam","floor":6,"key":"SMITH"},{"data":"Entrench","floor":11,"key":"SMITH"},{"data":"Evolve","floor":15,"key":"SMITH"}],"neow_cost":"NONE","seed_source_timestamp":13682976002543,"circlet_count":0,"master_deck":["AscendersBane","Strike_R","Strike_R","Strike_R","Strike_R","Defend_R","Defend_R","Defend_R","Defend_R","Bash","Power Through","Body Slam+1","Blood for Blood","Feel No Pain","Thunderclap","Entrench+1","Reaper","Heavy Blade","Evolve+1","Seeing Red","Second Wind"],"relics":["Burning Blood","Blue Candle","Ancient Tea Set","Blood Vial"],"potions_floor_usage":[7,10,12,14,16],"damage_taken":[{"damage":6,"enemies":"Cultist","floor":1,"turns":3},{"damage":11,"enemies":"Jaw Worm","floor":2,"turns":5},{"damage":10,"enemies":"Small Slimes","floor":3,"turns":5},{"damage":7,"enemies":"3 Louse","floor":5,"turns":3},{"damage":12,"enemies":"3 Sentries","floor":7,"turns":9},{"damage":21,"enemies":"Lots of Slimes","floor":8,"turns":5},{"damage":19,"enemies":"Gremlin Nob","floor":10,"turns":4},{"damage":5,"enemies":"Exordium Wildlife","floor":12,"turns":3},{"damage":27,"enemies":"Blue Slaver","floor":13,"turns":6},{"damage":4,"enemies":"Large Slime","floor":14,"turns":5},{"damage":62,"enemies":"Slime Boss","floor":16,"turns":8}],"seed_played":"85181252328906293","potions_obtained":[{"floor":5,"key":"Block Potion"},{"floor":8,"key":"FearPotion"},{"floor":10,"key":"Strength Potion"},{"floor":13,"key":"SkillPotion"},{"floor":14,"key":"GamblersBrew"}],"is_trial":false,"path_per_floor":["M","M","M","$","M","R","E","M","T","E","R","M","M","M","R","B"],"character_chosen":"IRONCLAD","items_purchased":["Feel No Pain"],"campfire_rested":0,"item_purchase_floors":[4],"current_hp_per_floor":[80,75,71,71,70,70,64,49,49,42,42,53,34,42,42,0],"gold":157,"neow_bonus":"TEN_PERCENT_HP_BONUS","is_prod":false,"is_daily":false,"chose_seed":false,"campfire_upgraded":3,"win_rate":0,"timestamp":1562250722,"path_taken":["M","M","M","$","M","R","E","?","T","E","R","M","M","M","R","BOSS"],"build_version":"2019-07-01","purchased_purges":1,"victory":false,"max_hp_per_floor":[88,88,88,88,88,88,88,88,88,88,88,88,88,88,88,88],"card_choices":[{"not_picked":["Clothesline","Twin Strike"],"picked":"Power Through","floor":1},{"not_picked":["Rupture","Shrug It Off"],"picked":"Body Slam","floor":2},{"not_picked":["Reckless Charge","Sever Soul"],"picked":"Blood for Blood","floor":3},{"not_picked":["Flex","Pommel Strike"],"picked":"Thunderclap","floor":5},{"not_picked":["Searing Blow","Pommel Strike"],"picked":"Entrench","floor":7},{"not_picked":["Clothesline","Rage"],"picked":"Reaper","floor":8},{"not_picked":["Entrench","Fire Breathing"],"picked":"Heavy Blade","floor":10},{"not_picked":["Combust","Shrug It Off"],"picked":"Evolve","floor":12},{"not_picked":["Corruption","Second Wind"],"picked":"Seeing Red","floor":13},{"not_picked":["Clash","Perfected Strike"],"picked":"Second Wind","floor":14}],"player_experience":923072,"relics_obtained":[{"floor":7,"key":"Blue Candle"},{"floor":9,"key":"Ancient Tea Set"},{"floor":10,"key":"Blood Vial"}],"event_choices":[],"is_beta":false,"boss_relics":[],"items_purged_floors":[4],"is_endless":false,"potions_floor_spawned":[5,8,10,13,14],"killed_by":"Slime Boss","ascension_level":13}