{"gold_per_floor":[111,127,145,320,320,320,337,337,337,353,353,371,402,34,34,133,133,150,169,185,185,185,185],"floor_reached":23,"playtime":982,"items_purged":["Doubt"],"score":193,"play_id":"a24cd884-2465-4f8e-8deb-0661c6e9fadd","local_time":"20190418161949","is_ascension_mode":false,"campfire_choices":[{"data":"Barricade","floor":6,"key":"SMITH"},{"floor":8,"key":"REST"},{"data":"Metallicize","floor":11,"key":"SMITH"},{"data":"Body Slam","floor":15,"key":"SMITH"}],"neow_cost":"TEN_PERCENT_HP_LOSS","seed_source_timestamp":15308110270048,"circlet_count":0,"master_deck":["Strike_R","Strike_R","Strike_R","Defend_R","Defend_R","Defend_R","Defend_R","Bash","Barricade+1","Perfected Strike","Metallicize+1","Shrug It Off","Blood for Blood","Anger","Body Slam+1","Dropkick","Power Through","Heavy Blade","Berserk","Headbutt","Flex","Seeing Red","True Grit","Perfected Strike"],"relics":["Black Blood","Gambling Chip","Ornamental Fan","Gremlin Horn","OrangePellets"],"potions_floor_usage":[13,16,20],"damage_taken":[{"damage":9,"enemies":"Small Slimes","floor":1,"turns":4},{"damage":2,"enemies":"2 Louse","floor":2,"turns":3},{"damage":3,"enemies":"Cultist","floor":3,"turns":3},{"damage":34,"enemies":"Lots of Slimes","floor":7,"turns":7},{"damage":8,"enemies":"Large Slime","floor":10,"turns":10},{"damage":13,"enemies":"Looter","floor":12,"turns":4},{"damage":9,"enemies":"3 Sentries","floor":13,"turns":9},{"damage":17,"enemies":"Hexaghost","floor":16,"turns":8},{"damage":10,"enemies":"Spheric Guardian","floor":18,"turns":10},{"damage":20,"enemies":"2 Thieves","floor":19,"turns":4},{"damage":12,"enemies":"Snake Plant","floor":20,"turns":5},{"damage":63,"enemies":"Slavers","floor":23,"turns":5}],"seed_played":"2810389348903021931","potions_obtained":[{"floor":3,"key":"Explosive Potion"},{"floor":12,"key":"Energy Potion"},{"floor":13,"key":"LiquidBronze"},{"floor":18,"key":"AttackPotion"}],"is_trial":false,"path_per_floor":["M","M","M","?","?","R","M","R","T","M","R","M","E","$","R","B",null,"M","M","M","?","?","E"],"character_chosen":"IRONCLAD","items_purchased":["OrangePellets","Power Through","Heavy Blade"],"campfire_rested":1,"item_purchase_floors":[14,14,14],"current_hp_per_floor":[69,72,72,72,72,72,44,65,65,63,63,56,53,53,53,42,72,72,62,60,60,60,0],"gold":185,"neow_bonus":"THREE_RARE_CARDS","is_prod":false,"is_daily":false,"chose_seed":false,"campfire_upgraded":3,"win_rate":0,"timestamp":1555568389,"path_taken":["M","M","M","?","?","R","M","R","T","?","R","?","E","$","R","BOSS","M","M","M","?","?","E"],"build_version":"2019-01-23","purchased_purges":1,"victory":false,"max_hp_per_floor":[72,72,72,72,72,72,72,72,72,72,72,72,72,72,72,72,72,72,72,72,72,72,72],"card_choices":[{"not_picked":["Brutality","Bludgeon"],"picked":"Barricade","floor":0},{"not_picked":["Warcry","Pummel"],"picked":"Perfected Strike","floor":1},{"not_picked":["Pommel Strike","Intimidate"],"picked":"Metallicize","floor":2},{"not_picked":["Cleave","Seeing Red"],"picked":"Shrug It Off","floor":3},{"not_picked":["Rampage","Twin Strike"],"picked":"Blood for Blood","floor":7},{"not_picked":["Warcry","Clothesline"],"picked":"Anger","floor":10},{"not_picked":["Evolve","Offering"],"picked":"Body Slam","floor":12},{"not_picked":["Clash","Cleave"],"picked":"Dropkick","floor":13},{"not_picked":["Limit Break","Immolate"],"picked":"Berserk","floor":16},{"not_picked":["Perfected Strike","Thunderclap"],"picked":"Headbutt","floor":18},{"not_picked":["Carnage","Clash"],"picked":"Flex","floor":19},{"not_picked":["Combust","Metallicize"],"picked":"Seeing Red","floor":20}],"player_experience":334536,"relics_obtained":[{"floor":9,"key":"Ornamental Fan"},{"floor":13,"key":"Gremlin Horn"}],"event_choices":[{"damage_healed":0,"gold_gain":175,"player_choice":"AGREE","damage_taken":0,"max_hp_gain":0,"max_hp_loss":0,"event_name":"Liars Game","floor":4,"gold_loss":0,"cards_obtained":["Doubt"]},{"damage_healed":0,"gold_gain":0,"player_choice":"Gave Potion","damage_taken":0,"relics_obtained":["Gambling Chip"],"max_hp_gain":0,"max_hp_loss":0,"event_name":"WeMeetAgain","floor":5,"gold_loss":0},{"damage_healed":0,"gold_gain":0,"cards_transformed":["Strike_R","Strike_R"],"player_choice":"Became Test Subject","damage_taken":0,"max_hp_gain":0,"max_hp_loss":0,"event_name":"Drug Dealer","floor":21,"gold_loss":0,"cards_obtained":["True Grit","Perfected Strike"]},{"damage_healed":0,"gold_gain":0,"player_choice":"Ignored","damage_taken":0,"max_hp_gain":0,"max_hp_loss":0,"event_name":"NoteForYourself","floor":22,"gold_loss":0}],"is_beta":false,"boss_relics":[{"not_picked":["Tiny House","Black Star"],"picked":"Black Blood"}],"items_purged_floors":[14],"is_endless":false,"potions_floor_spawned":[3,12,13,18],"killed_by":"Slavers","ascension_level":0}