{"gold_per_floor":[112,124,141,156,67,67,101,117,117,117],"floor_reached":10,"playtime":550,"items_purged":[],"score":112,"play_id":"0696f3ed-eb10-4d80-ae64-c3666efa4865","local_time":"20190702214512","is_ascension_mode":true,"campfire_choices":[{"data":"Neutralize","floor":6,"key":"SMITH"}],"neow_cost":"NONE","seed_source_timestamp":24613329990517,"circlet_count":0,"master_deck":["AscendersBane","Strike_G","Strike_G","Strike_G","Strike_G","Strike_G","Defend_G","Defend_G","Defend_G","Defend_G","Defend_G","Survivor","Neutralize+1","Poisoned Stab","Footwork","Leg Sweep","Cloak And Dagger","Dash","Backflip","PiercingWail","Dagger Spray"],"relics":["Ring of the Snake","Bag of Marbles","Calipers","Ginger"],"potions_floor_usage":[4,10],"damage_taken":[{"damage":2,"enemies":"Cultist","floor":1,"turns":4},{"damage":0,"enemies":"2 Louse","floor":2,"turns":2},{"damage":3,"enemies":"Small Slimes","floor":3,"turns":4},{"damage":6,"enemies":"2 Fungi Beasts","floor":4,"turns":5},{"damage":26,"enemies":"3 Sentries","floor":7,"turns":12},{"damage":7,"enemies":"Large Slime","floor":8,"turns":8},{"damage":19,"enemies":"Gremlin Nob","floor":10,"turns":3}],"seed_played":"8684409801098472180","potions_obtained":[{"floor":2,"key":"GamblersBrew"},{"floor":7,"key":"SkillPotion"}],"is_trial":false,"path_per_floor":["M","M","M","M","$","R","E","M","T","E"],"character_chosen":"THE_SILENT","items_purchased":["Dash","Backflip"],"campfire_rested":0,"item_purchase_floors":[5,5],"current_hp_per_floor":[61,61,58,52,52,52,26,19,19,0],"gold":117,"neow_bonus":"RANDOM_COMMON_RELIC","is_prod":false,"is_daily":false,"chose_seed":false,"campfire_upgraded":1,"win_rate":0,"timestamp":1562067912,"path_taken":["M","M","M","M","$","R","E","M","T","E"],"build_version":"2019-07-01","purchased_purges":0,"victory":false,"max_hp_per_floor":[70,70,70,70,70,70,70,70,70,70],"card_choices":[{"not_picked":["Deadly Poison","Cloak And Dagger"],"picked":"Poisoned Stab","floor":1},{"not_picked":["Deadly Poison","Accuracy"],"picked":"Footwork","floor":2},{"not_picked":["Backflip","Deflect"],"picked":"Leg Sweep","floor":3},{"not_picked":["Terror","Leg Sweep"],"picked":"Cloak And Dagger","floor":4},{"not_picked":["Dagger Throw","Backflip"],"picked":"PiercingWail","floor":7},{"not_picked":["Blade Dance","Leg Sweep"],"picked":"Dagger Spray","floor":8}],"player_experience":908688,"relics_obtained":[{"floor":7,"key":"Calipers"},{"floor":9,"key":"Ginger"}],"event_choices":[],"is_beta":false,"boss_relics":[],"items_purged_floors":[],"is_endless":false,"potions_floor_spawned":[2,7],"killed_by":"Gremlin Nob","ascension_level":12}