{"gold_per_floor":[115,128,146,146,170,170,210,210,210,235,235,200,535,556,556,652,652,671,2,41,56,70,70],"floor_reached":23,"playtime":776,"items_purged":["Injury"],"score":355,"play_id":"de63711c-0c0d-4d8d-a1aa-1d8ac21bd54f","local_time":"20190717015129","is_ascension_mode":true,"campfire_choices":[{"data":"Neutralize","floor":6,"key":"SMITH"},{"floor":8,"key":"REST"},{"floor":11,"key":"REST"},{"data":"A Thousand Cuts","floor":15,"key":"SMITH"}],"neow_cost":"NONE","seed_source_timestamp":71794315236170,"circlet_count":0,"master_deck":["AscendersBane","Strike_G","Strike_G","Strike_G","Strike_G","Strike_G","Defend_G+1","Defend_G","Defend_G","Defend_G","Defend_G","Survivor","Neutralize+1","Dagger Spray","Bouncing Flask","Crippling Poison","Dash","Backflip+1","Crippling Poison","Cloak And Dagger","A Thousand Cuts+1","Tools of the Trade","Deadly Poison","Noxious Fumes","Blur","Tactician"],"relics":["Ring of the Snake","Bag of Marbles","Golden Idol","Centennial Puzzle","Letter Opener","Old Coin","Philosopher\u0027s Stone","Dream Catcher","War Paint","ClockworkSouvenir","Red Mask"],"potions_floor_usage":[5,7,13,16,20,22,23],"damage_taken":[{"damage":0,"enemies":"Cultist","floor":1,"turns":4},{"damage":0,"enemies":"Small Slimes","floor":2,"turns":2},{"damage":12,"enemies":"Jaw Worm","floor":3,"turns":3},{"damage":19,"enemies":"Large Slime","floor":5,"turns":4},{"damage":25,"enemies":"Lagavulin","floor":7,"turns":7},{"damage":2,"enemies":"2 Fungi Beasts","floor":10,"turns":3},{"damage":13,"enemies":"Gremlin Nob","floor":13,"turns":4},{"damage":4,"enemies":"Exordium Wildlife","floor":14,"turns":3},{"damage":16,"enemies":"Hexaghost","floor":16,"turns":9},{"damage":11,"enemies":"Spheric Guardian","floor":18,"turns":4},{"damage":11,"enemies":"Masked Bandits","floor":20,"turns":3},{"damage":15,"enemies":"2 Thieves","floor":21,"turns":5},{"damage":7,"enemies":"Chosen and Byrds","floor":22,"turns":5},{"damage":15,"enemies":"Gremlin Leader","floor":23,"turns":1}],"seed_played":"-7092542763228490806","potions_obtained":[{"floor":1,"key":"Swift Potion"},{"floor":2,"key":"Explosive Potion"},{"floor":5,"key":"FearPotion"},{"floor":13,"key":"PowerPotion"},{"floor":18,"key":"Block Potion"},{"floor":20,"key":"EssenceOfSteel"},{"floor":22,"key":"Ancient Potion"}],"is_trial":false,"path_per_floor":["M","M","M","?","M","R","E","R","T","M","R","?","E","M","R","B",null,"M","$","?","M","M","E"],"character_chosen":"THE_SILENT","items_purchased":["Noxious Fumes","Dream Catcher","War Paint","ClockworkSouvenir","SkillPotion"],"campfire_rested":2,"item_purchase_floors":[19,19,19,19,19],"current_hp_per_floor":[59,59,47,47,28,28,3,22,22,20,39,55,42,38,38,22,55,44,44,33,18,11,0],"gold":70,"neow_bonus":"RANDOM_COMMON_RELIC","is_prod":false,"is_daily":false,"chose_seed":true,"campfire_upgraded":2,"win_rate":0,"timestamp":1563292289,"path_taken":["M","M","?","?","M","R","E","R","T","M","R","?","E","M","R","BOSS","M","$","?","M","M","E"],"build_version":"2019-07-05","purchased_purges":1,"victory":false,"max_hp_per_floor":[66,66,66,66,66,66,66,66,66,66,66,66,66,66,66,66,66,66,66,66,66,66,66],"card_choices":[{"not_picked":["Tactician","Dodge and Roll"],"picked":"Dagger Spray","floor":1},{"not_picked":["Reflex","Poisoned Stab"],"picked":"Bouncing Flask","floor":2},{"not_picked":["Dagger Spray","Endless Agony"],"picked":"Crippling Poison","floor":3},{"not_picked":["Blade Dance","Deflect"],"picked":"Dash","floor":5},{"not_picked":["Envenom","Riddle With Holes"],"picked":"Backflip","floor":7},{"not_picked":["Skewer","Slice"],"picked":"Crippling Poison","floor":10},{"not_picked":["Tactician","Choke"],"picked":"Cloak And Dagger","floor":13},{"not_picked":["Slice","Dagger Throw"],"picked":"A Thousand Cuts","floor":14},{"not_picked":["Night Terror","Venomology"],"picked":"Tools of the Trade","floor":16},{"not_picked":["Slice","Caltrops"],"picked":"Deadly Poison","floor":18},{"not_picked":["PiercingWail","Bane"],"picked":"Blur","floor":20},{"not_picked":["Endless Agony","Deflect","Finisher"],"picked":"SKIP","floor":21},{"not_picked":["PiercingWail","Prepared"],"picked":"Tactician","floor":22}],"player_experience":997718,"relics_obtained":[{"floor":7,"key":"Centennial Puzzle"},{"floor":9,"key":"Letter Opener"},{"floor":13,"key":"Old Coin"},{"floor":20,"key":"Red Mask"}],"event_choices":[{"damage_healed":0,"gold_gain":0,"player_choice":"Take Wound","damage_taken":0,"relics_obtained":["Golden Idol"],"max_hp_gain":0,"max_hp_loss":0,"event_name":"Golden Idol","floor":4,"gold_loss":0,"cards_obtained":["Injury"]},{"damage_healed":16,"gold_gain":0,"player_choice":"Healed","damage_taken":0,"max_hp_gain":0,"max_hp_loss":0,"event_name":"The Cleric","floor":12,"gold_loss":35},{"damage_healed":0,"gold_gain":0,"player_choice":"Fought Bandits","damage_taken":0,"max_hp_gain":0,"max_hp_loss":0,"event_name":"Masked Bandits","floor":20,"gold_loss":0}],"is_beta":false,"boss_relics":[{"not_picked":["Tiny House","HoveringKite"],"picked":"Philosopher\u0027s Stone"}],"items_purged_floors":[19],"is_endless":false,"potions_floor_spawned":[1,2,5,13,18,20,21,22],"killed_by":"Gremlin Leader","ascension_level":15}