{"gold_per_floor":[116,135,147,147,162,194,79,97,97,120,153,164,181,200,200,301,301],"floor_reached":17,"playtime":880,"items_purged":["Strike_G"],"score":180,"play_id":"43ea6705-fc99-4b1c-9de6-ffd0fb07aded","local_time":"20190421000214","is_ascension_mode":true,"campfire_choices":[{"floor":15,"key":"REST"}],"neow_cost":"NONE","seed_source_timestamp":35990622239749,"circlet_count":0,"master_deck":["Defend_G","Defend_G","Defend_G","Defend_G","Defend_G","Strike_G","Strike_G","Strike_G","Strike_G","Survivor","Neutralize","Underhanded Strike","Bane","Poisoned Stab","Backflip","Accuracy","Cloak And Dagger","Cloak And Dagger","Dagger Spray","Flechettes","Catalyst","Bullet Time"],"relics":["Velvet Choker","Gremlin Horn","Unceasing Top","Bag of Marbles","Sundial","WristBlade"],"potions_floor_usage":[11,13,16,16],"damage_taken":[{"damage":0,"enemies":"Small Slimes","floor":1,"turns":4},{"damage":1,"enemies":"Cultist","floor":2,"turns":3},{"damage":8,"enemies":"2 Louse","floor":3,"turns":3},{"damage":2,"enemies":"2 Fungi Beasts","floor":5,"turns":5},{"damage":14,"enemies":"3 Sentries","floor":6,"turns":8},{"damage":15,"enemies":"Large Slime","floor":8,"turns":7},{"damage":13,"enemies":"Gremlin Nob","floor":11,"turns":4},{"damage":0,"enemies":"Blue Slaver","floor":12,"turns":5},{"damage":4,"enemies":"Gremlin Gang","floor":13,"turns":4},{"damage":0,"enemies":"Exordium Thugs","floor":14,"turns":5},{"damage":22,"enemies":"Slime Boss","floor":16,"turns":14}],"seed_played":"3645746566117305420","potions_obtained":[{"floor":3,"key":"FearPotion"},{"floor":8,"key":"GamblersBrew"},{"floor":11,"key":"Dexterity Potion"},{"floor":14,"key":"Fire Potion"}],"is_trial":false,"path_per_floor":["M","M","M","?","M","E","$","M","T","T","E","M","M","M","R","B",null],"character_chosen":"THE_SILENT","items_purchased":["Accuracy"],"campfire_rested":1,"item_purchase_floors":[7],"current_hp_per_floor":[70,69,61,70,68,54,54,39,39,39,26,26,22,22,43,21,70],"gold":301,"neow_bonus":"BOSS_RELIC","is_prod":false,"is_daily":false,"chose_seed":false,"campfire_upgraded":0,"win_rate":0,"timestamp":1555768934,"path_taken":["M","M","M","?","M","E","$","?","T","?","E","M","M","M","R","BOSS"],"build_version":"2019-01-23","purchased_purges":1,"victory":false,"max_hp_per_floor":[70,70,70,70,70,70,70,70,70,70,70,70,70,70,70,70,70],"card_choices":[{"not_picked":["Terror","Acrobatics"],"picked":"Underhanded Strike","floor":1},{"not_picked":["Calculated Gamble","Endless Agony"],"picked":"Infinite Blades","floor":2},{"not_picked":["Infinite Blades","Underhanded Strike"],"picked":"Bane","floor":3},{"not_picked":["Riddle With Holes","Bane"],"picked":"Poisoned Stab","floor":5},{"not_picked":["Blade Dance","Prepared"],"picked":"Backflip","floor":6},{"not_picked":["Sucker Punch","Deflect"],"picked":"Cloak And Dagger","floor":8},{"not_picked":["Blade Dance","Wraith Form v2"],"picked":"Cloak And Dagger","floor":11},{"not_picked":["Endless Agony","Acrobatics"],"picked":"Dagger Spray","floor":12},{"not_picked":["Heel Hook","Accuracy"],"picked":"Flechettes","floor":13},{"not_picked":["Choke","Blade Dance"],"picked":"Catalyst","floor":14},{"not_picked":["After Image","Night Terror"],"picked":"Bullet Time","floor":16}],"player_experience":366794,"relics_obtained":[{"floor":6,"key":"Gremlin Horn"},{"floor":9,"key":"Unceasing Top"},{"floor":10,"key":"Bag of Marbles"},{"floor":11,"key":"Sundial"}],"event_choices":[{"cards_removed":["Infinite Blades"],"damage_healed":9,"gold_gain":0,"player_choice":"Offered Uncommon","damage_taken":0,"max_hp_gain":0,"max_hp_loss":0,"event_name":"Bonfire Elementals","floor":4,"gold_loss":0}],"is_beta":false,"boss_relics":[{"not_picked":["Runic Pyramid","Orrery"],"picked":"WristBlade"}],"items_purged_floors":[7],"is_endless":false,"potions_floor_spawned":[3,8,11,14],"ascension_level":1}