{"gold_per_floor":[115,115,126,143,161,161,175,201,201,77,95,95,95,50,50,154,154,174,174,192,217,217,244,244,244],"floor_reached":25,"playtime":889,"items_purged":["Pain"],"score":232,"play_id":"3677aea7-a50a-4884-80d3-5a7c309225a7","local_time":"20190114100902","is_ascension_mode":true,"campfire_choices":[{"data":"Die Die Die","floor":6,"key":"SMITH"},{"data":"Bane","floor":12,"key":"SMITH"},{"floor":15,"key":"REST"},{"floor":24,"key":"REST"}],"neow_cost":"NONE","seed_source_timestamp":417406373007128,"circlet_count":0,"master_deck":["Defend_G","Defend_G","Defend_G","Defend_G","Defend_G","Strike_G","Strike_G","Strike_G","Strike_G","Survivor","Neutralize","Die Die Die+1","Prepared","Bouncing Flask","Flying Knee","Quick Slash","Bane+1","Poisoned Stab","Deadly Poison+1","Corpse Explosion+1","Backflip+1","Writhe","Slice"],"relics":["Ring of the Snake","WarpedTongs","Shuriken","Toxic Egg 2","Boot","Black Star","Dream Catcher","Singing Bowl","Paper Crane","Mummified Hand"],"potions_floor_usage":[23],"damage_taken":[{"damage":0,"enemies":"Jaw Worm","floor":1,"turns":4},{"damage":3,"enemies":"Cultist","floor":3,"turns":3},{"damage":1,"enemies":"2 Louse","floor":4,"turns":2},{"damage":4,"enemies":"Exordium Thugs","floor":5,"turns":3},{"damage":1,"enemies":"2 Fungi Beasts","floor":7,"turns":2},{"damage":19,"enemies":"Lagavulin","floor":8,"turns":6},{"damage":10,"enemies":"Looter","floor":11,"turns":2},{"damage":51,"enemies":"The Guardian","floor":16,"turns":8},{"damage":18,"enemies":"Shell Parasite","floor":18,"turns":4},{"damage":20,"enemies":"Spheric Guardian","floor":20,"turns":4},{"damage":22,"enemies":"Gremlin Leader","floor":23,"turns":7},{"damage":33,"enemies":"Book of Stabbing","floor":25,"turns":5}],"seed_played":"514368410517251826","potions_obtained":[{"floor":3,"key":"LiquidBronze"},{"floor":8,"key":"SteroidPotion"},{"floor":11,"key":"EssenceOfSteel"}],"is_trial":false,"path_per_floor":["M","?","M","M","M","R","M","E","T","$","M","R","T","$","R","B",null,"M","?","M","T","?","E","R","E"],"character_chosen":"THE_SILENT","items_purchased":["Bane","Deadly Poison+1"],"campfire_rested":2,"item_purchase_floors":[10,14],"current_hp_per_floor":[70,70,67,66,62,62,61,42,42,42,32,32,32,32,53,2,70,52,52,32,32,32,12,33,0],"gold":244,"neow_bonus":"ONE_RANDOM_RARE_CARD","is_prod":false,"is_daily":false,"chose_seed":false,"campfire_upgraded":2,"win_rate":0,"timestamp":1547478542,"path_taken":["M","?","M","?","?","R","M","E","T","$","M","R","?","?","R","BOSS","M","?","M","?","?","E","R","E"],"build_version":"2019-01-10","purchased_purges":1,"victory":false,"max_hp_per_floor":[70,70,70,70,70,70,70,70,70,70,70,70,70,70,70,70,70,70,70,70,70,70,72,72,72],"card_choices":[{"not_picked":["Cloak And Dagger","Flying Knee"],"picked":"Prepared","floor":1},{"not_picked":["Sucker Punch","Escape Plan"],"picked":"Bouncing Flask","floor":3},{"not_picked":["Setup","PiercingWail","Slice"],"picked":"SKIP","floor":4},{"not_picked":["Quick Slash","Blade Dance"],"picked":"Flying Knee","floor":5},{"not_picked":["Tactician","Underhanded Strike"],"picked":"Quick Slash","floor":7},{"not_picked":["Bouncing Flask","Escape Plan","PiercingWail"],"picked":"SKIP","floor":8},{"not_picked":["Sucker Punch","Deflect+1"],"picked":"Poisoned Stab","floor":11},{"not_picked":["Bullet Time+1","Die Die Die"],"picked":"Corpse Explosion+1","floor":16},{"not_picked":["Poisoned Stab","Flying Knee"],"picked":"Backflip+1","floor":18},{"not_picked":["Dagger Spray+1","Skewer","Eviscerate+1"],"picked":"SKIP","floor":20},{"not_picked":["Bane","Concentrate+1","After Image"],"picked":"Singing Bowl","floor":23},{"not_picked":["Distraction+1","Flying Knee"],"picked":"Slice","floor":24}],"player_experience":70498,"relics_obtained":[{"floor":8,"key":"Shuriken"},{"floor":9,"key":"Toxic Egg 2"},{"floor":13,"key":"Boot"},{"floor":21,"key":"Dream Catcher"},{"floor":23,"key":"Paper Crane"},{"floor":23,"key":"Mummified Hand"}],"event_choices":[{"damage_healed":0,"gold_gain":0,"player_choice":"Rummage","damage_taken":0,"relics_obtained":["WarpedTongs"],"max_hp_gain":0,"max_hp_loss":0,"event_name":"Accursed Blacksmith","floor":2,"gold_loss":0,"cards_obtained":["Pain"]},{"cards_removed":["Strike_G"],"damage_healed":0,"gold_gain":0,"player_choice":"Elegance","damage_taken":0,"max_hp_gain":0,"max_hp_loss":0,"event_name":"Back to Basics","floor":19,"gold_loss":0},{"damage_healed":0,"gold_gain":0,"player_choice":"Opened","damage_taken":0,"relics_obtained":["Singing Bowl"],"max_hp_gain":0,"max_hp_loss":0,"event_name":"The Mausoleum","floor":22,"gold_loss":0,"cards_obtained":["Writhe"]}],"is_beta":false,"boss_relics":[{"not_picked":["Velvet Choker","Eternal Feather"],"picked":"Black Star"}],"items_purged_floors":[10],"is_endless":false,"potions_floor_spawned":[3,8,11],"killed_by":"Book of Stabbing","ascension_level":1}