{"gold_per_floor":[15,15,15,27,27,58,70,82,94,126,138,162,174,249,261,273],"floor_reached":16,"playtime":402,"items_purged":[],"score":98,"play_id":"6c33e5ed-3a11-44b7-9eb4-50ec127aea40","local_time":"20190328225525","is_ascension_mode":false,"campfire_choices":[{"floor":8,"key":"REST"},{"floor":11,"key":"REST"},{"floor":15,"key":"REST"}],"neow_cost":"NO_GOLD","seed_source_timestamp":32386860826869,"circlet_count":0,"master_deck":["Strike_R","Strike_R","Strike_R","Strike_R","Strike_R","Defend_R","Defend_R","Defend_R","Defend_R","Bash","Double Tap","Rampage","Reckless Charge","True Grit","Twin Strike","Metallicize","Regret","Pommel Strike"],"relics":["Burning Blood","Calipers","MawBank","The Courier","Bag of Marbles","Potion Belt"],"potions_floor_usage":[14,16,16],"damage_taken":[{"damage":20,"enemies":"Small Slimes","floor":1,"turns":3},{"damage":2,"enemies":"2 Louse","floor":4,"turns":2},{"damage":43,"enemies":"3 Sentries","floor":6,"turns":10},{"damage":8,"enemies":"Jaw Worm","floor":10,"turns":3},{"damage":16,"enemies":"2 Fungi Beasts","floor":12,"turns":4},{"damage":49,"enemies":"Lagavulin Event","floor":14,"turns":7},{"damage":43,"enemies":"Hexaghost","floor":16,"turns":9}],"seed_played":"-4520513680001864003","potions_obtained":[{"floor":6,"key":"Energy Potion"},{"floor":10,"key":"GamblersBrew"},{"floor":14,"key":"Weak Potion"}],"is_trial":false,"path_per_floor":["M","?","?","M","?","E","$","R","T","M","R","M","?","?","R","B"],"character_chosen":"IRONCLAD","items_purchased":[],"campfire_rested":3,"item_purchase_floors":[],"current_hp_per_floor":[66,66,59,63,63,26,26,50,50,48,72,62,62,19,43,0],"gold":273,"neow_bonus":"THREE_RARE_CARDS","is_prod":false,"is_daily":false,"chose_seed":false,"campfire_upgraded":0,"win_rate":0,"timestamp":1553777725,"path_taken":["M","?","?","M","?","E","$","R","T","M","R","M","?","?","R","BOSS"],"build_version":"2019-01-23","purchased_purges":0,"victory":false,"max_hp_per_floor":[80,80,80,80,80,80,80,80,80,80,80,80,80,80,80,80],"card_choices":[{"not_picked":["Offering","Demon Form"],"picked":"Double Tap","floor":0},{"not_picked":["Perfected Strike","Wild Strike"],"picked":"Rampage","floor":1},{"not_picked":["Havoc","Carnage"],"picked":"Reckless Charge","floor":4},{"not_picked":["Juggernaut","Warcry"],"picked":"True Grit","floor":6},{"not_picked":["Anger","Seeing Red"],"picked":"Twin Strike","floor":10},{"not_picked":["Sword Boomerang","Warcry"],"picked":"Metallicize","floor":12},{"not_picked":["Twin Strike","Clash"],"picked":"Pommel Strike","floor":14}],"player_experience":256790,"relics_obtained":[{"floor":6,"key":"MawBank"},{"floor":9,"key":"The Courier"},{"floor":14,"key":"Potion Belt"}],"event_choices":[{"damage_healed":0,"gold_gain":0,"player_choice":"Ignored","damage_taken":0,"max_hp_gain":0,"max_hp_loss":0,"event_name":"Golden Wing","floor":2,"gold_loss":0},{"damage_healed":0,"gold_gain":0,"player_choice":"Success","damage_taken":7,"relics_obtained":["Calipers"],"max_hp_gain":0,"max_hp_loss":0,"event_name":"Scrap Ooze","floor":3,"gold_loss":0},{"damage_healed":0,"gold_gain":0,"player_choice":"Leave","damage_taken":0,"max_hp_gain":0,"max_hp_loss":0,"event_name":"The Cleric","floor":5,"gold_loss":0},{"damage_healed":0,"gold_gain":0,"player_choice":"Box","damage_taken":0,"relics_obtained":["Bag of Marbles"],"max_hp_gain":0,"max_hp_loss":0,"event_name":"Big Fish","floor":13,"gold_loss":0,"cards_obtained":["Regret"]},{"damage_healed":0,"gold_gain":30,"player_choice":"Searched \u00272\u0027 times","damage_taken":0,"max_hp_gain":0,"max_hp_loss":0,"event_name":"Dead Adventurer","floor":14,"gold_loss":0}],"is_beta":false,"boss_relics":[],"items_purged_floors":[],"is_endless":false,"potions_floor_spawned":[6,10,14],"killed_by":"Hexaghost","ascension_level":0}