{"gold_per_floor":[142,152,152,152,152,152,162,162,211,211,246,260,286,301,301,301],"floor_reached":16,"playtime":620,"items_purged":[],"score":116,"play_id":"8decdbfb-f7d8-45a6-aae9-b1180e99064c","local_time":"20190421002837","is_ascension_mode":true,"campfire_choices":[{"data":"Neutralize","floor":6,"key":"SMITH"},{"floor":10,"key":"RECALL"},{"floor":15,"key":"REST"}],"neow_cost":"NONE","seed_source_timestamp":37835031608915,"circlet_count":0,"master_deck":["Defend_G","Defend_G","Defend_G","Defend_G","Defend_G","Strike_G","Strike_G","Strike_G","Strike_G","Survivor","Neutralize+1","Dagger Throw","Blade Dance","Dash","Regret","Backflip","Prepared","Footwork","Backflip","Bane"],"relics":["Ring of the Snake","Tiny Chest","Ginger","Happy Flower","Strawberry","Gambling Chip","Bottled Tornado"],"potions_floor_usage":[11,11],"damage_taken":[{"damage":2,"enemies":"Small Slimes","floor":1,"turns":4},{"damage":0,"enemies":"2 Louse","floor":2,"turns":2},{"damage":1,"enemies":"Cultist","floor":7,"turns":4},{"damage":37,"enemies":"Gremlin Nob","floor":11,"turns":5},{"damage":0,"enemies":"Exordium Wildlife","floor":12,"turns":3},{"damage":28,"enemies":"Lagavulin","floor":13,"turns":9},{"damage":6,"enemies":"Large Slime","floor":14,"turns":9},{"damage":32,"enemies":"The Guardian","floor":16,"turns":8}],"seed_played":"714133465605650054","potions_obtained":[{"floor":2,"key":"FearPotion"},{"floor":7,"key":"SneckoOil"}],"is_trial":false,"path_per_floor":["M","M","?","?","T","R","M","T","T","R","E","M","E","M","R","B"],"character_chosen":"THE_SILENT","items_purchased":[],"campfire_rested":1,"item_purchase_floors":[],"current_hp_per_floor":[68,68,68,68,68,68,67,67,74,74,37,37,9,3,26,0],"gold":301,"neow_bonus":"RANDOM_COMMON_RELIC","is_prod":false,"is_daily":false,"chose_seed":false,"campfire_upgraded":1,"win_rate":0,"timestamp":1555770517,"path_taken":["M","M","?","?","?","R","?","?","T","R","E","M","E","M","R","BOSS"],"build_version":"2019-01-23","purchased_purges":0,"victory":false,"max_hp_per_floor":[70,70,70,70,70,70,70,70,77,77,77,77,77,77,77,77],"card_choices":[{"not_picked":["Flying Knee","All Out Attack"],"picked":"Dagger Throw","floor":1},{"not_picked":["Outmaneuver","Prepared"],"picked":"Blade Dance","floor":2},{"not_picked":["Masterful Stab","Outmaneuver"],"picked":"Backflip","floor":7},{"not_picked":["Riddle With Holes","Eviscerate"],"picked":"Prepared","floor":11},{"not_picked":["Deadly Poison","Acrobatics"],"picked":"Footwork","floor":12},{"not_picked":["Phantasmal Killer","Slice"],"picked":"Backflip","floor":13},{"not_picked":["All Out Attack","Backflip"],"picked":"Bane","floor":14}],"player_experience":368614,"relics_obtained":[{"floor":5,"key":"Happy Flower"},{"floor":9,"key":"Strawberry"},{"floor":11,"key":"Gambling Chip"},{"floor":13,"key":"Bottled Tornado"}],"event_choices":[{"damage_healed":0,"gold_gain":0,"cards_transformed":["Strike_G"],"player_choice":"Change","damage_taken":0,"max_hp_gain":0,"max_hp_loss":0,"event_name":"Living Wall","floor":3,"gold_loss":0,"cards_obtained":["Dash"]},{"damage_healed":0,"gold_gain":0,"player_choice":"Box","damage_taken":0,"relics_obtained":["Ginger"],"max_hp_gain":0,"max_hp_loss":0,"event_name":"Big Fish","floor":4,"gold_loss":0,"cards_obtained":["Regret"]}],"is_beta":false,"boss_relics":[],"items_purged_floors":[],"is_endless":false,"potions_floor_spawned":[2,7],"killed_by":"The Guardian","ascension_level":1}