{"gold_per_floor":[113,128,128,228,239,239,273,273,273,302,312,328,328,355,355,454,454,473,473,473,483,493,493,525,553,553,553,563,592,621,621,621,725,725,743,763,763,781,706,706,739,739,821,821,848,848,455,469,469,469],"floor_reached":51,"playtime":2644,"items_purged":["Defend_B"],"score":821,"play_id":"dee5080b-8325-4edb-834a-221c65ca2031","local_time":"20190109034357","is_ascension_mode":false,"campfire_choices":[{"data":"Defragment","floor":6.0,"key":"SMITH"},{"data":"Zap","floor":8.0,"key":"SMITH"},{"floor":15.0,"key":"REST"},{"floor":23.0,"key":"REST"},{"floor":27.0,"key":"REST"},{"floor":32,"key":"REST"},{"data":"White Noise","floor":40,"key":"SMITH"},{"floor":44,"key":"REST"},{"floor":46,"key":"DIG"},{"floor":49,"key":"REST"}],"neow_cost":"NONE","seed_source_timestamp":1176030665072302,"circlet_count":0,"master_deck":["Strike_B","Strike_B+1","Strike_B","Defend_B+1","Defend_B","Zap+1","Dualcast","Capacitor","Defragment+1","Conserve Battery","Sweeping Beam","Chill","Machine Learning","Leap","Amplify","Coolheaded","Cold Snap+1","Conserve Battery+1","Cold Snap","Redo+1","Beam Cell","Leap","Electrodynamics","Conserve Battery+1","Hologram","White Noise+1","Ball Lightning","Loop","Blizzard"],"special_seed":0,"relics":["Cracked Core","WingedGreaves","StoneCalendar","Bag of Preparation","Regal Pillow","Black Star","Vajra","Enchiridion","Orichalcum","Strawberry","Bag of Marbles","Dream Catcher","Ancient Tea Set","Red Mask","Shovel","Blood Vial","Pantograph","Empty Cage","Pen Nib","Juzu Bracelet","Kunai","Happy Flower","Letter Opener","Bottled Lightning","Lantern","Meat on the Bone"],"potions_floor_usage":[33,50],"damage_taken":[{"damage":0.0,"enemies":"Small Slimes","floor":1.0,"turns":2.0},{"damage":1.0,"enemies":"Cultist","floor":2.0,"turns":3.0},{"damage":3.0,"enemies":"Jaw Worm","floor":5.0,"turns":3.0},{"damage":14.0,"enemies":"Lagavulin","floor":7.0,"turns":6.0},{"damage":13.0,"enemies":"Gremlin Nob","floor":10.0,"turns":4.0},{"damage":1.0,"enemies":"2 Fungi Beasts","floor":11.0,"turns":2.0},{"damage":4.0,"enemies":"Exordium Wildlife","floor":12.0,"turns":7.0},{"damage":22.0,"enemies":"Slime Boss","floor":16.0,"turns":7.0},{"damage":1.0,"enemies":"Shell Parasite","floor":18.0,"turns":7.0},{"damage":8.0,"enemies":"3 Byrds","floor":21.0,"turns":5.0},{"damage":27.0,"enemies":"Snake Plant","floor":22.0,"turns":4.0},{"damage":41.0,"enemies":"Book of Stabbing","floor":24.0,"turns":8.0},{"damage":22.0,"enemies":"Gremlin Leader","floor":25.0,"turns":7.0},{"damage":0,"enemies":"3 Cultists","floor":28,"turns":7},{"damage":41,"enemies":"Masked Bandits","floor":29,"turns":6},{"damage":11,"enemies":"Slavers","floor":30,"turns":7},{"damage":57,"enemies":"Champ","floor":33,"turns":21},{"damage":9,"enemies":"Orb Walker","floor":35,"turns":5},{"damage":6,"enemies":"3 Shapes","floor":36,"turns":2},{"damage":26,"enemies":"Transient","floor":38,"turns":5},{"damage":17,"enemies":"Nemesis","floor":41,"turns":7},{"damage":22,"enemies":"Reptomancer","floor":45,"turns":7},{"damage":0,"enemies":"Spire Growth","floor":48,"turns":4},{"damage":48,"enemies":"Donu and Deca","floor":50,"turns":7}],"seed_played":"-4105515855932376958","potions_obtained":[{"floor":1.0,"key":"FocusPotion"},{"floor":2.0,"key":"Strength Potion"},{"floor":5.0,"key":"SteroidPotion"},{"floor":11.0,"key":"SkillPotion"},{"floor":24.0,"key":"SpeedPotion"},{"floor":28,"key":"Swift Potion"},{"floor":33,"key":"Explosive Potion"},{"floor":36,"key":"Weak Potion"},{"floor":45,"key":"Regen Potion"},{"floor":48,"key":"FairyPotion"}],"is_trial":false,"path_per_floor":["M","M","?","?","M","R","E","R","T","E","M","M","?","T","R","B",null,"M","?","?","M","M","R","E","E","T","R","M","?","E","?","R","B",null,"M","M","?","M","$","R","E","?","T","R","E","R","$","M","R","B",null],"character_chosen":"DEFECT","items_purchased":["Lantern","Meat on the Bone"],"campfire_rested":6,"item_purchase_floors":[47,47],"current_hp_per_floor":[82,81,74,74,71,71,57,57,57,44,43,39,23,23,62,40,82,81,81,65,57,30,69,35,13,13,54,54,13,2,2,43,13,89,80,76,76,52,52,52,37,37,37,78,58,58,58,60,89,56],"gold":469,"neow_bonus":"TEN_PERCENT_HP_BONUS","is_prod":false,"is_daily":false,"chose_seed":false,"campfire_upgraded":3,"win_rate":0.0,"timestamp":1547023437,"path_taken":["M","M","?","?","M","R","E","R","T","E","?","M","?","?","R","BOSS","M","?","?","M","M","R","E","E","T","R","?","?","E","?","R","BOSS","M","?","?","M","?","R","E","?","T","R","E","R","$","M","R","BOSS"],"build_version":"2019-01-03v4","purchased_purges":1,"victory":true,"max_hp_per_floor":[82,82,82,82,82,82,82,82,82,82,82,82,82,82,82,82,82,82,82,82,82,82,82,89,89,89,89,89,89,89,89,89,89,89,89,89,89,89,89,89,89,89,89,89,89,89,89,89,89,89],"card_choices":[{"not_picked":["Gash","Rebound"],"picked":"Capacitor","floor":1.0},{"not_picked":["Storm","Undo"],"picked":"Defragment","floor":2.0},{"not_picked":["Undo","Doom and Gloom"],"picked":"Conserve Battery","floor":5.0},{"not_picked":["Heatsinks","Beam Cell"],"picked":"Sweeping Beam","floor":7.0},{"not_picked":["Gash","Sweeping Beam"],"picked":"Chill","floor":10.0},{"not_picked":["Beam Cell","Auto Shields"],"picked":"Machine Learning","floor":11.0},{"not_picked":["Heatsinks","Barrage"],"picked":"Leap","floor":12.0},{"not_picked":["Seek","Fission"],"picked":"Amplify","floor":16.0},{"not_picked":["FTL","Turbo+1"],"picked":"Coolheaded","floor":18.0},{"not_picked":["Undo","Streamline"],"picked":"Cold Snap+1","floor":21.0},{"not_picked":["FTL+1","Glacier","Turbo"],"picked":"SKIP","floor":22.0},{"not_picked":["Reinforced Body","Stack"],"picked":"Conserve Battery+1","floor":24.0},{"not_picked":["Genetic Algorithm","Streamline","Barrage"],"picked":"SKIP","floor":25.0},{"not_picked":["Sweeping Beam","Turbo"],"picked":"Cold Snap","floor":27.0},{"not_picked":["Steam Power","Chill+1"],"picked":"Redo+1","floor":28},{"not_picked":["Static Discharge","Machine Learning"],"picked":"Beam Cell","floor":29},{"not_picked":["Aggregate","Compile Driver","Fission"],"picked":"SKIP","floor":30},{"not_picked":["Steam Power","Sunder"],"picked":"Leap","floor":32},{"not_picked":["Reboot","Echo Form"],"picked":"Electrodynamics","floor":33},{"not_picked":["Auto Shields","Beam Cell"],"picked":"Conserve Battery+1","floor":35},{"not_picked":["Lockon","Reinforced Body"],"picked":"Hologram","floor":36},{"not_picked":["Self Repair","Cold Snap"],"picked":"White Noise","floor":38},{"not_picked":["Sweeping Beam+1","Stack","Chill"],"picked":"SKIP","floor":41},{"not_picked":["Beam Cell+1","Barrage+1"],"picked":"Ball Lightning","floor":44},{"not_picked":["Ball Lightning+1","Beam Cell+1"],"picked":"Loop","floor":45},{"not_picked":["Compile Driver+1","Capacitor","Hologram+1"],"picked":"SKIP","floor":48},{"not_picked":["Auto Shields+1","Gash"],"picked":"Blizzard","floor":49}],"player_experience":25656,"relics_obtained":[{"floor":7.0,"key":"WingedGreaves"},{"floor":9.0,"key":"StoneCalendar"},{"floor":10.0,"key":"Bag of Preparation"},{"floor":14.0,"key":"Regal Pillow"},{"floor":20.0,"key":"Enchiridion"},{"floor":24.0,"key":"Orichalcum"},{"floor":24.0,"key":"Strawberry"},{"floor":25.0,"key":"Bag of Marbles"},{"floor":25.0,"key":"Dream Catcher"},{"floor":26.0,"key":"Ancient Tea Set"},{"floor":29,"key":"Red Mask"},{"floor":30,"key":"Shovel"},{"floor":30,"key":"Blood Vial"},{"floor":41,"key":"Pen Nib"},{"floor":41,"key":"Juzu Bracelet"},{"floor":43,"key":"Kunai"},{"floor":45,"key":"Happy Flower"},{"floor":45,"key":"Letter Opener"},{"floor":46,"key":"Bottled Lightning"}],"event_choices":[{"cards_removed":["Strike_B"],"damage_healed":0.0,"max_hp_gain":0.0,"max_hp_loss":0.0,"gold_gain":0.0,"event_name":"Golden Wing","player_choice":"Card Removal","floor":3.0,"gold_loss":0.0,"damage_taken":7.0},{"damage_healed":0.0,"max_hp_gain":0.0,"max_hp_loss":0.0,"gold_gain":100.0,"event_name":"Golden Shrine","player_choice":"Pray","floor":4.0,"gold_loss":0.0,"damage_taken":0.0},{"damage_healed":0.0,"max_hp_gain":0.0,"max_hp_loss":0.0,"gold_gain":0.0,"event_name":"Shining Light","player_choice":"Entered Light","floor":13.0,"gold_loss":0.0,"damage_taken":16.0,"cards_upgraded":["Defend_B","Strike_B"]},{"damage_healed":0.0,"max_hp_gain":0.0,"max_hp_loss":0.0,"gold_gain":0.0,"event_name":"The Mausoleum","player_choice":"Opened","floor":19.0,"gold_loss":0.0,"damage_taken":0.0,"relics_obtained":["Vajra"],"cards_obtained":["Writhe"]},{"damage_healed":0.0,"max_hp_gain":0.0,"max_hp_loss":0.0,"gold_gain":0.0,"event_name":"Cursed Tome","player_choice":"Obtained Book","floor":20.0,"gold_loss":0.0,"damage_taken":16.0},{"damage_healed":0,"gold_gain":0,"player_choice":"Fought Bandits","damage_taken":0,"max_hp_gain":0,"max_hp_loss":0,"event_name":"Masked Bandits","floor":29,"gold_loss":0},{"damage_healed":0,"gold_gain":0,"player_choice":"Gave Potion","damage_taken":0,"relics_obtained":["Pantograph"],"max_hp_gain":0,"max_hp_loss":0,"event_name":"WeMeetAgain","floor":31,"gold_loss":0},{"damage_healed":0,"gold_gain":0,"player_choice":"Ignored","damage_taken":0,"max_hp_gain":0,"max_hp_loss":0,"event_name":"NoteForYourself","floor":37,"gold_loss":0},{"damage_healed":0,"gold_gain":0,"player_choice":"Ignored","damage_taken":0,"max_hp_gain":0,"max_hp_loss":0,"event_name":"The Moai Head","floor":42,"gold_loss":0}],"is_beta":false,"boss_relics":[{"not_picked":["Fusion Hammer","Inserter"],"picked":"Black Star"},{"not_picked":["Lizard Tail","White Beast Statue"],"picked":"Empty Cage"}],"items_purged_floors":[39],"is_endless":false,"potions_floor_spawned":[1,2,5,11,18,21,24,28,33,36,45,48],"ascension_level":0}