{"gold_per_floor":[113,132,132,307,145,178,178,195,277,277,309,319,332,349,349,446,446,464,584,427,427,427,456,474,490,490,501,501,501,511,526,592,690,690,708,721,735,751,751,751,751],"floor_reached":41,"playtime":3003,"items_purged":["Doubt"],"score":506,"play_id":"88226f02-9217-4476-9268-798ccb4e26b4","local_time":"20190624000111","is_ascension_mode":false,"campfire_choices":[{"floor":7,"key":"REST"},{"data":"Slimebound:Lick","floor":10,"key":"SMITH"},{"data":"Slimebound:CorrosiveSpit","floor":15,"key":"SMITH"},{"data":"Slimebound:ViciousTackle","floor":28,"key":"SMITH"},{"floor":40,"key":"REST"}],"neow_cost":"NONE","seed_source_timestamp":765455489203900,"circlet_count":0,"master_deck":["Slimebound:Strike_Slimebound","Slimebound:Strike_Slimebound","Slimebound:Tackle","Slimebound:Defend_Slimebound","Slimebound:Defend_Slimebound","Slimebound:Defend_Slimebound","Slimebound:Defend_Slimebound","Slimebound:Split","Slimebound:CorrosiveSpit+1","Slimebound:LeechEnergy","Slimebound:Grow","Slimebound:SplitBruiser","Slimebound:SplitBruiser","Slimebound:SlimeBarrage","Slimebound:Lick+1","Slimebound:SamplingLick","Slimebound:SamplingLick","Slimebound:LeechingTouch","Slimebound:HauntingLick","Slimebound:AcidTongue","Slimebound:ViciousTackle+1","Slimebound:ItLooksTasty","Slimebound:RejuvenatingLick","Slimebound:MinionMaster","Slimebound:HauntingLick","Slimebound:ItLooksTasty+1","Slimebound:RainOfGoop","Slimebound:ItLooksTasty+1","Slimebound:SelfFormingGoo","Slimebound:MinionMaster+1","Slimebound:DouseInSlime","Slimebound:SplitLeeching","Slimebound:AcidGelatin","Parasite"],"relics":["Slimebound:AbsorbEndCombat","halation:LettersToHer","hubris:DisguiseKit","hubris:CrystalStatue","Dodecahedron","hubris:VirtuousBlindfold","Garlic","Replay:Accelerometer","Black Star","halation:PapillonHeart"],"potions_floor_usage":[6,18,23,30,33,38],"damage_taken":[{"damage":7,"enemies":"Cultist","floor":1,"turns":4},{"damage":9,"enemies":"2 Louse","floor":2,"turns":2},{"damage":52,"enemies":"Gremlin Nob","floor":6,"turns":4},{"damage":25,"enemies":"Jaw Worm","floor":8,"turns":3},{"damage":31,"enemies":"Lagavulin","floor":11,"turns":5},{"damage":7,"enemies":"3 Louse","floor":12,"turns":2},{"damage":9,"enemies":"Blue Slaver","floor":13,"turns":3},{"damage":6,"enemies":"2 Fungi Beasts","floor":14,"turns":3},{"damage":52,"enemies":"Hexaghost","floor":16,"turns":10},{"damage":11,"enemies":"Shell Parasite","floor":18,"turns":5},{"damage":19,"enemies":"Spheric Guardian","floor":19,"turns":4},{"damage":42,"enemies":"Nightmare","floor":23,"turns":8},{"damage":14,"enemies":"Centurion and Healer","floor":24,"turns":6},{"damage":21,"enemies":"Snake Plant","floor":25,"turns":4},{"damage":9,"enemies":"Cultist and Chosen","floor":27,"turns":4},{"damage":20,"enemies":"Snecko","floor":29,"turns":4},{"damage":16,"enemies":"3 Cultists","floor":30,"turns":5},{"damage":9,"enemies":"Centurion and Healer","floor":31,"turns":5},{"damage":37,"enemies":"Pondfish","floor":33,"turns":7},{"damage":15,"enemies":"Orb Walker","floor":35,"turns":4},{"damage":42,"enemies":"3 Darklings","floor":36,"turns":7},{"damage":43,"enemies":"Writhing Mass","floor":37,"turns":8},{"damage":40,"enemies":"Maw","floor":38,"turns":6},{"damage":77,"enemies":"4 Shapes","floor":41,"turns":3}],"seed_played":"-1182270598906420203","potions_obtained":[{"floor":1,"key":"Fire Potion"},{"floor":13,"key":"SteroidPotion"},{"floor":14,"key":"Block Potion"},{"floor":16,"key":"Block Potion"},{"floor":23,"key":"infinitespire:BlackPotion"},{"floor":23,"key":"Block Potion"},{"floor":30,"key":"conspire:TimeTravelPotion"},{"floor":31,"key":"conspire:EchoDraught"},{"floor":37,"key":"Death Potion"}],"is_trial":false,"path_per_floor":["M","M","?","?","$","E","R","M","T","R","E","M","M","M","R","B",null,"M","M","$","?","?","NM","M","M","T","M","R","M","M","M","R","B",null,"M","M","M","M","?","R","M"],"character_chosen":"SLIMEBOUND","items_purchased":["Slimebound:SplitBruiser","halation:LettersToHer","Slimebound:RejuvenatingLick","Slimebound:MinionMaster"],"campfire_rested":2,"item_purchase_floors":[5,5,20,20],"current_hp_per_floor":[77,77,77,77,77,40,63,50,50,50,37,39,45,48,48,29,77,77,76,76,76,76,58,76,71,71,77,77,69,77,77,77,77,77,77,68,60,52,52,73,0],"gold":751,"neow_bonus":"TEN_PERCENT_HP_BONUS","is_prod":false,"is_daily":false,"chose_seed":false,"campfire_upgraded":3,"win_rate":0.0,"timestamp":1561348871,"path_taken":["M","?","?","?","$","E","R","M","T","R","E","M","M","M","R","BOSS","M","M","$","?","?","NM","M","M","T","M","R","?","?","M","R","BOSS","M","M","?","M","?","R","M"],"build_version":"2019-01-23","purchased_purges":1,"victory":false,"max_hp_per_floor":[77,77,77,77,77,77,77,77,77,77,77,77,77,77,77,77,77,77,77,77,77,77,77,77,77,77,77,77,77,77,77,77,77,77,77,77,77,77,73,73,73],"card_choices":[{"not_picked":["Slimebound:ServeAndProtect","Slimebound:SplitLeeching"],"picked":"Slimebound:LeechEnergy","floor":1},{"not_picked":["Slimebound:PressTheAttack","Slimebound:TendrilStrike"],"picked":"Slimebound:Grow","floor":2},{"not_picked":["Slimebound:ItLooksTasty","Slimebound:SplitBruiser"],"picked":"Slimebound:SlimeBarrage","floor":6},{"not_picked":["Slimebound:TongueLash","Slimebound:FlameTackle","Cloak And Dagger"],"picked":"Slimebound:Lick","floor":8},{"not_picked":["Slimebound:DuplicatedForm","Slimebound:ProtectTheBoss","hubris:SlightOfHand"],"picked":"Slimebound:SamplingLick","floor":11},{"not_picked":["Slimebound:SpikyOuterGoop","Slimebound:MinionMaster","Underhanded Strike"],"picked":"Slimebound:SamplingLick","floor":12},{"not_picked":["Slimebound:SplitMire","Slimebound:GoopTackle","conspire:PoisonWeapons"],"picked":"Slimebound:LeechingTouch","floor":13},{"not_picked":["Slimebound:ComboTackle","Slimebound:LivingWall","Leg Sweep"],"picked":"Slimebound:HauntingLick","floor":14},{"not_picked":["Slimebound:OozeBath","Slimebound:Overexert","Atom Bomb"],"picked":"Slimebound:AcidTongue","floor":16},{"not_picked":["Slimebound:ProtectTheBoss+1","Slimebound:SamplingLick+1","Sucker Punch"],"picked":"Slimebound:ViciousTackle","floor":18},{"not_picked":["Slimebound:ComboTackle","Slimebound:Prepare","Blade Dance"],"picked":"Slimebound:ItLooksTasty","floor":19},{"not_picked":["Slimebound:SplitLeeching","Slimebound:ServeAndProtect","Cloak And Dagger"],"picked":"Slimebound:ItLooksTasty+1","floor":23},{"not_picked":["Slimebound:GrowthPunch","Slimebound:SlimeSpikes","Reflex"],"picked":"Slimebound:RainOfGoop","floor":24},{"not_picked":["Slimebound:FlameTackle","Slimebound:VenomTackle","Acrobatics"],"picked":"Slimebound:ItLooksTasty+1","floor":25},{"not_picked":["Slimebound:SoulSicken+1","Slimebound:SplitBruiser","ReplayTheSpireMod:Shiv Toss"],"picked":"Slimebound:SelfFormingGoo","floor":27},{"not_picked":["Slimebound:SlimeSpikes","Slimebound:LeechEnergy","Slimebound:VenomTackle","Sucker Punch"],"picked":"SKIP","floor":29},{"not_picked":["Slimebound:GoopSpray","Slimebound:FirmFortitude+1","Slimebound:SlimeSpikes","ReplayTheSpireMod:Shiv Toss"],"picked":"SKIP","floor":30},{"not_picked":["Slimebound:HauntingLick+1","Slimebound:StudyTheSpire","Underhanded Strike"],"picked":"Slimebound:MinionMaster+1","floor":31},{"not_picked":["Slimebound:PrepareCrush","Slimebound:MassFeed","Adrenaline"],"picked":"Slimebound:DouseInSlime","floor":33},{"not_picked":["Slimebound:SamplingLick","Slimebound:Prepare+1","Bane"],"picked":"Slimebound:SplitLeeching","floor":35},{"not_picked":["Slimebound:MegaLick","Slimebound:Lick","Blade Dance"],"picked":"Slimebound:AcidGelatin","floor":36},{"not_picked":["Slimebound:FinishingTackle+1","Slimebound:SoulSicken+1","Slimebound:ItLooksTasty","hubris:SlightOfHand"],"picked":"SKIP","floor":37},{"not_picked":["Slimebound:Grow","Slimebound:SplitLeeching","Slimebound:FormOfPuddle","Slice"],"picked":"SKIP","floor":38}],"player_experience":116462,"relics_obtained":[{"floor":6,"key":"hubris:DisguiseKit"},{"floor":9,"key":"halation:LettersToHer"},{"floor":9,"key":"hubris:CrystalStatue"},{"floor":11,"key":"Dodecahedron"},{"floor":23,"key":"Garlic"},{"floor":26,"key":"halation:LettersToHer"},{"floor":26,"key":"Replay:Accelerometer"}],"event_choices":[{"damage_healed":0,"gold_gain":175,"player_choice":"AGREE","damage_taken":0,"max_hp_gain":0,"max_hp_loss":0,"event_name":"Liars Game","floor":4,"gold_loss":0,"cards_obtained":["Doubt"]},{"damage_healed":0,"gold_gain":0,"cards_transformed":["Slimebound:Strike_Slimebound"],"player_choice":"Transformed","damage_taken":0,"max_hp_gain":0,"max_hp_loss":0,"event_name":"Transmorgrifier","floor":22,"gold_loss":0,"cards_obtained":["Slimebound:HauntingLick"]}],"is_beta":false,"boss_relics":[{"not_picked":["aspiration:MobileForge","hubris:HollowSoul"],"picked":"hubris:VirtuousBlindfold"},{"not_picked":["Eternal Feather","hubris:GrandSneckoEye"],"picked":"Black Star"}],"items_purged_floors":[5],"is_endless":false,"potions_floor_spawned":[1,13,14,16,23,25,27,30,31,37],"killed_by":"4 Shapes","ascension_level":0}