{"gold_per_floor":[360,376,392,406,183,215,215,246,271,287,306,17,192,206,206,310,310,326,64,83,83,95,95,115,115,115,115,20,20,20,20,20,20],"floor_reached":33,"playtime":1690,"items_purged":["Doubt"],"score":346,"play_id":"29d4f628-8e43-4443-acc8-1129f836da09","local_time":"20190503121424","is_ascension_mode":true,"campfire_choices":[{"data":"Uppercut","floor":7,"key":"SMITH"},{"floor":15,"key":"REST"},{"floor":23,"key":"REST"},{"data":"Offering","floor":25,"key":"SMITH"},{"data":"Panacea","floor":29,"key":"SMITH"},{"floor":32,"key":"REST"}],"neow_cost":"TEN_PERCENT_HP_LOSS","seed_source_timestamp":601365631878,"circlet_count":0,"master_deck":["Strike_R","Strike_R","Strike_R","Strike_R","Strike_R","Defend_R","Defend_R","Defend_R","Defend_R","Bash","Rupture","Flex","Perfected Strike","Uppercut+1","Whirlwind","Sadistic Nature","Uppercut","Pommel Strike","True Grit","Cleave","Blood for Blood","Disarm","Offering+1","Shrug It Off","Power Through","Feel No Pain","Seeing Red","Rage","Pommel Strike","Panacea+1","Infernal Blade+1","RitualDagger","Burning Pact+1","Rupture+1","Bandage Up"],"relics":["Burning Blood","Gremlin Horn","Smiling Mask","Orichalcum","Meat on the Bone","Orrery","Tiny Chest","Question Card","MutagenicStrength"],"potions_floor_usage":[6,6,10,20,33],"damage_taken":[{"damage":9,"enemies":"Jaw Worm","floor":1,"turns":5},{"damage":3,"enemies":"2 Louse","floor":2,"turns":3},{"damage":2,"enemies":"Small Slimes","floor":3,"turns":4},{"damage":1,"enemies":"2 Fungi Beasts","floor":4,"turns":3},{"damage":45,"enemies":"3 Sentries","floor":6,"turns":9},{"damage":25,"enemies":"Lagavulin","floor":8,"turns":5},{"damage":0,"enemies":"Looter","floor":10,"turns":1},{"damage":5,"enemies":"Blue Slaver","floor":11,"turns":3},{"damage":0,"enemies":"Large Slime","floor":14,"turns":4},{"damage":20,"enemies":"Slime Boss","floor":16,"turns":9},{"damage":32,"enemies":"Spheric Guardian","floor":18,"turns":5},{"damage":33,"enemies":"2 Thieves","floor":20,"turns":3},{"damage":29,"enemies":"Shelled Parasite and Fungi","floor":22,"turns":6},{"damage":29,"enemies":"Centurion and Healer","floor":24,"turns":9},{"damage":68,"enemies":"Collector","floor":33,"turns":6}],"seed_played":"-1599620058513331479","potions_obtained":[{"floor":1,"key":"Swift Potion"},{"floor":3,"key":"Swift Potion"},{"floor":8,"key":"AttackPotion"},{"floor":16,"key":"FearPotion"},{"floor":24,"key":"FearPotion"}],"is_trial":false,"path_per_floor":["M","M","M","M","$","E","R","E","T","M","M","$","?","M","R","B",null,"M","$","M","?","M","R","M","R","T","?","$","R","$","$","R","B"],"character_chosen":"IRONCLAD","items_purchased":["Whirlwind","Sadistic Nature","Meat on the Bone","Blood for Blood","Panacea","Tiny Chest","Bandage Up"],"campfire_rested":3,"item_purchase_floors":[5,5,12,12,19,19,28],"current_hp_per_floor":[69,72,72,72,72,33,33,14,14,20,21,21,21,39,60,46,66,52,52,37,31,20,41,30,30,30,30,30,30,30,30,51,0],"gold":20,"neow_bonus":"TWO_FIFTY_GOLD","is_prod":false,"is_daily":false,"chose_seed":false,"campfire_upgraded":3,"win_rate":0,"timestamp":1556849664,"path_taken":["M","M","M","M","$","E","R","E","T","M","M","$","?","M","R","BOSS","M","$","M","?","M","R","M","R","T","?","?","R","?","$","R","BOSS"],"build_version":"2019-01-23","purchased_purges":1,"victory":false,"max_hp_per_floor":[72,72,72,72,72,72,72,72,72,72,72,72,72,72,72,72,72,72,72,72,72,72,72,72,72,72,72,72,72,72,72,72,72],"card_choices":[{"not_picked":["Havoc","Sword Boomerang"],"picked":"Rupture","floor":1},{"not_picked":["Rage","Perfected Strike"],"picked":"Flex","floor":2},{"not_picked":["Hemokinesis","Flex"],"picked":"Perfected Strike","floor":3},{"not_picked":["Shrug It Off","Second Wind"],"picked":"Uppercut","floor":4},{"not_picked":["Berserk","Warcry"],"picked":"Uppercut","floor":6},{"not_picked":["Flex","Bludgeon"],"picked":"Pommel Strike","floor":8},{"not_picked":["Warcry","Havoc"],"picked":"True Grit","floor":10},{"not_picked":["Flex","Seeing Red"],"picked":"Cleave","floor":11},{"not_picked":["Feel No Pain","Rupture"],"picked":"Disarm","floor":14},{"not_picked":["Reaper","Barricade"],"picked":"Offering","floor":16},{"not_picked":["Twin Strike","Perfected Strike"],"picked":"Shrug It Off","floor":17},{"not_picked":["Carnage","Shrug It Off"],"picked":"Power Through","floor":17},{"not_picked":["Inflame","Clothesline"],"picked":"Feel No Pain","floor":17},{"not_picked":["Ghostly Armor","Thunderclap"],"picked":"Seeing Red","floor":17},{"not_picked":["Corruption","Perfected Strike"],"picked":"Rage","floor":17},{"not_picked":["Havoc","Twin Strike"],"picked":"Pommel Strike","floor":18},{"not_picked":["Entrench","Iron Wave"],"picked":"Infernal Blade+1","floor":20},{"not_picked":["Pommel Strike+1","Armaments"],"picked":"Burning Pact+1","floor":22},{"not_picked":["Iron Wave","Shrug It Off"],"picked":"Rupture+1","floor":24}],"player_experience":591697,"relics_obtained":[{"floor":6,"key":"Gremlin Horn"},{"floor":8,"key":"Smiling Mask"},{"floor":9,"key":"Orichalcum"},{"floor":26,"key":"Question Card"}],"event_choices":[{"damage_healed":0,"gold_gain":175,"player_choice":"AGREE","damage_taken":0,"max_hp_gain":0,"max_hp_loss":0,"event_name":"Liars Game","floor":13,"gold_loss":0,"cards_obtained":["Doubt"]},{"damage_healed":0,"gold_gain":0,"player_choice":"Joined the Cult","damage_taken":6,"max_hp_gain":0,"max_hp_loss":0,"event_name":"Nest","floor":21,"gold_loss":0,"cards_obtained":["RitualDagger"]},{"damage_healed":0,"gold_gain":0,"player_choice":"Inject Mutagens","damage_taken":0,"relics_obtained":["MutagenicStrength"],"max_hp_gain":0,"max_hp_loss":0,"event_name":"Drug Dealer","floor":27,"gold_loss":0}],"is_beta":false,"boss_relics":[{"not_picked":["Pandora\u0027s Box","Black Star"],"picked":"Orrery"}],"items_purged_floors":[19],"is_endless":false,"potions_floor_spawned":[1,3,8,16,24],"killed_by":"Collector","ascension_level":5}