{"gold_per_floor":[110,110,35,46,66,66,16,48,71,98,126,138,150,162,174,287,299,326,327,339,351,363,375,405,417,452,464],"floor_reached":27,"playtime":932,"items_purged":["Decay"],"score":253,"play_id":"8ae4b29f-ceff-472d-849c-643ad048fb3b","local_time":"20190124184903","is_ascension_mode":true,"campfire_choices":[{"data":"Double Energy","floor":6,"key":"SMITH"},{"floor":13,"key":"REST"},{"data":"Loop","floor":15,"key":"SMITH"},{"data":"Chill","floor":23,"key":"SMITH"},{"data":"Zap","floor":25,"key":"SMITH"}],"neow_cost":"NONE","seed_source_timestamp":632498758950523,"circlet_count":0,"master_deck":["Strike_B","Strike_B","Strike_B","Defend_B","Defend_B","Defend_B","Zap+1","Dualcast","Meteor Strike","Double Energy+1","Loop+1","Leap","Chill+1","Ball Lightning","Glacier","Self Repair","Multi-Cast","Coolheaded"],"relics":["Cracked Core","Orichalcum","MawBank","Busted Crown","GremlinMask","Anchor"],"potions_floor_usage":[16,16,27,27],"damage_taken":[{"damage":2,"enemies":"Jaw Worm","floor":1,"turns":4},{"damage":0,"enemies":"Cultist","floor":4,"turns":4},{"damage":3,"enemies":"Small Slimes","floor":5,"turns":3},{"damage":49,"enemies":"Lagavulin","floor":8,"turns":8},{"damage":8,"enemies":"Exordium Thugs","floor":10,"turns":5},{"damage":0,"enemies":"2 Fungi Beasts","floor":11,"turns":4},{"damage":29,"enemies":"Slime Boss","floor":16,"turns":9},{"damage":15,"enemies":"Chosen","floor":18,"turns":5},{"damage":16,"enemies":"2 Thieves","floor":19,"turns":4},{"damage":12,"enemies":"Shelled Parasite and Fungi","floor":24,"turns":9},{"damage":63,"enemies":"Centurion and Healer","floor":27,"turns":14}],"seed_played":"3931871960398105087","potions_obtained":[{"floor":1,"key":"Weak Potion"},{"floor":8,"key":"Poison Potion"},{"floor":16,"key":"Energy Potion"},{"floor":19,"key":"FearPotion"}],"is_trial":false,"path_per_floor":["M","?","$","M","M","R","?","E","T","M","M","$","R","?","R","B",null,"M","M","$","?","?","R","M","R","T","M"],"character_chosen":"DEFECT","items_purchased":[],"campfire_rested":1,"item_purchase_floors":[],"current_hp_per_floor":[73,73,73,73,70,70,70,21,21,13,13,13,35,35,35,13,75,67,58,58,58,58,58,53,53,53,0],"gold":464,"neow_bonus":"ONE_RANDOM_RARE_CARD","is_prod":false,"is_daily":false,"chose_seed":false,"campfire_upgraded":4,"win_rate":0,"timestamp":1548373743,"path_taken":["M","?","?","M","M","R","?","E","T","M","?","$","R","?","R","BOSS","M","?","?","?","?","R","M","R","T","?"],"build_version":"2019-01-23","purchased_purges":1,"victory":false,"max_hp_per_floor":[75,75,75,75,75,75,75,75,75,75,75,75,75,75,75,75,75,75,75,75,75,75,75,75,75,75,75],"card_choices":[{"not_picked":["Redo","Chaos"],"picked":"Double Energy","floor":1},{"not_picked":["Leap","Turbo"],"picked":"Loop","floor":4},{"not_picked":["Turbo","Steam"],"picked":"Leap","floor":5},{"not_picked":["Static Discharge","Beam Cell"],"picked":"Chill","floor":8},{"not_picked":["Steam","Beam Cell"],"picked":"Ball Lightning","floor":10},{"not_picked":["Beam Cell","Ball Lightning"],"picked":"Glacier","floor":11},{"not_picked":["Reboot","Thunder Strike"],"picked":"Multi-Cast","floor":16},{"not_picked":["Heatsinks"],"picked":"SKIP","floor":18},{"not_picked":[],"picked":"Coolheaded","floor":19},{"not_picked":["Stack"],"picked":"SKIP","floor":24}],"player_experience":108608,"relics_obtained":[{"floor":8,"key":"Orichalcum"},{"floor":9,"key":"MawBank"},{"floor":26,"key":"Anchor"}],"event_choices":[{"damage_healed":0,"gold_gain":0,"player_choice":"Cursed","damage_taken":0,"max_hp_gain":0,"max_hp_loss":0,"event_name":"Wheel of Change","floor":2,"gold_loss":0,"cards_obtained":["Decay"]},{"cards_removed":["Strike_B"],"damage_healed":0,"gold_gain":0,"player_choice":"Card Removal","damage_taken":0,"max_hp_gain":0,"max_hp_loss":0,"event_name":"The Cleric","floor":7,"gold_loss":50},{"damage_healed":0,"gold_gain":0,"cards_transformed":["Defend_B"],"player_choice":"Transformed","damage_taken":0,"max_hp_gain":0,"max_hp_loss":0,"event_name":"Transmorgrifier","floor":14,"gold_loss":0,"cards_obtained":["Self Repair"]},{"damage_healed":0,"gold_gain":0,"player_choice":"Ignored","damage_taken":0,"max_hp_gain":0,"max_hp_loss":0,"event_name":"Ghosts","floor":21,"gold_loss":0},{"damage_healed":0,"gold_gain":0,"player_choice":"Trade","damage_taken":0,"relics_obtained":["GremlinMask"],"max_hp_gain":0,"max_hp_loss":0,"event_name":"FaceTrader","floor":22,"gold_loss":0}],"is_beta":false,"boss_relics":[{"not_picked":["Tiny House","Philosopher\u0027s Stone"],"picked":"Busted Crown"}],"items_purged_floors":[3],"is_endless":false,"potions_floor_spawned":[1,8,16,19],"killed_by":"Centurion and Healer","ascension_level":4}