{"gold_per_floor":[115,115,125,39,51,51,84,95,120,120,155,175,202,48,48,147,147,159,39,54,54,54,54],"floor_reached":23,"playtime":2895,"items_purged":[],"score":269,"play_id":"2f52df3a-4162-4434-bc43-c427bfd56292","local_time":"20190527192449","is_ascension_mode":true,"campfire_choices":[{"data":"Uppercut","floor":6,"key":"SMITH"},{"floor":10,"key":"REST"},{"floor":15,"key":"REST"}],"neow_cost":"CURSE","seed_source_timestamp":4930033972609,"circlet_count":0,"master_deck":["Strike_R","Strike_R","Strike_R","Strike_R","Strike_R","Defend_R","Defend_R","Defend_R","Defend_R","Bash","Injury","Wild Strike","Havoc","Hemokinesis","Uppercut+1","Inflame","Heavy Blade","Dark Embrace","Warcry","Flex","Feel No Pain","Flex","Reckless Charge","Immolate","Cleave+1","Twin Strike+1"],"relics":["Burning Blood","Charon\u0027s Ashes","Lantern","PreservedInsect","Smiling Mask","Kunai","Odd Mushroom","Velvet Choker","Bird Faced Urn","Nilry\u0027s Codex"],"potions_floor_usage":[7,8,12,16],"damage_taken":[{"damage":2,"enemies":"Small Slimes","floor":1,"turns":4},{"damage":7,"enemies":"Jaw Worm","floor":3,"turns":2},{"damage":3,"enemies":"2 Louse","floor":5,"turns":3},{"damage":16,"enemies":"Gremlin Nob","floor":7,"turns":3},{"damage":19,"enemies":"Lots of Slimes","floor":8,"turns":4},{"damage":23,"enemies":"Lagavulin","floor":11,"turns":5},{"damage":11,"enemies":"2 Fungi Beasts","floor":12,"turns":3},{"damage":12,"enemies":"The Mushroom Lair","floor":13,"turns":5},{"damage":42,"enemies":"Slime Boss","floor":16,"turns":11},{"damage":26,"enemies":"3 Byrds","floor":18,"turns":5},{"damage":28,"enemies":"Spheric Guardian","floor":20,"turns":4},{"damage":18,"enemies":"Slavers","floor":23,"turns":2}],"seed_played":"-8768411455125448760","potions_obtained":[{"floor":1,"key":"BloodPotion"},{"floor":11,"key":"Explosive Potion"},{"floor":13,"key":"FearPotion"}],"is_trial":false,"path_per_floor":["M","?","M","$","M","R","E","M","T","R","E","M","?","$","R","B",null,"M","?","M","?","?","E"],"character_chosen":"IRONCLAD","items_purchased":["Hemokinesis","SpeedPotion","Feel No Pain","Flex","Reckless Charge"],"campfire_rested":2,"item_purchase_floors":[4,4,14,14,14],"current_hp_per_floor":[76,64,63,63,66,66,64,51,51,75,58,53,47,47,71,35,69,49,49,29,29,13,0],"gold":54,"neow_bonus":"ONE_RARE_RELIC","is_prod":false,"is_daily":false,"chose_seed":false,"campfire_upgraded":1,"win_rate":0,"timestamp":1558949089,"path_taken":["M","?","M","$","M","R","E","M","T","R","E","M","?","?","R","BOSS","M","?","?","?","?","E"],"build_version":"2019-01-23","purchased_purges":0,"victory":false,"max_hp_per_floor":[80,80,80,80,80,80,80,80,80,80,80,80,80,80,80,80,80,80,80,80,80,80,80],"card_choices":[{"not_picked":["Perfected Strike","Shrug It Off"],"picked":"Wild Strike","floor":1},{"not_picked":["Armaments","Headbutt"],"picked":"Havoc","floor":3},{"not_picked":["True Grit","Clothesline"],"picked":"Uppercut","floor":5},{"not_picked":["Seeing Red","Armaments"],"picked":"Inflame","floor":7},{"not_picked":["Uppercut","Wild Strike"],"picked":"Heavy Blade","floor":8},{"not_picked":["Iron Wave","Corruption"],"picked":"Dark Embrace","floor":11},{"not_picked":["Rage","Body Slam"],"picked":"Warcry","floor":12},{"not_picked":["Clothesline","Wild Strike"],"picked":"Flex","floor":13},{"not_picked":["Impervious","Juggernaut"],"picked":"Immolate","floor":16},{"not_picked":["Pummel","Sword Boomerang+1"],"picked":"Cleave+1","floor":18},{"not_picked":["Thunderclap","Warcry"],"picked":"Twin Strike+1","floor":20}],"player_experience":738742,"relics_obtained":[{"floor":7,"key":"PreservedInsect"},{"floor":9,"key":"Smiling Mask"},{"floor":11,"key":"Kunai"},{"floor":13,"key":"Odd Mushroom"},{"floor":22,"key":"Nilry\u0027s Codex"}],"event_choices":[{"damage_healed":0,"gold_gain":0,"player_choice":"Success","damage_taken":12,"relics_obtained":["Lantern"],"max_hp_gain":0,"max_hp_loss":0,"event_name":"Scrap Ooze","floor":2,"gold_loss":0},{"damage_healed":0,"gold_gain":0,"player_choice":"Fought Mushrooms","damage_taken":0,"max_hp_gain":0,"max_hp_loss":0,"event_name":"Mushrooms","floor":13,"gold_loss":0},{"damage_healed":0,"gold_gain":0,"player_choice":"Paid Gold","damage_taken":0,"relics_obtained":["Bird Faced Urn"],"max_hp_gain":0,"max_hp_loss":0,"event_name":"WeMeetAgain","floor":19,"gold_loss":120},{"damage_healed":0,"gold_gain":0,"player_choice":"Ignored","damage_taken":0,"max_hp_gain":0,"max_hp_loss":0,"event_name":"Vampires","floor":21,"gold_loss":0},{"damage_healed":0,"gold_gain":0,"player_choice":"Obtained Book","damage_taken":16,"max_hp_gain":0,"max_hp_loss":0,"event_name":"Cursed Tome","floor":22,"gold_loss":0}],"is_beta":false,"boss_relics":[{"not_picked":["Pandora\u0027s Box","Runic Pyramid"],"picked":"Velvet Choker"}],"items_purged_floors":[],"is_endless":false,"potions_floor_spawned":[1,11,13],"killed_by":"Slavers","ascension_level":7}