{"gold_per_floor":[117,117,135,155,6,6,32,44,44,44,9,41,41,69,69,147,147,165,165,165,181,181,181,191,191,191,219,239,239,239,269,269,346,346,366,366,466,766,786,786,814,814,837,862,862,874,902,948,948,948,948,948,948,190,224,224],"floor_reached":57,"playtime":7326,"items_purged":["Strike_G","Storm of Steel"],"score":2884,"play_id":"173d137a-de8b-425a-bb51-b9a4713d1551","local_time":"20190620194055","is_ascension_mode":true,"campfire_choices":[{"data":"Accuracy","floor":6.0,"key":"SMITH"},{"floor":10.0,"key":"REST"},{"data":"Cloak And Dagger","floor":13.0,"key":"SMITH"},{"data":"Well Laid Plans","floor":15.0,"key":"SMITH"},{"data":"Leg Sweep","floor":23.0,"key":"SMITH"},{"data":"J.A.X.","floor":30.0,"key":"SMITH"},{"data":"Envenom","floor":32.0,"key":"SMITH"},{"data":"1","floor":40.0,"key":"LIFT"},{"data":"Footwork","floor":42.0,"key":"SMITH"},{"floor":45.0,"key":"RECALL"},{"data":"2","floor":49.0,"key":"LIFT"},{"data":"3","floor":53.0,"key":"LIFT"}],"neow_cost":"NONE","seed_source_timestamp":0,"circlet_count":0,"master_deck":["AscendersBane","Defend_G","Defend_G","Defend_G+1","Defend_G+1","Defend_G","Survivor","Neutralize+1","Infinite Blades","Accuracy+1","Leg Sweep+1","Well Laid Plans+1","Flying Knee","Cloak And Dagger+1","Cloak And Dagger","Envenom+1","Blade Dance","RitualDagger","Bite","Bite","Bite","Bite","Bite","Deflect","Escape Plan","Backflip","J.A.X.+1","Adrenaline","Acrobatics+1","Backflip+1","Footwork+1","Deflect","Doppelganger","Expertise"],"special_seed":0,"relics":["Ring of the Snake","Ancient Tea Set","Whetstone","Strawberry","Letter Opener","Bag of Preparation","Black Star","War Paint","Anchor","Lantern","Potion Belt","Turnip","Coffee Dripper","Girya","Omamori","Kunai","Dodecahedron","Bronze Scales","Juzu Bracelet","Smiling Mask","Tingsha","HandDrill","Orichalcum","Oddly Smooth Stone","Art of War"],"potions_floor_usage":[56,56,56,56],"damage_taken":[{"damage":11.0,"enemies":"Jaw Worm","floor":1.0,"turns":7.0},{"damage":0.0,"enemies":"Small Slimes","floor":3.0,"turns":5.0},{"damage":0.0,"enemies":"Cultist","floor":4.0,"turns":4.0},{"damage":31.0,"enemies":"Gremlin Nob","floor":7.0,"turns":5.0},{"damage":2.0,"enemies":"2 Fungi Beasts","floor":8.0,"turns":4.0},{"damage":0.0,"enemies":"3 Sentries","floor":12.0,"turns":5.0},{"damage":23.0,"enemies":"Gremlin Nob","floor":14.0,"turns":4.0},{"damage":23.0,"enemies":"Hexaghost","floor":16.0,"turns":10.0},{"damage":14.0,"enemies":"Spheric Guardian","floor":18.0,"turns":6.0},{"damage":16.0,"enemies":"3 Byrds","floor":21.0,"turns":6.0},{"damage":28.0,"enemies":"Shelled Parasite and Fungi","floor":24.0,"turns":20.0},{"damage":22.0,"enemies":"Colosseum Slavers","floor":25.0,"turns":10.0},{"damage":26.0,"enemies":"Book of Stabbing","floor":27.0,"turns":6.0},{"damage":17.0,"enemies":"Centurion and Healer","floor":28.0,"turns":27.0},{"damage":22.0,"enemies":"Slavers","floor":31.0,"turns":7.0},{"damage":51.0,"enemies":"Champ","floor":33.0,"turns":13.0},{"damage":9.0,"enemies":"3 Darklings","floor":35.0,"turns":10.0},{"damage":3.0,"enemies":"Mind Bloom Boss Battle","floor":37.0,"turns":6.0},{"damage":3.0,"enemies":"3 Shapes","floor":39.0,"turns":4.0},{"damage":8.0,"enemies":"Giant Head","floor":41.0,"turns":5.0},{"damage":3.0,"enemies":"Reptomancer","floor":44.0,"turns":8.0},{"damage":6.0,"enemies":"Spire Growth","floor":46.0,"turns":5.0},{"damage":8.0,"enemies":"Giant Head","floor":47.0,"turns":9.0},{"damage":2.0,"enemies":"2 Orb Walkers","floor":48.0,"turns":4.0},{"damage":26.0,"enemies":"Donu and Deca","floor":50.0,"turns":16.0},{"damage":35.0,"enemies":"Time Eater","floor":51.0,"turns":18.0},{"damage":23.0,"enemies":"Shield and Spear","floor":55.0,"turns":11.0},{"damage":51,"enemies":"The Heart","floor":56,"turns":11}],"seed_played":"908556972218948","potions_obtained":[{"floor":1.0,"key":"Explosive Potion"},{"floor":4.0,"key":"SteroidPotion"},{"floor":7.0,"key":"Fire Potion"},{"floor":14.0,"key":"Swift Potion"},{"floor":24.0,"key":"Fire Potion"},{"floor":27.0,"key":"GamblersBrew"},{"floor":28.0,"key":"LiquidBronze"},{"floor":44.0,"key":"PowerPotion"},{"floor":47.0,"key":"GamblersBrew"}],"is_trial":false,"path_per_floor":["M","?","M","M","$","R","E","M","T","R","?","E","R","E","R","B",null,"M","?","?","M","?","R","M","?","T","E","M","?","R","E","R","B",null,"M","?","?","?","M","R","E","R","T","E","R","M","E","?","R","B","B",null,"R","$","E","B",null],"character_chosen":"THE_SILENT","items_purchased":["Well Laid Plans","HandDrill","Orichalcum","Regen Potion","Doppelganger","Expertise"],"campfire_rested":1,"item_purchase_floors":[5,54,54,54,54,54],"current_hp_per_floor":[48,48,48,48,48,48,17,15,22,43,61,61,61,38,38,15,59,45,39,39,23,23,23,35,33,33,11,51,51,51,45,45,12,41,51,51,51,51,51,51,47,47,47,51,51,50,51,51,51,51,42,49,49,49,51,31],"gold":224,"neow_bonus":"RANDOM_COMMON_RELIC","is_prod":false,"is_daily":false,"chose_seed":false,"campfire_upgraded":7,"win_rate":0,"timestamp":1561074055,"path_taken":["M","?","M","M","$","R","E","M","T","R","?","E","R","E","R","BOSS","M","?","?","?","?","R","M","?","T","E","M","?","R","E","R","BOSS","M","?","?","?","?","R","E","R","T","E","R","M","E","?","R","BOSS","BOSS","R","$","E","BOSS"],"build_version":"2019-06-18","purchased_purges":2,"victory":true,"max_hp_per_floor":[66,66,66,66,66,66,66,66,73,73,73,73,73,73,73,73,73,73,73,73,73,51,51,51,51,51,51,51,51,51,51,51,51,51,51,51,51,51,51,51,51,51,51,51,51,51,51,51,51,51,51,51,51,51,51,51],"card_choices":[{"not_picked":["Backstab","Bouncing Flask"],"picked":"Infinite Blades","floor":1.0},{"not_picked":["Acrobatics","Cloak And Dagger"],"picked":"Accuracy","floor":3.0},{"not_picked":["Tactician","Dagger Spray"],"picked":"Leg Sweep","floor":4.0},{"not_picked":["Skewer","Quick Slash"],"picked":"Flying Knee","floor":7.0},{"not_picked":["Deflect","Setup"],"picked":"Cloak And Dagger","floor":8.0},{"not_picked":["Underhanded Strike","Flying Knee","Dagger Throw"],"picked":"SKIP","floor":12.0},{"not_picked":["Underhanded Strike","Outmaneuver"],"picked":"Cloak And Dagger","floor":14.0},{"not_picked":["Venomology","Corpse Explosion"],"picked":"Envenom","floor":16.0},{"not_picked":["Backstab+1","Quick Slash"],"picked":"Blade Dance","floor":18.0},{"not_picked":["Skewer","Dagger Throw","Underhanded Strike"],"picked":"SKIP","floor":21.0},{"not_picked":["Sucker Punch","Bouncing Flask"],"picked":"Deflect","floor":24.0},{"not_picked":["Endless Agony","Skewer"],"picked":"Escape Plan","floor":27.0},{"not_picked":["Dagger Throw","Backstab"],"picked":"Backflip","floor":28.0},{"not_picked":["Expertise","PiercingWail","Sucker Punch+1"],"picked":"SKIP","floor":31.0},{"not_picked":["Tools of the Trade","Glass Knife"],"picked":"Adrenaline","floor":33.0},{"not_picked":["Quick Slash","PiercingWail"],"picked":"Acrobatics+1","floor":35.0},{"not_picked":["Flying Knee","Envenom"],"picked":"Backflip+1","floor":37.0},{"not_picked":["Accuracy","Blade Dance","Prepared+1"],"picked":"SKIP","floor":39.0},{"not_picked":["Malaise","Accuracy"],"picked":"Footwork","floor":41.0},{"not_picked":["Quick Slash+1","Deadly Poison","Acrobatics"],"picked":"SKIP","floor":44.0},{"not_picked":["Prepared","Well Laid Plans"],"picked":"Deflect","floor":46.0},{"not_picked":["All Out Attack","Riddle With Holes","Poisoned Stab"],"picked":"SKIP","floor":47.0},{"not_picked":["Crippling Poison","Quick Slash","Bane+1"],"picked":"SKIP","floor":55.0}],"player_experience":2993812,"relics_obtained":[{"floor":7.0,"key":"Whetstone"},{"floor":9.0,"key":"Strawberry"},{"floor":12.0,"key":"Letter Opener"},{"floor":14.0,"key":"Bag of Preparation"},{"floor":26.0,"key":"War Paint"},{"floor":27.0,"key":"Anchor"},{"floor":27.0,"key":"Lantern"},{"floor":31.0,"key":"Potion Belt"},{"floor":31.0,"key":"Turnip"},{"floor":37.0,"key":"Girya"},{"floor":41.0,"key":"Omamori"},{"floor":41.0,"key":"Kunai"},{"floor":44.0,"key":"Dodecahedron"},{"floor":44.0,"key":"Bronze Scales"},{"floor":47.0,"key":"Juzu Bracelet"},{"floor":47.0,"key":"Smiling Mask"},{"floor":48.0,"key":"Tingsha"},{"floor":55.0,"key":"Oddly Smooth Stone"},{"floor":55.0,"key":"Art of War"}],"event_choices":[{"damage_healed":0.0,"max_hp_gain":0.0,"max_hp_loss":0.0,"gold_gain":0.0,"event_name":"Living Wall","player_choice":"Grow","floor":2.0,"gold_loss":0.0,"damage_taken":0.0,"cards_upgraded":["Neutralize"]},{"damage_healed":18.0,"max_hp_gain":0.0,"max_hp_loss":0.0,"gold_gain":0.0,"event_name":"The Cleric","player_choice":"Healed","floor":11.0,"gold_loss":35.0,"damage_taken":0.0},{"damage_healed":0.0,"max_hp_gain":0.0,"max_hp_loss":0.0,"gold_gain":0.0,"event_name":"Nest","player_choice":"Joined the Cult","floor":19.0,"gold_loss":0.0,"damage_taken":6.0,"cards_obtained":["RitualDagger"]},{"damage_healed":0.0,"max_hp_gain":0.0,"max_hp_loss":0.0,"gold_gain":0.0,"event_name":"Match and Keep!","player_choice":"1 cards matched","floor":20.0,"gold_loss":0.0,"damage_taken":0.0,"cards_obtained":["Storm of Steel"]},{"damage_healed":0.0,"max_hp_gain":0.0,"max_hp_loss":22.0,"gold_gain":0.0,"event_name":"Vampires","player_choice":"Became a vampire","floor":22.0,"gold_loss":0.0,"damage_taken":0.0,"cards_obtained":["Bite","Bite","Bite","Bite","Bite"]},{"damage_healed":0.0,"max_hp_gain":0.0,"max_hp_loss":0.0,"gold_gain":0.0,"event_name":"Colosseum","player_choice":"Fight","floor":25.0,"gold_loss":0.0,"damage_taken":0.0},{"damage_healed":0.0,"max_hp_gain":0.0,"max_hp_loss":0.0,"gold_gain":0.0,"event_name":"Colosseum","player_choice":"Fled From Nobs","floor":25.0,"gold_loss":0.0,"damage_taken":0.0},{"damage_healed":0.0,"max_hp_gain":0.0,"max_hp_loss":0.0,"gold_gain":0.0,"event_name":"Drug Dealer","player_choice":"Obtain J.A.X.","floor":29.0,"gold_loss":0.0,"damage_taken":0.0,"cards_obtained":["J.A.X."]},{"damage_healed":0.0,"max_hp_gain":0.0,"max_hp_loss":0.0,"gold_gain":0.0,"event_name":"Tomb of Lord Red Mask","player_choice":"Ignored","floor":36.0,"gold_loss":0.0,"damage_taken":0.0},{"damage_healed":0.0,"max_hp_gain":0.0,"max_hp_loss":0.0,"gold_gain":0.0,"event_name":"MindBloom","player_choice":"Fight","floor":37.0,"gold_loss":0.0,"damage_taken":0.0},{"damage_healed":0.0,"max_hp_gain":0.0,"max_hp_loss":0.0,"gold_gain":300.0,"event_name":"Wheel of Change","player_choice":"Gold","floor":38.0,"gold_loss":0.0,"damage_taken":0.0},{"damage_healed":0.0,"max_hp_gain":0.0,"max_hp_loss":0.0,"gold_gain":0.0,"event_name":"Mysterious Sphere","player_choice":"Fight","floor":48.0,"gold_loss":0.0,"damage_taken":0.0}],"is_beta":true,"boss_relics":[{"not_picked":["Pandora\u0027s Box","Runic Dome"],"picked":"Black Star"},{"not_picked":["Empty Cage","Busted Crown"],"picked":"Coffee Dripper"}],"items_purged_floors":[5,54],"is_endless":false,"potions_floor_spawned":[1,4,7,14,24,27,28,44,47,55],"ascension_level":20}