{"gold_per_floor":[13,31,31,46,46,46,58,75,75,85,85,85,126,126],"floor_reached":14,"playtime":355,"items_purged":[],"score":110,"play_id":"1b8e0a29-94b4-470f-9167-7fbcdc2c994d","local_time":"20190123221032","is_ascension_mode":true,"campfire_choices":[{"data":"Echo Form","floor":6,"key":"SMITH"}],"neow_cost":"NO_GOLD","seed_source_timestamp":558761486106887,"circlet_count":0,"master_deck":["Strike_B","Strike_B","Strike_B","Defend_B","Defend_B","Defend_B","Defend_B","Zap+1","Dualcast","Echo Form+1","Go for the Eyes","Gash","Barrage","FTL","Consume","Genetic Algorithm"],"relics":["Cracked Core","Mercury Hourglass","Golden Idol","Bottled Flame"],"potions_floor_usage":[13,13,14],"damage_taken":[{"damage":9,"enemies":"Jaw Worm","floor":1,"turns":4},{"damage":5,"enemies":"2 Louse","floor":2,"turns":4},{"damage":1,"enemies":"Cultist","floor":4,"turns":3},{"damage":11,"enemies":"Looter","floor":7,"turns":3},{"damage":28,"enemies":"3 Louse","floor":8,"turns":4},{"damage":8,"enemies":"Red Slaver","floor":10,"turns":3},{"damage":17,"enemies":"Gremlin Nob","floor":13,"turns":3},{"damage":5,"enemies":"2 Fungi Beasts","floor":14,"turns":2}],"seed_played":"1143758318331363012","potions_obtained":[{"floor":7,"key":"FocusPotion"},{"floor":10,"key":"Regen Potion"},{"floor":13,"key":"EssenceOfSteel"}],"is_trial":false,"path_per_floor":["M","M","?","M","?","R","M","M","T","M","?","?","E","M"],"character_chosen":"DEFECT","items_purchased":[],"campfire_rested":0,"item_purchase_floors":[],"current_hp_per_floor":[66,61,61,60,60,60,49,21,21,13,13,13,5,0],"gold":126,"neow_bonus":"THREE_RARE_CARDS","is_prod":false,"is_daily":false,"chose_seed":false,"campfire_upgraded":1,"win_rate":0,"timestamp":1548299432,"path_taken":["M","M","?","M","?","R","?","M","T","M","?","?","E","M"],"build_version":"2019-01-23","purchased_purges":0,"victory":false,"max_hp_per_floor":[75,75,75,75,75,75,75,75,75,75,69,69,69,69],"card_choices":[{"not_picked":["Multi-Cast","Biased Cognition"],"picked":"Echo Form","floor":0},{"not_picked":["Streamline","Beam Cell"],"picked":"Go for the Eyes","floor":1},{"not_picked":["Steam","Sunder","Steam Power"],"picked":"SKIP","floor":2},{"not_picked":["Creative AI","Lockon"],"picked":"Gash","floor":4},{"not_picked":["Barrage","Doom and Gloom","Cold Snap"],"picked":"SKIP","floor":7},{"not_picked":["Barrage","Auto Shields"],"picked":"FTL","floor":8},{"not_picked":["Turbo","Rebound"],"picked":"Consume","floor":10},{"not_picked":["Conserve Battery","Darkness"],"picked":"Genetic Algorithm","floor":13}],"player_experience":107441,"relics_obtained":[{"floor":9,"key":"Mercury Hourglass"},{"floor":13,"key":"Bottled Flame"}],"event_choices":[{"damage_healed":0,"gold_gain":0,"player_choice":"Leave","damage_taken":0,"max_hp_gain":0,"max_hp_loss":0,"event_name":"The Cleric","floor":3,"gold_loss":0},{"damage_healed":0,"gold_gain":0,"cards_transformed":["Strike_B"],"player_choice":"Transformed","damage_taken":0,"max_hp_gain":0,"max_hp_loss":0,"event_name":"Transmorgrifier","floor":5,"gold_loss":0,"cards_obtained":["Barrage"]},{"damage_healed":0,"gold_gain":0,"player_choice":"Lose Max HP","damage_taken":0,"relics_obtained":["Golden Idol"],"max_hp_gain":0,"max_hp_loss":6,"event_name":"Golden Idol","floor":11,"gold_loss":0},{"damage_healed":0,"gold_gain":0,"player_choice":"Grow","damage_taken":0,"max_hp_gain":0,"max_hp_loss":0,"event_name":"Living Wall","floor":12,"gold_loss":0,"cards_upgraded":["Zap"]}],"is_beta":false,"boss_relics":[],"items_purged_floors":[],"is_endless":false,"potions_floor_spawned":[7,10,13],"killed_by":"2 Fungi Beasts","ascension_level":4}