{"gold_per_floor":[117,42,42,56,56,91,91,112,112,112,72,45,45,64,64,64],"floor_reached":16,"playtime":1350,"items_purged":["Strike_B"],"score":110,"play_id":"3fee328d-0867-4f78-8f4f-04596acbac51","local_time":"20190118205425","is_ascension_mode":true,"campfire_choices":[{"floor":7,"key":"REST"},{"floor":13,"key":"REST"},{"floor":15,"key":"REST"}],"neow_cost":"NONE","seed_source_timestamp":337469128620516,"circlet_count":0,"master_deck":["Strike_B","Strike_B","Defend_B","Defend_B","Defend_B","Defend_B","Zap","Dualcast","Purity","Chill","Gash"],"relics":["Cracked Core","Golden Idol","Dodecahedron","Blue Candle"],"potions_floor_usage":[6,12],"damage_taken":[{"damage":5,"enemies":"Small Slimes","floor":1,"turns":4},{"damage":1,"enemies":"Cultist","floor":4,"turns":4},{"damage":36,"enemies":"Lagavulin","floor":6,"turns":7},{"damage":0,"enemies":"2 Louse","floor":8,"turns":2},{"damage":13,"enemies":"Exordium Thugs","floor":12,"turns":6},{"damage":3,"enemies":"2 Fungi Beasts","floor":14,"turns":4},{"damage":70,"enemies":"Slime Boss","floor":16,"turns":8}],"seed_played":"-167324360992768368","potions_obtained":[{"floor":4,"key":"PowerPotion"},{"floor":6,"key":"LiquidBronze"},{"floor":10,"key":"Block Potion"},{"floor":10,"key":"Energy Potion"},{"floor":14,"key":"Ancient Potion"}],"is_trial":false,"path_per_floor":["M","$","?","M","?","E","R","M","T","?","$","M","R","M","R","B"],"character_chosen":"DEFECT","items_purchased":["Chill"],"campfire_rested":3,"item_purchase_floors":[11],"current_hp_per_floor":[70,70,52,51,51,15,37,37,37,37,37,24,46,43,65,0],"gold":64,"neow_bonus":"RANDOM_COLORLESS","is_prod":false,"is_daily":false,"chose_seed":false,"campfire_upgraded":0,"win_rate":0,"timestamp":1547866465,"path_taken":["M","$","?","M","?","E","R","?","T","?","?","M","R","M","R","BOSS"],"build_version":"2019-01-17v2","purchased_purges":1,"victory":false,"max_hp_per_floor":[75,75,75,75,75,75,75,75,75,75,75,75,75,75,75,75],"card_choices":[{"not_picked":["Force Field","Turbo","Hologram"],"picked":"SKIP","floor":1},{"not_picked":["Ball Lightning","Sweeping Beam","Beam Cell"],"picked":"SKIP","floor":4},{"not_picked":["Fission","Fusion","Conserve Battery"],"picked":"SKIP","floor":6},{"not_picked":["Glacier","Leap","Turbo"],"picked":"SKIP","floor":8},{"not_picked":["Turbo","Hello World"],"picked":"Gash","floor":12},{"not_picked":["Coolheaded","Fission","Leap"],"picked":"SKIP","floor":14}],"player_experience":309259,"relics_obtained":[{"floor":6,"key":"Dodecahedron"},{"floor":9,"key":"Blue Candle"}],"event_choices":[{"damage_healed":0,"gold_gain":0,"player_choice":"Take Damage","damage_taken":18,"relics_obtained":["Golden Idol"],"max_hp_gain":0,"max_hp_loss":0,"event_name":"Golden Idol","floor":3,"gold_loss":0},{"cards_removed":["Strike_B"],"damage_healed":0,"gold_gain":0,"player_choice":"Offered Basic","damage_taken":0,"max_hp_gain":0,"max_hp_loss":0,"event_name":"Bonfire Elementals","floor":5,"gold_loss":0},{"damage_healed":0,"gold_gain":0,"player_choice":"Got Potions","damage_taken":0,"max_hp_gain":0,"max_hp_loss":0,"event_name":"Lab","floor":10,"gold_loss":0}],"is_beta":false,"boss_relics":[],"items_purged_floors":[2],"is_endless":false,"potions_floor_spawned":[4,6,14],"killed_by":"Slime Boss","ascension_level":2}