{"gold_per_floor":[112,40,215,215,227,227,237,249,249,280,280,311,338,352,352,352],"floor_reached":16,"playtime":673,"items_purged":[],"score":149,"play_id":"8c092328-1b94-4563-a93c-08842132ce2d","local_time":"20190527183622","is_ascension_mode":true,"campfire_choices":[{"data":"Bash","floor":6,"key":"SMITH"},{"data":"Burning Pact","floor":11,"key":"SMITH"},{"floor":15,"key":"REST"}],"neow_cost":"NONE","seed_source_timestamp":4245453360653,"circlet_count":0,"master_deck":["Strike_R","Strike_R","Strike_R","Strike_R","Strike_R","Defend_R","Defend_R","Defend_R","Defend_R","Bash+1","Clothesline","Feel No Pain","Cleave","Evolve","Shrug It Off","Burning Pact+1","Battle Trance","Pommel Strike","Seeing Red"],"relics":["Burning Blood","Gremlin Horn","Self Forming Clay","Calipers","Odd Mushroom"],"potions_floor_usage":[8,14,14,16],"damage_taken":[{"damage":4,"enemies":"Jaw Worm","floor":1,"turns":4},{"damage":10,"enemies":"Small Slimes","floor":5,"turns":5},{"damage":4,"enemies":"Cultist","floor":7,"turns":3},{"damage":3,"enemies":"Large Slime","floor":8,"turns":6},{"damage":17,"enemies":"3 Sentries","floor":10,"turns":7},{"damage":40,"enemies":"Gremlin Nob","floor":12,"turns":6},{"damage":18,"enemies":"The Mushroom Lair","floor":13,"turns":4},{"damage":22,"enemies":"Exordium Thugs","floor":14,"turns":5},{"damage":36,"enemies":"Hexaghost","floor":16,"turns":9}],"seed_played":"3834763546248690479","potions_obtained":[{"floor":5,"key":"SkillPotion"},{"floor":7,"key":"LiquidBronze"},{"floor":10,"key":"Swift Potion"},{"floor":13,"key":"Swift Potion"}],"is_trial":false,"path_per_floor":["M","$","?","?","M","R","M","M","T","E","R","E","?","M","R","B"],"character_chosen":"IRONCLAD","items_purchased":["Feel No Pain"],"campfire_rested":1,"item_purchase_floors":[2],"current_hp_per_floor":[82,82,82,82,78,78,80,83,83,72,72,38,26,10,36,0],"gold":352,"neow_bonus":"TEN_PERCENT_HP_BONUS","is_prod":false,"is_daily":false,"chose_seed":false,"campfire_upgraded":2,"win_rate":0,"timestamp":1558946182,"path_taken":["M","$","?","?","M","R","?","M","T","E","R","E","?","M","R","BOSS"],"build_version":"2019-01-23","purchased_purges":0,"victory":false,"max_hp_per_floor":[88,88,88,88,88,88,88,88,88,88,88,88,88,88,88,88],"card_choices":[{"not_picked":["Body Slam","Headbutt"],"picked":"Clothesline","floor":1},{"not_picked":["Dual Wield","Anger"],"picked":"Cleave","floor":5},{"not_picked":["Headbutt","Iron Wave"],"picked":"Evolve","floor":7},{"not_picked":["Barricade","Perfected Strike"],"picked":"Shrug It Off","floor":8},{"not_picked":["Combust","Infernal Blade"],"picked":"Burning Pact","floor":10},{"not_picked":["Second Wind","Flex"],"picked":"Battle Trance","floor":12},{"not_picked":["Flame Barrier","Anger"],"picked":"Pommel Strike","floor":13},{"not_picked":["Dropkick","Sword Boomerang"],"picked":"Seeing Red","floor":14}],"player_experience":738069,"relics_obtained":[{"floor":9,"key":"Gremlin Horn"},{"floor":10,"key":"Self Forming Clay"},{"floor":12,"key":"Calipers"},{"floor":13,"key":"Odd Mushroom"}],"event_choices":[{"damage_healed":0,"gold_gain":175,"player_choice":"AGREE","damage_taken":0,"max_hp_gain":0,"max_hp_loss":0,"event_name":"Liars Game","floor":3,"gold_loss":0,"cards_obtained":["Doubt"]},{"cards_removed":["Doubt"],"damage_healed":0,"gold_gain":0,"player_choice":"Forget","damage_taken":0,"max_hp_gain":0,"max_hp_loss":0,"event_name":"Living Wall","floor":4,"gold_loss":0},{"damage_healed":0,"gold_gain":0,"player_choice":"Fought Mushrooms","damage_taken":0,"max_hp_gain":0,"max_hp_loss":0,"event_name":"Mushrooms","floor":13,"gold_loss":0}],"is_beta":false,"boss_relics":[],"items_purged_floors":[],"is_endless":false,"potions_floor_spawned":[5,7,10,13],"killed_by":"Hexaghost","ascension_level":7}