{"gold_per_floor":[111,111,125,143,161,186,196,209,233,245,257,269,281,306,318,433,445,471,483,509,521,533,564,576,607,619,631,658,24,24],"floor_reached":30,"playtime":962,"items_purged":[],"score":234,"play_id":"ef629306-bf3a-4d53-b734-396a06384a7b","local_time":"20190328034747","is_ascension_mode":false,"campfire_choices":[{"floor":10,"key":"RECALL"},{"floor":13,"key":"REST"},{"data":"Pommel Strike","floor":15,"key":"SMITH"},{"floor":24,"key":"REST"},{"floor":27,"key":"REST"}],"neow_cost":"NONE","seed_source_timestamp":61684748278740,"circlet_count":0,"master_deck":["Strike_R","Strike_R","Strike_R","Strike_R","Strike_R","Defend_R+1","Defend_R","Defend_R","Defend_R","Bash","Fiend Fire","Reckless Charge","Anger","Infernal Blade+1","Sword Boomerang","Spot Weakness","Spot Weakness","Sword Boomerang","Regret","Pommel Strike+1","Bludgeon","Body Slam","Perfected Strike","Blood for Blood","Inflame","Clash","Infernal Blade","Metallicize","RitualDagger","Rage","Exhume","Shrug It Off+1","Shrug It Off+1","Evolve"],"relics":["Burning Blood","War Paint","MawBank","Matryoshka","Orrery","Pen Nib","Nilry\u0027s Codex","Dodecahedron","Toxic Egg 2","Meat on the Bone","Torii"],"potions_floor_usage":[5,16,18,18,23,23,30],"damage_taken":[{"damage":0,"enemies":"Cultist","floor":1,"turns":2},{"damage":0,"enemies":"2 Louse","floor":3,"turns":2},{"damage":10,"enemies":"Small Slimes","floor":4,"turns":4},{"damage":7,"enemies":"Gremlin Gang","floor":5,"turns":3},{"damage":18,"enemies":"Gremlin Nob","floor":6,"turns":3},{"damage":16,"enemies":"Exordium Thugs","floor":7,"turns":3},{"damage":8,"enemies":"Lots of Slimes","floor":8,"turns":3},{"damage":3,"enemies":"Large Slime","floor":14,"turns":3},{"damage":51,"enemies":"Hexaghost","floor":16,"turns":7},{"damage":23,"enemies":"3 Byrds","floor":18,"turns":5},{"damage":24,"enemies":"Shell Parasite","floor":20,"turns":5},{"damage":10,"enemies":"Sentry and Sphere","floor":23,"turns":3},{"damage":27,"enemies":"Snake Plant","floor":25,"turns":4},{"damage":45,"enemies":"Shelled Parasite and Fungi","floor":28,"turns":5},{"damage":12,"enemies":"Gremlin Leader","floor":30,"turns":1}],"seed_played":"3660112227839882145","potions_obtained":[{"floor":3,"key":"PowerPotion"},{"floor":4,"key":"Poison Potion"},{"floor":5,"key":"Ancient Potion"},{"floor":14,"key":"Energy Potion"},{"floor":16,"key":"GamblersBrew"},{"floor":18,"key":"Energy Potion"},{"floor":20,"key":"SteroidPotion"},{"floor":28,"key":"Poison Potion"}],"is_trial":false,"path_per_floor":["M","?","M","M","M","E","M","M","T","R","?","?","R","M","R","B",null,"M","?","M","?","?","M","R","M","T","R","M","$","E"],"character_chosen":"IRONCLAD","items_purchased":["Meat on the Bone","Torii","Shrug It Off+1","Evolve"],"campfire_rested":3,"item_purchase_floors":[29,29,29,29],"current_hp_per_floor":[80,80,80,76,75,63,53,51,51,51,51,51,75,78,78,33,80,63,63,45,39,23,19,43,22,22,46,7,7,0],"gold":24,"neow_bonus":"ONE_RANDOM_RARE_CARD","is_prod":false,"is_daily":false,"chose_seed":false,"campfire_upgraded":1,"win_rate":0,"timestamp":1553708867,"path_taken":["M","?","M","?","M","E","M","M","T","R","?","?","R","?","R","BOSS","M","?","?","?","?","M","R","M","T","R","M","$","E"],"build_version":"2019-01-23","purchased_purges":0,"victory":false,"max_hp_per_floor":[80,80,80,80,80,80,80,80,80,80,80,80,80,80,80,80,80,80,80,80,80,80,80,80,80,80,80,80,80,80],"card_choices":[{"not_picked":["Sword Boomerang","Searing Blow"],"picked":"Reckless Charge","floor":1},{"not_picked":["Flame Barrier","Bloodletting"],"picked":"Anger","floor":3},{"not_picked":["Sever Soul","Armaments"],"picked":"Infernal Blade","floor":4},{"not_picked":["Bloodletting","Hemokinesis"],"picked":"Sword Boomerang","floor":5},{"not_picked":["Feel No Pain","Brutality"],"picked":"Spot Weakness","floor":6},{"not_picked":["Reckless Charge","Hemokinesis"],"picked":"Spot Weakness","floor":7},{"not_picked":["True Grit","Havoc"],"picked":"Sword Boomerang","floor":8},{"not_picked":["Havoc","Wild Strike"],"picked":"Pommel Strike","floor":14},{"not_picked":["Immolate","Dark Embrace"],"picked":"Bludgeon","floor":16},{"not_picked":["Hemokinesis","Battle Trance"],"picked":"Body Slam","floor":17},{"not_picked":["Thunderclap","Warcry"],"picked":"Perfected Strike","floor":17},{"not_picked":["Clothesline","Disarm"],"picked":"Blood for Blood","floor":17},{"not_picked":["Sentinel","Corruption"],"picked":"Inflame","floor":17},{"not_picked":["Searing Blow","Blood for Blood"],"picked":"Clash","floor":17},{"not_picked":["Cleave","Intimidate"],"picked":"Infernal Blade","floor":18},{"not_picked":["Ghostly Armor","Intimidate"],"picked":"Metallicize","floor":20},{"not_picked":["Heavy Blade+1","Warcry+1"],"picked":"Rage","floor":23},{"not_picked":["Second Wind","Warcry"],"picked":"Exhume","floor":25},{"not_picked":["Armaments+1","Searing Blow+1"],"picked":"Shrug It Off+1","floor":28}],"player_experience":226138,"relics_obtained":[{"floor":6,"key":"War Paint"},{"floor":9,"key":"MawBank"},{"floor":22,"key":"Nilry\u0027s Codex"},{"floor":26,"key":"Dodecahedron"},{"floor":26,"key":"Toxic Egg 2"}],"event_choices":[{"damage_healed":0,"gold_gain":0,"player_choice":"Ignored","damage_taken":0,"max_hp_gain":0,"max_hp_loss":0,"event_name":"Purifier","floor":2,"gold_loss":0},{"damage_healed":0,"gold_gain":0,"player_choice":"Box","damage_taken":0,"relics_obtained":["Matryoshka"],"max_hp_gain":0,"max_hp_loss":0,"event_name":"Big Fish","floor":11,"gold_loss":0,"cards_obtained":["Regret"]},{"damage_healed":0,"gold_gain":0,"player_choice":"Bought 0 Potions","damage_taken":0,"max_hp_gain":0,"max_hp_loss":0,"event_name":"The Woman in Blue","floor":12,"gold_loss":0},{"damage_healed":0,"gold_gain":0,"player_choice":"Gave Potion","damage_taken":0,"relics_obtained":["Pen Nib"],"max_hp_gain":0,"max_hp_loss":0,"event_name":"WeMeetAgain","floor":19,"gold_loss":0},{"damage_healed":0,"gold_gain":0,"player_choice":"Joined the Cult","damage_taken":6,"max_hp_gain":0,"max_hp_loss":0,"event_name":"Nest","floor":21,"gold_loss":0,"cards_obtained":["RitualDagger"]},{"damage_healed":0,"gold_gain":0,"player_choice":"Obtained Book","damage_taken":16,"max_hp_gain":0,"max_hp_loss":0,"event_name":"Cursed Tome","floor":22,"gold_loss":0}],"is_beta":false,"boss_relics":[{"not_picked":["Runic Pyramid","Runic Cube"],"picked":"Orrery"}],"items_purged_floors":[],"is_endless":false,"potions_floor_spawned":[3,4,5,14,16,18,20,28],"killed_by":"Gremlin Leader","ascension_level":0}