{"gold_per_floor":[110,110,128,128,148,192,192,211,262,262,331,331,371,387,387,485,485,499,499,499,515,556,556,589,602,657,657,691,691,715,113,113,211,211,226,251,251,271,271,305,305,344,420,420,420,436,455,520,520,520,520],"floor_reached":51,"playtime":10652,"items_purged":["Strike_G"],"score":1726,"play_id":"b52b5f4f-e764-44f0-b631-40e0e194dffd","local_time":"20190628002734","is_ascension_mode":true,"campfire_choices":[{"floor":7.0,"key":"REST"},{"floor":10.0,"key":"REST"},{"data":"Cloak And Dagger","floor":15.0,"key":"SMITH"},{"floor":23.0,"key":"REST"},{"floor":29.0,"key":"REST"},{"data":"Cloak And Dagger","floor":32.0,"key":"SMITH"},{"floor":41.0,"key":"REST"},{"floor":44.0,"key":"REST"},{"floor":49.0,"key":"RECALL"}],"neow_cost":"NONE","seed_source_timestamp":0,"circlet_count":0,"master_deck":["AscendersBane","Strike_G","Strike_G","Strike_G","Strike_G","Defend_G+1","Defend_G","Defend_G","Defend_G","Defend_G","Survivor","Neutralize","Deadly Poison","Poisoned Stab","Footwork+1","After Image+1","Caltrops+1","Predator","Cloak And Dagger+1","Malaise","Blade Dance","Cloak And Dagger+1","Blur+1","Cloak And Dagger+1","Backflip","Well Laid Plans+1","Blur","Deflect","Caltrops+1","After Image+1","Finisher","Leg Sweep","Terror+1","Accuracy+1","Doubt","Deflect","Heel Hook+1","Finisher+1"],"special_seed":0,"relics":["Ring of the Snake","Orichalcum","Golden Idol","Frozen Egg 2","Happy Flower","Tiny Chest","Kunai","Sozu","Red Mask","Blue Candle","War Paint","Calipers","Black Star","Torii","Gambling Chip","Molten Egg 2","Dodecahedron","Gremlin Horn","Tingsha"],"potions_floor_usage":[],"damage_taken":[{"damage":2.0,"enemies":"2 Louse","floor":1.0,"turns":4.0},{"damage":13.0,"enemies":"Jaw Worm","floor":3.0,"turns":8.0},{"damage":8.0,"enemies":"Small Slimes","floor":5.0,"turns":3.0},{"damage":29.0,"enemies":"3 Sentries","floor":6.0,"turns":9.0},{"damage":4.0,"enemies":"Looter","floor":8.0,"turns":4.0},{"damage":0.0,"enemies":"Gremlin Nob","floor":11.0,"turns":3.0},{"damage":22.0,"enemies":"3 Sentries","floor":13.0,"turns":9.0},{"damage":3.0,"enemies":"2 Fungi Beasts","floor":14.0,"turns":4.0},{"damage":18.0,"enemies":"Slime Boss","floor":16.0,"turns":11.0},{"damage":0.0,"enemies":"Chosen","floor":18.0,"turns":7.0},{"damage":15.0,"enemies":"Shell Parasite","floor":21.0,"turns":7.0},{"damage":33.0,"enemies":"Masked Bandits","floor":22.0,"turns":6.0},{"damage":0.0,"enemies":"Book of Stabbing","floor":24.0,"turns":6.0},{"damage":0.0,"enemies":"Snake Plant","floor":25.0,"turns":6.0},{"damage":0.0,"enemies":"Colosseum Slavers","floor":27.0,"turns":6.0},{"damage":21.0,"enemies":"Gremlin Leader","floor":28.0,"turns":12.0},{"damage":0.0,"enemies":"3 Cultists","floor":30.0,"turns":5.0},{"damage":0.0,"enemies":"Collector","floor":33.0,"turns":19.0},{"damage":0.0,"enemies":"Orb Walker","floor":35.0,"turns":6.0},{"damage":0.0,"enemies":"3 Shapes","floor":36.0,"turns":9.0},{"damage":23.0,"enemies":"Spire Growth","floor":38.0,"turns":8.0},{"damage":0.0,"enemies":"Nemesis","floor":40.0,"turns":13.0},{"damage":54.0,"enemies":"Reptomancer","floor":42.0,"turns":16.0},{"damage":0.0,"enemies":"Writhing Mass","floor":46.0,"turns":8.0},{"damage":15.0,"enemies":"Jaw Worm Horde","floor":47.0,"turns":6.0},{"damage":13.0,"enemies":"2 Orb Walkers","floor":48.0,"turns":7.0},{"damage":37.0,"enemies":"Awakened One","floor":50.0,"turns":33.0},{"damage":20,"enemies":"Time Eater","floor":51,"turns":5}],"seed_played":"908556972218982","potions_obtained":[{"floor":3.0,"key":"Block Potion"},{"floor":6.0,"key":"FearPotion"},{"floor":8.0,"key":"Fruit Juice"},{"floor":14.0,"key":"PowerPotion"}],"is_trial":false,"path_per_floor":["M","?","M","?","M","E","R","M","T","R","E","?","E","M","R","B",null,"M","?","?","M","?","R","E","M","T","?","E","R","M","$","R","B",null,"M","M","?","M","?","E","R","E","T","R","?","M","M","?","R","B","B"],"character_chosen":"THE_SILENT","items_purchased":["Calipers","Blur","Deflect","Caltrops+1"],"campfire_rested":6,"item_purchase_floors":[31,31,31,31],"current_hp_per_floor":[57,57,44,49,41,12,31,27,27,46,51,51,29,26,26,8,55,55,55,55,40,7,28,28,28,28,28,7,28,28,28,28,28,60,60,60,60,37,37,37,56,2,2,21,66,66,51,38,38,1,0],"gold":520,"neow_bonus":"RANDOM_COMMON_RELIC","is_prod":false,"is_daily":false,"chose_seed":false,"campfire_upgraded":2,"win_rate":0,"timestamp":1561696054,"path_taken":["M","?","M","?","?","E","R","M","T","R","E","?","E","M","R","BOSS","M","?","?","?","?","R","E","M","T","?","E","R","M","$","R","BOSS","M","M","?","M","?","E","R","E","T","R","?","M","?","?","R","BOSS","BOSS"],"build_version":"2019-06-24","purchased_purges":1,"victory":false,"max_hp_per_floor":[66,60,60,65,65,65,65,65,65,65,70,70,70,70,70,70,70,70,70,70,70,70,70,70,70,70,70,70,70,70,70,70,70,70,70,70,66,66,66,66,66,66,66,66,66,66,66,66,66,66,66],"card_choices":[{"not_picked":["Dodge and Roll","Underhanded Strike"],"picked":"Dagger Spray","floor":1.0},{"not_picked":["PiercingWail","Deflect"],"picked":"Deadly Poison","floor":3.0},{"not_picked":["Deadly Poison","Accuracy"],"picked":"Poisoned Stab","floor":5.0},{"not_picked":["Blade Dance","Endless Agony"],"picked":"Footwork","floor":6.0},{"not_picked":["Calculated Gamble","Deflect"],"picked":"After Image+1","floor":8.0},{"not_picked":["Acrobatics","Underhanded Strike"],"picked":"Caltrops+1","floor":11.0},{"not_picked":["Dagger Spray","Flechettes"],"picked":"Predator","floor":13.0},{"not_picked":["Crippling Poison","Bane"],"picked":"Cloak And Dagger","floor":14.0},{"not_picked":["Grand Finale","Die Die Die"],"picked":"Malaise","floor":16.0},{"not_picked":["Eviscerate","Dagger Throw"],"picked":"Blade Dance","floor":18.0},{"not_picked":["Prepared","Deflect"],"picked":"Blur+1","floor":21.0},{"not_picked":["Acrobatics","Prepared"],"picked":"Cloak And Dagger","floor":22.0},{"not_picked":["Die Die Die","Finisher+1"],"picked":"Backflip","floor":24.0},{"not_picked":["Deflect","Concentrate"],"picked":"Well Laid Plans+1","floor":25.0},{"not_picked":["Expertise","Catalyst","Reflex"],"picked":"SKIP","floor":28.0},{"not_picked":["Skewer","Poisoned Stab","PiercingWail"],"picked":"SKIP","floor":30.0},{"not_picked":["Burst","Corpse Explosion"],"picked":"After Image+1","floor":33.0},{"not_picked":["Reflex","Quick Slash","Deadly Poison"],"picked":"SKIP","floor":35.0},{"not_picked":["Deadly Poison","Deflect"],"picked":"Finisher","floor":36.0},{"not_picked":["Outmaneuver+1","Bane"],"picked":"Leg Sweep","floor":38.0},{"not_picked":["Bane","Escape Plan"],"picked":"Terror+1","floor":40.0},{"not_picked":["Acrobatics","Footwork+1"],"picked":"Accuracy+1","floor":42.0},{"not_picked":["Dagger Spray+1","Outmaneuver"],"picked":"Deflect","floor":46.0},{"not_picked":["Bane+1","Dash+1"],"picked":"Heel Hook+1","floor":47.0},{"not_picked":["Outmaneuver","Bouncing Flask"],"picked":"Finisher+1","floor":48.0}],"player_experience":3058668,"relics_obtained":[{"floor":6.0,"key":"Frozen Egg 2"},{"floor":9.0,"key":"Happy Flower"},{"floor":11.0,"key":"Tiny Chest"},{"floor":13.0,"key":"Kunai"},{"floor":22.0,"key":"Red Mask"},{"floor":24.0,"key":"Blue Candle"},{"floor":28.0,"key":"War Paint"},{"floor":40.0,"key":"Torii"},{"floor":40.0,"key":"Gambling Chip"},{"floor":42.0,"key":"Molten Egg 2"},{"floor":42.0,"key":"Dodecahedron"},{"floor":43.0,"key":"Gremlin Horn"},{"floor":48.0,"key":"Tingsha"}],"event_choices":[{"damage_healed":0.0,"max_hp_gain":0.0,"max_hp_loss":6.0,"gold_gain":0.0,"event_name":"Golden Idol","player_choice":"Lose Max HP","floor":2.0,"gold_loss":0.0,"damage_taken":0.0,"relics_obtained":["Golden Idol"]},{"damage_healed":0.0,"max_hp_gain":5.0,"max_hp_loss":0.0,"gold_gain":0.0,"event_name":"Big Fish","player_choice":"Donut","floor":4.0,"gold_loss":0.0,"damage_taken":0.0},{"damage_healed":0.0,"max_hp_gain":0.0,"max_hp_loss":0.0,"gold_gain":0.0,"event_name":"Scrap Ooze","player_choice":"Fled","floor":12.0,"gold_loss":0.0,"damage_taken":0.0},{"damage_healed":0.0,"max_hp_gain":0.0,"max_hp_loss":0.0,"gold_gain":0.0,"event_name":"The Library","player_choice":"Read","floor":19.0,"gold_loss":0.0,"damage_taken":0.0,"cards_obtained":["Cloak And Dagger"]},{"damage_healed":0.0,"max_hp_gain":0.0,"max_hp_loss":0.0,"gold_gain":0.0,"event_name":"Lab","player_choice":"Got Potions","floor":20.0,"gold_loss":0.0,"damage_taken":0.0},{"damage_healed":0.0,"max_hp_gain":0.0,"max_hp_loss":0.0,"gold_gain":0.0,"event_name":"Masked Bandits","player_choice":"Fought Bandits","floor":22.0,"gold_loss":0.0,"damage_taken":0.0},{"damage_healed":0.0,"max_hp_gain":0.0,"max_hp_loss":0.0,"gold_gain":0.0,"event_name":"Colosseum","player_choice":"Fight","floor":27.0,"gold_loss":0.0,"damage_taken":0.0},{"damage_healed":0.0,"max_hp_gain":0.0,"max_hp_loss":0.0,"gold_gain":0.0,"event_name":"Colosseum","player_choice":"Fled From Nobs","floor":27.0,"gold_loss":0.0,"damage_taken":0.0},{"damage_healed":0.0,"max_hp_gain":0.0,"max_hp_loss":4.0,"gold_gain":0.0,"event_name":"Winding Halls","player_choice":"Max HP","floor":37.0,"gold_loss":0.0,"damage_taken":0.0},{"cards_removed":["Dagger Spray"],"damage_healed":0.0,"max_hp_gain":0.0,"max_hp_loss":0.0,"gold_gain":0.0,"event_name":"Falling","player_choice":"Removed Attack","floor":39.0,"gold_loss":0.0,"damage_taken":0.0},{"damage_healed":45.0,"max_hp_gain":0.0,"max_hp_loss":0.0,"gold_gain":0.0,"event_name":"MindBloom","player_choice":"Heal","floor":45.0,"gold_loss":0.0,"damage_taken":0.0,"cards_obtained":["Doubt"]},{"damage_healed":0.0,"max_hp_gain":0.0,"max_hp_loss":0.0,"gold_gain":0.0,"event_name":"Mysterious Sphere","player_choice":"Fight","floor":48.0,"gold_loss":0.0,"damage_taken":0.0}],"is_beta":true,"boss_relics":[{"not_picked":["Velvet Choker","Cursed Key"],"picked":"Sozu"},{"not_picked":["Runic Pyramid","Runic Dome"],"picked":"Black Star"}],"items_purged_floors":[31],"is_endless":false,"potions_floor_spawned":[3,6,8,14,24,25,27,28,36,38,47],"killed_by":"Time Eater","ascension_level":20}