{"gold_per_floor":[109,19,19,94,110,135,135,135,158,158,183,183,216,216,216,335,398,411,436,436,456,37,75,75,116,116,116,116,116,130,30,30,155,155,180,180,198,198,211,211,242,242,242,265,265,300,320,339,339,339],"floor_reached":50,"playtime":2589,"items_purged":["Injury"],"score":646,"play_id":"d1285b54-07ee-47e9-a457-40536dcc5d03","local_time":"20190328022340","is_ascension_mode":false,"campfire_choices":[{"floor":8,"key":"REST"},{"data":"Cloak And Dagger","floor":10,"key":"SMITH"},{"data":"Accuracy","floor":12,"key":"SMITH"},{"floor":15,"key":"RECALL"},{"floor":24,"key":"REST"},{"floor":27,"key":"REST"},{"floor":32,"key":"REST"},{"data":"Cloak And Dagger","floor":40,"key":"SMITH"},{"floor":42,"key":"REST"},{"floor":49,"key":"REST"}],"neow_cost":"NONE","seed_source_timestamp":55008952957750,"circlet_count":0,"master_deck":["Defend_G","Defend_G","Defend_G","Defend_G","Strike_G","Strike_G","Strike_G","Strike_G","Survivor","Neutralize+1","Slice","Infinite Blades+1","Deflect","Cloak And Dagger+1","Accuracy+1","Deflect+1","Tools of the Trade+1","Acrobatics","Finisher","Concentrate+1","RitualDagger","Blur","Infinite Blades+1","Flechettes","Dagger Throw","Accuracy+1","Footwork+1","Cloak And Dagger+1","Blade Dance","Envenom+1","Cloak And Dagger+1","Dodge and Roll+1","Outmaneuver+1","Flying Knee","Quick Slash","Master of Strategy","A Thousand Cuts+1","Footwork+1","Infinite Blades+1"],"relics":["Ring of the Snake","NeowsBlessing","Anchor","Golden Idol","Frozen Egg 2","Tiny House","Mummified Hand","Pear","Strawberry","Darkstone Periapt","Unceasing Top","Philosopher\u0027s Stone","The Courier","Kunai","Peace Pipe"],"potions_floor_usage":[16,19,23,23,37,41,46,48,50],"damage_taken":[{"damage":0,"enemies":"Cultist","floor":1,"turns":1},{"damage":0,"enemies":"2 Louse","floor":5,"turns":1},{"damage":0,"enemies":"Gremlin Nob","floor":6,"turns":1},{"damage":0,"enemies":"Jaw Worm","floor":11,"turns":3},{"damage":4,"enemies":"Lagavulin","floor":13,"turns":6},{"damage":44,"enemies":"Hexaghost","floor":16,"turns":11},{"damage":7,"enemies":"Shell Parasite","floor":18,"turns":7},{"damage":0,"enemies":"Spheric Guardian","floor":19,"turns":3},{"damage":20,"enemies":"Snake Plant","floor":21,"turns":5},{"damage":40,"enemies":"Gremlin Leader","floor":23,"turns":10},{"damage":41,"enemies":"Slavers","floor":25,"turns":6},{"damage":4,"enemies":"Shelled Parasite and Fungi","floor":30,"turns":7},{"damage":22,"enemies":"Champ","floor":33,"turns":10},{"damage":2,"enemies":"Orb Walker","floor":35,"turns":2},{"damage":22,"enemies":"3 Darklings","floor":37,"turns":3},{"damage":7,"enemies":"Jaw Worm Horde","floor":39,"turns":4},{"damage":20,"enemies":"Reptomancer","floor":41,"turns":5},{"damage":1,"enemies":"Spire Growth","floor":44,"turns":4},{"damage":1,"enemies":"Nemesis","floor":46,"turns":5},{"damage":12,"enemies":"4 Shapes","floor":47,"turns":3},{"damage":1,"enemies":"Sphere and 2 Shapes","floor":48,"turns":3},{"damage":88,"enemies":"Time Eater","floor":50,"turns":8}],"seed_played":"-2697629242688085486","potions_obtained":[{"floor":1,"key":"Poison Potion"},{"floor":11,"key":"Energy Potion"},{"floor":17,"key":"Fire Potion"},{"floor":18,"key":"Ancient Potion"},{"floor":23,"key":"FairyPotion"},{"floor":33,"key":"Explosive Potion"},{"floor":39,"key":"Poison Potion"},{"floor":44,"key":"Block Potion"},{"floor":47,"key":"Fruit Juice"},{"floor":48,"key":"FearPotion"}],"is_trial":false,"path_per_floor":["M","$","?","?","M","E","?","R","T","R","M","R","E","?","R","B",null,"M","M","?","M","$","E","R","E","T","R","?","T","M","$","R","B",null,"M","?","M","?","M","R","E","R","T","M","?","E","M","M","R","B"],"character_chosen":"THE_SILENT","items_purchased":["Infinite Blades","Deflect","Mummified Hand","Infinite Blades+1","Flechettes","Dagger Throw","Blade Dance"],"campfire_rested":6,"item_purchase_floors":[2,2,22,22,22,22,31],"current_hp_per_floor":[70,70,70,59,59,59,59,70,70,70,70,70,66,66,66,22,75,68,68,62,42,42,12,37,15,15,42,42,42,38,38,65,43,92,90,90,68,68,61,61,41,68,68,67,67,66,54,58,87,0],"gold":339,"neow_bonus":"THREE_ENEMY_KILL","is_prod":false,"is_daily":false,"chose_seed":false,"campfire_upgraded":3,"win_rate":0,"timestamp":1553703820,"path_taken":["M","$","?","?","M","E","?","R","T","R","?","R","E","?","R","BOSS","M","?","?","M","$","E","R","E","T","R","?","?","?","?","R","BOSS","M","?","M","?","M","R","E","R","T","?","?","E","M","M","R","BOSS"],"build_version":"2019-01-23","purchased_purges":1,"victory":false,"max_hp_per_floor":[70,70,70,70,70,70,70,70,70,70,70,70,70,70,70,70,75,75,75,75,75,75,85,85,92,92,92,92,92,92,92,92,92,92,92,92,92,92,92,92,92,92,92,92,92,92,92,97,97,97],"card_choices":[{"not_picked":["Outmaneuver","Deadly Poison"],"picked":"Slice","floor":1},{"not_picked":["Underhanded Strike","Terror"],"picked":"Cloak And Dagger","floor":5},{"not_picked":["Acrobatics","Dagger Spray"],"picked":"Accuracy","floor":6},{"not_picked":["Deadly Poison","Tools of the Trade","Slice"],"picked":"SKIP","floor":11},{"not_picked":["Predator","Adrenaline"],"picked":"Deflect","floor":13},{"not_picked":["Bullet Time","Corpse Explosion"],"picked":"Tools of the Trade+1","floor":16},{"not_picked":["Riddle With Holes","Calculated Gamble"],"picked":"Acrobatics","floor":17},{"not_picked":["Quick Slash","Terror+1"],"picked":"Finisher","floor":18},{"not_picked":["Deadly Poison","Crippling Poison"],"picked":"Concentrate+1","floor":19},{"not_picked":["PiercingWail","Acrobatics"],"picked":"Blur","floor":21},{"not_picked":["Poisoned Stab+1","Flying Knee"],"picked":"Accuracy+1","floor":23},{"not_picked":["Calculated Gamble+1","Deadly Poison+1"],"picked":"Footwork+1","floor":25},{"not_picked":["Accuracy+1","Terror"],"picked":"Cloak And Dagger+1","floor":30},{"not_picked":["Corpse Explosion","Doppelganger"],"picked":"Envenom+1","floor":33},{"not_picked":["Dagger Spray","Bane"],"picked":"Cloak And Dagger","floor":35},{"not_picked":["Bane","Riddle With Holes+1"],"picked":"Dodge and Roll+1","floor":37},{"not_picked":["Deflect","Venomology"],"picked":"Outmaneuver+1","floor":39},{"not_picked":["Prepared","Predator+1"],"picked":"Flying Knee","floor":41},{"not_picked":["Die Die Die","Crippling Poison"],"picked":"Quick Slash","floor":44},{"not_picked":["Thinking Ahead","Purity"],"picked":"Master of Strategy","floor":45},{"not_picked":["Underhanded Strike+1","Dagger Throw"],"picked":"A Thousand Cuts+1","floor":46},{"not_picked":["Slice+1","Acrobatics"],"picked":"Footwork+1","floor":47},{"not_picked":["Blade Dance+1","Dagger Throw"],"picked":"Infinite Blades+1","floor":48}],"player_experience":219534,"relics_obtained":[{"floor":6,"key":"Anchor"},{"floor":13,"key":"Frozen Egg 2"},{"floor":23,"key":"Pear"},{"floor":25,"key":"Strawberry"},{"floor":26,"key":"Darkstone Periapt"},{"floor":29,"key":"Unceasing Top"},{"floor":41,"key":"The Courier"},{"floor":43,"key":"Kunai"},{"floor":46,"key":"Peace Pipe"}],"event_choices":[{"damage_healed":0,"gold_gain":0,"player_choice":"Grow","damage_taken":0,"max_hp_gain":0,"max_hp_loss":0,"event_name":"Living Wall","floor":3,"gold_loss":0,"cards_upgraded":["Infinite Blades"]},{"damage_healed":0,"gold_gain":75,"player_choice":"Gather Gold","damage_taken":11,"max_hp_gain":0,"max_hp_loss":0,"event_name":"World of Goop","floor":4,"gold_loss":0},{"damage_healed":0,"gold_gain":0,"player_choice":"Take Wound","damage_taken":0,"relics_obtained":["Golden Idol"],"max_hp_gain":0,"max_hp_loss":0,"event_name":"Golden Idol","floor":7,"gold_loss":0,"cards_obtained":["Injury"]},{"damage_healed":0,"gold_gain":0,"player_choice":"Upgraded","damage_taken":0,"max_hp_gain":0,"max_hp_loss":0,"event_name":"Upgrade Shrine","floor":14,"gold_loss":0,"cards_upgraded":["Neutralize"]},{"damage_healed":0,"gold_gain":0,"player_choice":"Joined the Cult","damage_taken":6,"max_hp_gain":0,"max_hp_loss":0,"event_name":"Nest","floor":20,"gold_loss":0,"cards_obtained":["RitualDagger"]},{"damage_healed":0,"gold_gain":0,"player_choice":"Ignored","damage_taken":0,"max_hp_gain":0,"max_hp_loss":0,"event_name":"Ghosts","floor":28,"gold_loss":0},{"cards_removed":["Defend_G"],"damage_healed":0,"gold_gain":0,"player_choice":"Removed Skill","damage_taken":0,"max_hp_gain":0,"max_hp_loss":0,"event_name":"Falling","floor":36,"gold_loss":0},{"cards_removed":["Strike_G"],"damage_healed":0,"gold_gain":0,"player_choice":"Purged","damage_taken":0,"max_hp_gain":0,"max_hp_loss":0,"event_name":"Purifier","floor":38,"gold_loss":0},{"damage_healed":0,"gold_gain":0,"player_choice":"Memory 1","damage_taken":0,"max_hp_gain":0,"max_hp_loss":0,"event_name":"SensoryStone","floor":45,"gold_loss":0}],"is_beta":false,"boss_relics":[{"not_picked":["HoveringKite","Fusion Hammer"],"picked":"Tiny House"},{"not_picked":["Runic Pyramid","Coffee Dripper"],"picked":"Philosopher\u0027s Stone"}],"items_purged_floors":[31],"is_endless":false,"potions_floor_spawned":[1,11,18,23,33,39,44,47,48],"killed_by":"Time Eater","ascension_level":0}