{"gold_per_floor":[119,131,306,324,336,336,336,336,360,360,378,395,395,395,395,395],"floor_reached":16,"playtime":1490,"items_purged":[],"score":115,"play_id":"b32500c1-9e1d-46f5-a196-509a8f307e17","local_time":"20190226210335","is_ascension_mode":true,"campfire_choices":[{"floor":6,"key":"REST"},{"floor":8,"key":"REST"},{"floor":13,"key":"REST"},{"floor":15,"key":"REST"}],"neow_cost":"NONE","seed_source_timestamp":611924893376913,"circlet_count":0,"master_deck":["Strike_B","Strike_B","Strike_B","Strike_B","Defend_B","Defend_B","Defend_B","Defend_B","Zap","Dualcast","Doubt","Scrape","Gash"],"relics":["Cracked Core","NeowsBlessing","Omamori","Art of War","FaceOfCleric","Meat on the Bone"],"potions_floor_usage":[12],"damage_taken":[{"damage":0,"enemies":"2 Louse","floor":1,"turns":1},{"damage":0,"enemies":"Jaw Worm","floor":2,"turns":1},{"damage":0,"enemies":"Small Slimes","floor":4,"turns":1},{"damage":55,"enemies":"Exordium Thugs","floor":5,"turns":7},{"damage":20,"enemies":"3 Louse","floor":11,"turns":4},{"damage":12,"enemies":"Looter","floor":12,"turns":3},{"damage":80,"enemies":"Hexaghost","floor":16,"turns":9}],"seed_played":"2888720733932810971","potions_obtained":[{"floor":1,"key":"FearPotion"},{"floor":4,"key":"Swift Potion"}],"is_trial":false,"path_per_floor":["M","M","?","M","M","R","?","R","T","?","M","M","R","T","R","B"],"character_chosen":"DEFECT","items_purchased":[],"campfire_rested":4,"item_purchase_floors":[],"current_hp_per_floor":[75,75,75,75,20,42,39,61,61,61,42,31,54,54,77,0],"gold":395,"neow_bonus":"THREE_ENEMY_KILL","is_prod":false,"is_daily":false,"chose_seed":false,"campfire_upgraded":0,"win_rate":0,"timestamp":1551236615,"path_taken":["M","M","?","M","M","R","?","R","T","?","?","M","R","?","R","BOSS"],"build_version":"2019-01-23","purchased_purges":0,"victory":false,"max_hp_per_floor":[75,75,75,75,75,75,75,75,75,75,76,77,77,77,77,77],"card_choices":[{"not_picked":["Force Field","Auto Shields","Darkness"],"picked":"SKIP","floor":1},{"not_picked":["Barrage","Sweeping Beam","Consume"],"picked":"SKIP","floor":2},{"not_picked":["Ball Lightning","Reinforced Body","Conserve Battery"],"picked":"SKIP","floor":4},{"not_picked":["Sunder","Rebound"],"picked":"Scrape","floor":5},{"not_picked":["Consume","Sunder"],"picked":"Gash","floor":11},{"not_picked":["Genetic Algorithm","Coolheaded","Steam"],"picked":"SKIP","floor":12}],"player_experience":439785,"relics_obtained":[{"floor":9,"key":"Art of War"},{"floor":14,"key":"Meat on the Bone"}],"event_choices":[{"damage_healed":0,"gold_gain":175,"player_choice":"AGREE","damage_taken":0,"max_hp_gain":0,"max_hp_loss":0,"event_name":"Liars Game","floor":3,"gold_loss":0,"cards_obtained":["Doubt"]},{"damage_healed":0,"gold_gain":0,"player_choice":"Success","damage_taken":3,"relics_obtained":["Omamori"],"max_hp_gain":0,"max_hp_loss":0,"event_name":"Scrap Ooze","floor":7,"gold_loss":0},{"damage_healed":0,"gold_gain":0,"player_choice":"Trade","damage_taken":0,"relics_obtained":["FaceOfCleric"],"max_hp_gain":0,"max_hp_loss":0,"event_name":"FaceTrader","floor":10,"gold_loss":0}],"is_beta":false,"boss_relics":[],"items_purged_floors":[],"is_endless":false,"potions_floor_spawned":[1,4],"killed_by":"Hexaghost","ascension_level":5}