{"gold_per_floor":[117,117,117,128,403,432,47,64,64,64,97,97,109,139,139,239,239,239,149,99,99,99,99,99,30,30,30,30,30,30,30,30,30,30,30,30,30,30,30,30,30,30,30,30,30,30,30,30,30,30],"floor_reached":51,"playtime":3141,"items_purged":["Regret"],"score":812,"play_id":"968f0a30-7941-4c71-9b59-cf561732a58e","local_time":"20190420162044","is_ascension_mode":false,"campfire_choices":[{"data":"Offering","floor":10,"key":"SMITH"},{"data":"True Grit","floor":12,"key":"SMITH"},{"data":"Armaments","floor":15,"key":"SMITH"},{"floor":24,"key":"REST"},{"data":"Heavy Blade","floor":27,"key":"SMITH"},{"floor":32,"key":"REST"},{"floor":40,"key":"REST"},{"data":"Armaments","floor":45,"key":"SMITH"},{"floor":49,"key":"REST"}],"neow_cost":"NONE","seed_source_timestamp":6018321008124,"circlet_count":0,"master_deck":["Strike_R","Strike_R","Strike_R","Strike_R","Defend_R","Defend_R","Defend_R","Defend_R","Bash","Burning Pact","Sentinel","Power Through","Offering+1","Metallicize","True Grit+1","Uppercut","Flex","Heavy Blade+1","Anger","Armaments+1","Brutality+1","Flex","Headbutt","Rupture+1","Barricade+1","Wild Strike","Whirlwind","Shrug It Off","Armaments+1","Offering","Feel No Pain+1","Madness","Madness","Seeing Red+1","Inflame+1","Warcry+1","Iron Wave","Shrug It Off+1"],"relics":["Burning Blood","NeowsBlessing","Mango","Anchor","Frozen Egg 2","Red Skull","Potion Belt","Ectoplasm","Happy Flower","Bronze Scales","Omamori","Charon\u0027s Ashes","Singing Bowl","Mark of Pain","Pocketwatch","Meat on the Bone","Torii"],"potions_floor_usage":[11,14,22,23,29,31,38,41,41,47,50,50],"damage_taken":[{"damage":0,"enemies":"Jaw Worm","floor":1,"turns":1},{"damage":0,"enemies":"2 Louse","floor":4,"turns":1},{"damage":0,"enemies":"3 Sentries","floor":6,"turns":2},{"damage":6,"enemies":"Cultist","floor":8,"turns":3},{"damage":23,"enemies":"Gremlin Nob","floor":11,"turns":6},{"damage":7,"enemies":"Large Slime","floor":13,"turns":4},{"damage":17,"enemies":"Lagavulin","floor":14,"turns":6},{"damage":44,"enemies":"Hexaghost","floor":16,"turns":11},{"damage":10,"enemies":"Spheric Guardian","floor":18,"turns":5},{"damage":25,"enemies":"2 Thieves","floor":19,"turns":4},{"damage":12,"enemies":"Centurion and Healer","floor":21,"turns":7},{"damage":11,"enemies":"3 Cultists","floor":22,"turns":5},{"damage":15,"enemies":"Slavers","floor":23,"turns":7},{"damage":21,"enemies":"Gremlin Leader","floor":28,"turns":6},{"damage":10,"enemies":"Colosseum Slavers","floor":29,"turns":3},{"damage":22,"enemies":"Colosseum Nobs","floor":29,"turns":3},{"damage":12,"enemies":"Shelled Parasite and Fungi","floor":31,"turns":4},{"damage":33,"enemies":"Collector","floor":33,"turns":11},{"damage":15,"enemies":"Orb Walker","floor":35,"turns":4},{"damage":8,"enemies":"3 Darklings","floor":37,"turns":3},{"damage":37,"enemies":"Transient","floor":38,"turns":5},{"damage":14,"enemies":"Spire Growth","floor":39,"turns":3},{"damage":15,"enemies":"Giant Head","floor":41,"turns":7},{"damage":4,"enemies":"3 Darklings","floor":42,"turns":3},{"damage":12,"enemies":"Jaw Worm Horde","floor":44,"turns":2},{"damage":34,"enemies":"2 Orb Walkers","floor":46,"turns":3},{"damage":12,"enemies":"Maw","floor":47,"turns":7},{"damage":67,"enemies":"Awakened One","floor":50,"turns":10}],"seed_played":"-6054190766755197767","potions_obtained":[{"floor":1,"key":"Weak Potion"},{"floor":6,"key":"Energy Potion"},{"floor":11,"key":"BloodPotion"},{"floor":21,"key":"GamblersBrew"},{"floor":23,"key":"Explosive Potion"},{"floor":29,"key":"Fire Potion"},{"floor":33,"key":"Poison Potion"},{"floor":37,"key":"Energy Potion"},{"floor":38,"key":"PowerPotion"},{"floor":41,"key":"GamblersBrew"},{"floor":44,"key":"FairyPotion"},{"floor":46,"key":"SpeedPotion"},{"floor":47,"key":"AttackPotion"}],"is_trial":false,"path_per_floor":["M","?","?","M","?","E","$","M","T","R","E","R","M","E","R","B",null,"M","M","?","M","M","E","R","$","T","R","E","?","$","M","R","B",null,"M","?","M","M","M","R","E","M","T","M","R","?","M","$","R","B",null],"character_chosen":"IRONCLAD","items_purchased":["Metallicize","Anchor","True Grit","Uppercut","Whirlwind"],"campfire_rested":4,"item_purchase_floors":[7,7,7,7,25],"current_hp_per_floor":[80,80,80,80,80,94,94,94,94,94,77,77,76,74,74,36,94,90,71,71,65,60,51,79,79,79,79,64,44,44,40,68,41,96,87,75,73,42,34,62,53,57,57,65,65,49,57,57,87,38],"gold":30,"neow_bonus":"THREE_ENEMY_KILL","is_prod":false,"is_daily":false,"chose_seed":false,"campfire_upgraded":5,"win_rate":0,"timestamp":1555741244,"path_taken":["M","?","?","?","?","E","$","M","T","R","E","R","?","E","R","BOSS","M","M","?","M","M","E","R","?","T","R","E","?","?","M","R","BOSS","M","?","M","M","M","R","E","M","T","M","R","?","M","$","R","BOSS"],"build_version":"2019-01-23","purchased_purges":1,"victory":true,"max_hp_per_floor":[80,80,80,80,80,94,94,94,94,94,94,94,94,94,94,94,94,94,94,94,94,94,94,94,94,94,94,94,94,94,96,96,96,96,96,96,96,96,96,96,96,98,98,100,100,100,102,102,102,102],"card_choices":[{"not_picked":["Pummel","Battle Trance"],"picked":"Burning Pact","floor":1},{"not_picked":["Clothesline","Iron Wave"],"picked":"Power Through","floor":4},{"not_picked":["Pummel","Havoc"],"picked":"Offering","floor":6},{"not_picked":["Anger","Bloodletting"],"picked":"Flex","floor":8},{"not_picked":["Bloodletting","Cleave"],"picked":"Heavy Blade","floor":11},{"not_picked":["Uppercut","Combust+1"],"picked":"Anger","floor":13},{"not_picked":["Battle Trance","Shrug It Off"],"picked":"Armaments","floor":14},{"not_picked":["Double Tap","Berserk+1"],"picked":"Brutality+1","floor":16},{"not_picked":["Anger","Cleave"],"picked":"Flex","floor":18},{"not_picked":["Clash","Carnage"],"picked":"Headbutt","floor":19},{"not_picked":["Uppercut","Dropkick+1"],"picked":"Rupture+1","floor":21},{"not_picked":["Sword Boomerang","Havoc"],"picked":"Barricade+1","floor":22},{"not_picked":["Headbutt+1","Intimidate"],"picked":"Wild Strike","floor":23},{"not_picked":["Uppercut+1","Infernal Blade"],"picked":"Shrug It Off","floor":28},{"not_picked":["Twin Strike","Double Tap"],"picked":"Armaments","floor":29},{"not_picked":["Seeing Red","Heavy Blade+1","Sentinel"],"picked":"Singing Bowl","floor":31},{"not_picked":["Double Tap","Impervious"],"picked":"Offering","floor":33},{"not_picked":["True Grit+1","Cleave+1"],"picked":"Feel No Pain+1","floor":35},{"not_picked":["Entrench","Havoc"],"picked":"Seeing Red+1","floor":37},{"not_picked":["Wild Strike","Dual Wield+1"],"picked":"Inflame+1","floor":38},{"not_picked":["Dropkick+1","Rage+1"],"picked":"Warcry+1","floor":39},{"not_picked":["Wild Strike","Battle Trance"],"picked":"Iron Wave","floor":41},{"not_picked":["Reckless Charge+1","Sword Boomerang+1","Fire Breathing+1"],"picked":"Singing Bowl","floor":42},{"not_picked":["Heavy Blade","Immolate","Carnage+1"],"picked":"Singing Bowl","floor":44},{"not_picked":["Warcry+1","Thunderclap+1"],"picked":"Shrug It Off+1","floor":46},{"not_picked":["Shrug It Off","Second Wind","Twin Strike+1"],"picked":"Singing Bowl","floor":47}],"player_experience":343206,"relics_obtained":[{"floor":6,"key":"Mango"},{"floor":9,"key":"Frozen Egg 2"},{"floor":11,"key":"Red Skull"},{"floor":14,"key":"Potion Belt"},{"floor":23,"key":"Happy Flower"},{"floor":26,"key":"Bronze Scales"},{"floor":28,"key":"Omamori"},{"floor":29,"key":"Charon\u0027s Ashes"},{"floor":29,"key":"Singing Bowl"},{"floor":41,"key":"Pocketwatch"},{"floor":43,"key":"Meat on the Bone"},{"floor":46,"key":"Torii"}],"event_choices":[{"damage_healed":0,"gold_gain":0,"cards_transformed":["Strike_R"],"player_choice":"Change","damage_taken":0,"max_hp_gain":0,"max_hp_loss":0,"event_name":"Living Wall","floor":2,"gold_loss":0,"cards_obtained":["Sentinel"]},{"damage_healed":0,"gold_gain":0,"player_choice":"Bought 0 Potions","damage_taken":0,"max_hp_gain":0,"max_hp_loss":0,"event_name":"The Woman in Blue","floor":3,"gold_loss":0},{"damage_healed":0,"gold_gain":275,"player_choice":"Desecrate","damage_taken":0,"max_hp_gain":0,"max_hp_loss":0,"event_name":"Golden Shrine","floor":5,"gold_loss":0,"cards_obtained":["Regret"]},{"damage_healed":0,"gold_gain":250,"player_choice":"Bet on Owner","damage_taken":0,"max_hp_gain":0,"max_hp_loss":0,"event_name":"The Joust","floor":20,"gold_loss":50},{"damage_healed":0,"gold_gain":0,"player_choice":"Fight","damage_taken":0,"max_hp_gain":0,"max_hp_loss":0,"event_name":"Colosseum","floor":29,"gold_loss":0},{"damage_healed":0,"gold_gain":0,"player_choice":"Fought Nobs","damage_taken":0,"max_hp_gain":0,"max_hp_loss":0,"event_name":"Colosseum","floor":29,"gold_loss":0},{"damage_healed":0,"gold_gain":0,"player_choice":"Embrace Madness","damage_taken":12,"max_hp_gain":0,"max_hp_loss":0,"event_name":"Winding Halls","floor":36,"gold_loss":0,"cards_obtained":["Madness","Madness"]},{"damage_healed":0,"gold_gain":0,"player_choice":"Fight","damage_taken":0,"max_hp_gain":0,"max_hp_loss":0,"event_name":"Mysterious Sphere","floor":46,"gold_loss":0}],"is_beta":false,"boss_relics":[{"not_picked":["Fusion Hammer","Velvet Choker"],"picked":"Ectoplasm"},{"not_picked":["Empty Cage","Runic Dome"],"picked":"Mark of Pain"}],"items_purged_floors":[7],"is_endless":false,"potions_floor_spawned":[1,6,11,21,23,29,29,33,37,38,41,44,46,47],"ascension_level":0}