{"gold_per_floor":[118,118,118,83,103,103,132,132,186,186,66,94,104,117,117,218,218,238,222,222,222,102,134,134,144,174,191,203,214,214,233,233,332,332,346,359,359,371,65,65,94,94,118,70,88,101,101,118,118,118,118,118,43,43],"floor_reached":54,"playtime":2211,"items_purged":["Clothesline"],"score":749,"play_id":"91bf9d12-6514-4384-9fbf-14585b26c81d","local_time":"20190329021421","is_ascension_mode":false,"campfire_choices":[{"data":"Demon Form","floor":6,"key":"SMITH"},{"data":"Body Slam","floor":8,"key":"SMITH"},{"data":"Bash","floor":10,"key":"SMITH"},{"data":"Flex","floor":15,"key":"SMITH"},{"floor":24,"key":"REST"},{"floor":30,"key":"RECALL"},{"data":"Barricade","floor":32,"key":"SMITH"},{"floor":40,"key":"REST"},{"data":"Berserk","floor":42,"key":"SMITH"},{"floor":47,"key":"REST"},{"floor":49,"key":"REST"},{"data":"Limit Break","floor":52,"key":"SMITH"}],"neow_cost":"NONE","seed_source_timestamp":42511252401249,"circlet_count":0,"master_deck":["Bash+1","Cleave","Demon Form+1","Body Slam+1","Power Through","Power Through","Shrug It Off","Blood for Blood","Reaper","Flex+1","Barricade+1","Twin Strike+1","Heavy Blade","Thunderclap","Bludgeon","Demon Form+1","Perfected Strike","Body Slam","True Grit","Body Slam","Perfected Strike+1","True Grit+1","Pommel Strike","Flex","Cleave","Berserk+1","Limit Break","Dual Wield","Armaments","Intimidate","Limit Break+1","Rupture","True Grit","Flame Barrier+1","Reaper","Whirlwind","Shrug It Off","Ghostly Armor+1","Disarm+1","Shrug It Off+1"],"relics":["Burning Blood","NeowsBlessing","Gambling Chip","Lantern","Mark of Pain","Vajra","Tiny Chest","Pandora\u0027s Box","Boot","Bronze Scales","Red Skull"],"potions_floor_usage":[14,18,23,33,33,33,38,46,50],"damage_taken":[{"damage":0,"enemies":"Jaw Worm","floor":1,"turns":1},{"damage":0,"enemies":"2 Louse","floor":5,"turns":1},{"damage":0,"enemies":"Lagavulin","floor":7,"turns":1},{"damage":11,"enemies":"Gremlin Nob","floor":12,"turns":4},{"damage":0,"enemies":"Small Slimes","floor":13,"turns":3},{"damage":0,"enemies":"Gremlin Gang","floor":14,"turns":5},{"damage":44,"enemies":"The Guardian","floor":16,"turns":10},{"damage":14,"enemies":"3 Byrds","floor":18,"turns":8},{"damage":0,"enemies":"2 Thieves","floor":19,"turns":4},{"damage":51,"enemies":"Book of Stabbing","floor":23,"turns":7},{"damage":22,"enemies":"3 Cultists","floor":25,"turns":5},{"damage":6,"enemies":"Snake Plant","floor":27,"turns":3},{"damage":16,"enemies":"Centurion and Healer","floor":28,"turns":5},{"damage":30,"enemies":"Sentry and Sphere","floor":29,"turns":5},{"damage":4,"enemies":"Cultist and Chosen","floor":31,"turns":4},{"damage":39,"enemies":"Automaton","floor":33,"turns":10},{"damage":12,"enemies":"Orb Walker","floor":35,"turns":4},{"damage":42,"enemies":"3 Shapes","floor":36,"turns":8},{"damage":44,"enemies":"Sphere and 2 Shapes","floor":38,"turns":5},{"damage":25,"enemies":"Giant Head","floor":41,"turns":7},{"damage":28,"enemies":"3 Darklings","floor":45,"turns":3},{"damage":51,"enemies":"Spire Growth","floor":46,"turns":6},{"damage":37,"enemies":"Writhing Mass","floor":48,"turns":5},{"damage":98,"enemies":"Awakened One","floor":50,"turns":9},{"damage":80,"enemies":"Shield and Spear","floor":54,"turns":3}],"seed_played":"5156129425339249713","potions_obtained":[{"floor":5,"key":"Dexterity Potion"},{"floor":16,"key":"Block Potion"},{"floor":19,"key":"PowerPotion"},{"floor":23,"key":"GamblersBrew"},{"floor":28,"key":"Dexterity Potion"},{"floor":29,"key":"SpeedPotion"},{"floor":33,"key":"PowerPotion"},{"floor":41,"key":"Fire Potion"},{"floor":45,"key":"Block Potion"}],"is_trial":false,"path_per_floor":["M","?","?","?","M","R","E","R","T","R","$","E","M","M","R","B",null,"M","M","?","?","$","E","R","M","T","M","M","M","R","M","R","B",null,"M","M","?","M","$","R","E","R","T","$","M","M","R","M","R","B",null,"R","$","E"],"character_chosen":"IRONCLAD","items_purchased":["Power Through","Shrug It Off","Perfected Strike","Body Slam","True Grit","Boot","Reaper","Shrug It Off"],"campfire_rested":4,"item_purchase_floors":[11,11,22,22,22,39,39,44],"current_hp_per_floor":[80,64,64,80,80,80,80,80,80,80,80,75,80,80,80,64,80,80,80,80,80,80,35,59,64,64,64,70,46,46,70,70,48,80,74,56,56,44,44,68,80,80,80,80,58,38,62,31,55,24,80,80,80,0],"gold":43,"neow_bonus":"THREE_ENEMY_KILL","is_prod":false,"is_daily":false,"chose_seed":false,"campfire_upgraded":7,"win_rate":0,"timestamp":1553789661,"path_taken":["M","?","?","?","M","R","E","R","T","R","$","E","M","?","R","BOSS","M","M","?","?","$","E","R","M","T","?","M","M","R","M","R","BOSS","M","M","?","?","$","R","E","R","T","$","M","M","R","M","R","BOSS","R","$","E"],"build_version":"2019-01-23","purchased_purges":1,"victory":false,"max_hp_per_floor":[80,80,80,80,80,80,80,80,80,80,80,80,80,80,80,80,80,80,80,80,80,80,80,80,80,80,80,80,80,80,80,80,80,80,80,80,80,80,80,80,80,80,80,80,80,80,80,80,80,80,80,80,80,80],"card_choices":[{"not_picked":["Havoc","Searing Blow"],"picked":"Cleave","floor":1},{"not_picked":["Seeing Red","Combust"],"picked":"Body Slam","floor":5},{"not_picked":["Second Wind","Thunderclap"],"picked":"Power Through","floor":7},{"not_picked":["Thunderclap","True Grit"],"picked":"Blood for Blood","floor":12},{"not_picked":["Warcry","Dual Wield"],"picked":"Reaper","floor":13},{"not_picked":["Havoc","Anger"],"picked":"Flex","floor":14},{"not_picked":["Double Tap","Dark Embrace"],"picked":"Barricade","floor":16},{"not_picked":["Iron Wave","Anger"],"picked":"Twin Strike+1","floor":18},{"not_picked":["Anger+1","Infernal Blade"],"picked":"Heavy Blade","floor":19},{"not_picked":["Bludgeon","Combust"],"picked":"Body Slam","floor":23},{"not_picked":["Entrench","Clothesline+1"],"picked":"Perfected Strike+1","floor":25},{"not_picked":["Perfected Strike","Battle Trance"],"picked":"True Grit+1","floor":27},{"not_picked":["Wild Strike","Juggernaut"],"picked":"Pommel Strike","floor":28},{"not_picked":["Searing Blow","Hemokinesis"],"picked":"Flex","floor":29},{"not_picked":["Fire Breathing","Iron Wave"],"picked":"Cleave","floor":31},{"not_picked":["Exhume","Demon Form"],"picked":"Berserk","floor":33},{"not_picked":["Sword Boomerang","Whirlwind+1"],"picked":"Rupture","floor":35},{"not_picked":["Pommel Strike","Armaments"],"picked":"True Grit","floor":36},{"not_picked":["Sword Boomerang+1","True Grit+1"],"picked":"Flame Barrier+1","floor":38},{"not_picked":["Cleave+1","Iron Wave"],"picked":"Whirlwind","floor":41},{"not_picked":["Thunderclap+1","Cleave+1"],"picked":"Ghostly Armor+1","floor":45},{"not_picked":["Perfected Strike","Bludgeon"],"picked":"Disarm+1","floor":46},{"not_picked":["Carnage","Havoc"],"picked":"Shrug It Off+1","floor":48}],"player_experience":266821,"relics_obtained":[{"floor":7,"key":"Gambling Chip"},{"floor":12,"key":"Lantern"},{"floor":23,"key":"Vajra"},{"floor":26,"key":"Tiny Chest"},{"floor":41,"key":"Bronze Scales"},{"floor":43,"key":"Red Skull"}],"event_choices":[{"damage_healed":0,"gold_gain":0,"player_choice":"Entered Light","damage_taken":16,"max_hp_gain":0,"max_hp_loss":0,"event_name":"Shining Light","floor":2,"gold_loss":0,"cards_upgraded":["Strike_R","Defend_R"]},{"damage_healed":0,"gold_gain":0,"cards_transformed":["Strike_R"],"player_choice":"Change","damage_taken":0,"max_hp_gain":0,"max_hp_loss":0,"event_name":"Living Wall","floor":3,"gold_loss":0,"cards_obtained":["Demon Form"]},{"damage_healed":20,"gold_gain":0,"player_choice":"Healed","damage_taken":0,"max_hp_gain":0,"max_hp_loss":0,"event_name":"The Cleric","floor":4,"gold_loss":35},{"damage_healed":0,"gold_gain":0,"cards_transformed":["Strike_R","Defend_R"],"player_choice":"Became Test Subject","damage_taken":0,"max_hp_gain":0,"max_hp_loss":0,"event_name":"Drug Dealer","floor":20,"gold_loss":0,"cards_obtained":["Thunderclap","Bludgeon"]},{"damage_healed":0,"gold_gain":0,"player_choice":"Copied","damage_taken":0,"max_hp_gain":0,"max_hp_loss":0,"event_name":"Duplicator","floor":21,"gold_loss":0,"cards_obtained":["Demon Form"]},{"damage_healed":0,"gold_gain":0,"player_choice":"Ignored","damage_taken":0,"max_hp_gain":0,"max_hp_loss":0,"event_name":"NoteForYourself","floor":37,"gold_loss":0}],"is_beta":false,"boss_relics":[{"not_picked":["Lizard Tail","Fusion Hammer"],"picked":"Mark of Pain"},{"not_picked":["Runic Dome","Coffee Dripper"],"picked":"Pandora\u0027s Box"}],"items_purged_floors":[53],"is_endless":false,"potions_floor_spawned":[5,16,19,23,28,29,31,33,41,45],"killed_by":"Shield and Spear","ascension_level":0}