{"gold_per_floor":[118,34,46,61,61,95,95,95,95,95,108,108,183,81,81,177,177,197,212,231,93,93,93,12,45,45,65,79,29,49,64,64,162,162,178,128,146,146,96,96,46,0,49,49,149,149,149,165,165,165],"floor_reached":51,"playtime":5478,"items_purged":["Strike_B","Strike_B","Defend_B","Double Energy+1","Defend_B"],"score":807,"play_id":"a1aa33fe-0d72-403d-8d6b-d9ecc0ca3921","local_time":"20190127004414","is_ascension_mode":true,"campfire_choices":[{"floor":8.0,"key":"REST"},{"floor":10.0,"key":"REST"},{"data":"Scrape","floor":15.0,"key":"SMITH"},{"floor":23.0,"key":"REST"},{"data":"Reboot","floor":32,"key":"SMITH"},{"data":"Impatience","floor":40,"key":"SMITH"},{"data":"Impatience","floor":44,"key":"SMITH"},{"data":"Beam Cell","floor":47,"key":"SMITH"},{"data":"Gash","floor":49,"key":"SMITH"}],"neow_cost":"NONE","seed_source_timestamp":4281145411365,"circlet_count":0,"master_deck":["Defend_B","Gash+1","Impatience+1","Genetic Algorithm","Scrape+1","Gash","Self Repair","Gash","Reboot+1","Beam Cell+1","Gash","Impatience+1","Gash","Finesse","All For One"],"special_seed":0,"relics":["Nuclear Battery","Dodecahedron","Pear","Nloth\u0027s Gift","Smiling Mask","Bottled Lightning","Runic Pyramid","Red Mask","Dream Catcher"],"potions_floor_usage":[27,33],"damage_taken":[{"damage":9.0,"enemies":"Jaw Worm","floor":1.0,"turns":5.0},{"damage":0.0,"enemies":"Small Slimes","floor":3.0,"turns":3.0},{"damage":4.0,"enemies":"2 Louse","floor":4.0,"turns":3.0},{"damage":44.0,"enemies":"3 Sentries","floor":6.0,"turns":9.0},{"damage":0.0,"enemies":"Large Slime","floor":11.0,"turns":4.0},{"damage":16.0,"enemies":"The Guardian","floor":16.0,"turns":7.0},{"damage":0.0,"enemies":"Spheric Guardian","floor":18.0,"turns":3.0},{"damage":5.0,"enemies":"Shell Parasite","floor":19.0,"turns":3.0},{"damage":30.0,"enemies":"Snake Plant","floor":20.0,"turns":4.0},{"damage":20,"enemies":"Gremlin Leader","floor":25,"turns":4},{"damage":0,"enemies":"Centurion and Healer","floor":27,"turns":3},{"damage":0,"enemies":"Snecko","floor":28,"turns":2},{"damage":0,"enemies":"3 Cultists","floor":30,"turns":4},{"damage":0,"enemies":"Snake Plant","floor":31,"turns":2},{"damage":36,"enemies":"Collector","floor":33,"turns":5},{"damage":0,"enemies":"Orb Walker","floor":35,"turns":2},{"damage":0,"enemies":"3 Darklings","floor":37,"turns":2},{"damage":0,"enemies":"Mind Bloom Boss Battle","floor":45,"turns":1},{"damage":0,"enemies":"4 Shapes","floor":48,"turns":1},{"damage":0,"enemies":"Awakened One","floor":50,"turns":2}],"seed_played":"-3994318455235914078","potions_obtained":[{"floor":1.0,"key":"LiquidBronze"},{"floor":4.0,"key":"SmokeBomb"},{"floor":6.0,"key":"PowerPotion"},{"floor":25,"key":"Regen Potion"},{"floor":27,"key":"SteroidPotion"},{"floor":28,"key":"AttackPotion"},{"floor":33,"key":"GamblersBrew"}],"is_trial":false,"path_per_floor":["M","$","M","M","?","E","?","R","T","R","M","?","?","$","R","B",null,"M","M","M","$","?","R","$","E","T","M","M","$","M","M","R","B",null,"M","$","M","?","$","R","$","?","T","R","?","?","R","M","R","B",null],"character_chosen":"DEFECT","items_purchased":["Impatience","Gash","Impatience","Gash","Finesse"],"campfire_rested":3,"item_purchase_floors":[2,14,21,21,24],"current_hp_per_floor":[66,66,66,62,55,11,11,33,43,68,68,73,62,62,62,53,90,90,90,67,67,67,90,90,70,70,86,90,90,90,90,90,54,90,90,90,90,90,90,90,90,90,90,90,90,90,90,90,90,90],"gold":165,"neow_bonus":"BOSS_RELIC","is_prod":false,"is_daily":false,"chose_seed":false,"campfire_upgraded":6,"win_rate":0,"timestamp":1548571454,"path_taken":["M","$","M","M","?","E","?","R","T","R","M","?","?","$","R","BOSS","M","M","M","$","?","R","$","E","T","?","?","$","?","M","R","BOSS","M","$","?","?","?","R","$","?","T","R","?","?","R","M","R","BOSS"],"build_version":"2019-01-23","purchased_purges":5,"victory":true,"max_hp_per_floor":[75,75,75,75,75,75,75,75,85,85,85,90,90,90,90,90,90,90,90,90,90,90,90,90,90,90,90,90,90,90,90,90,90,90,90,90,90,90,90,90,90,90,90,90,90,90,90,90,90,90],"card_choices":[{"not_picked":["Loop","Steam"],"picked":"Gash","floor":1.0},{"not_picked":["Beam Cell","Compile Driver"],"picked":"Genetic Algorithm","floor":3.0},{"not_picked":["Doom and Gloom","Leap"],"picked":"Scrape","floor":4.0},{"not_picked":["Redo","Meteor Strike"],"picked":"Gash","floor":6.0},{"not_picked":["Stack","Force Field"],"picked":"Self Repair","floor":11.0},{"not_picked":["Electrodynamics","Echo Form"],"picked":"Reboot","floor":16.0},{"not_picked":["Chaos","Chill"],"picked":"Beam Cell","floor":18.0},{"not_picked":["Conserve Battery","Tempest","Rip and Tear"],"picked":"SKIP","floor":19.0},{"not_picked":["Stack+1","Cold Snap"],"picked":"Gash","floor":20.0},{"not_picked":["Rainbow","Cold Snap"],"picked":"Double Energy+1","floor":25},{"not_picked":["Rebound","Fusion","Defragment"],"picked":"SKIP","floor":27},{"not_picked":["Turbo","Streamline+1","Chill"],"picked":"SKIP","floor":28},{"not_picked":["Melter","Streamline","Rebound"],"picked":"SKIP","floor":30},{"not_picked":["Hologram+1","Genetic Algorithm","Double Energy"],"picked":"SKIP","floor":31},{"not_picked":["Core Surge","Creative AI"],"picked":"All For One","floor":33},{"not_picked":["Stack+1","Ball Lightning+1","Beam Cell"],"picked":"SKIP","floor":35},{"not_picked":["FTL+1","Go for the Eyes","Defragment+1"],"picked":"SKIP","floor":37},{"not_picked":["Compile Driver","Genetic Algorithm+1","Conserve Battery+1"],"picked":"SKIP","floor":48}],"player_experience":346605,"relics_obtained":[{"floor":6.0,"key":"Dodecahedron"},{"floor":9.0,"key":"Pear"},{"floor":25,"key":"Smiling Mask"},{"floor":26,"key":"Bottled Lightning"},{"floor":43,"key":"Dream Catcher"}],"event_choices":[{"cards_removed":["Strike_B"],"damage_healed":0.0,"max_hp_gain":0.0,"max_hp_loss":0.0,"gold_gain":0.0,"event_name":"Golden Wing","player_choice":"Card Removal","floor":5.0,"gold_loss":0.0,"damage_taken":7.0},{"cards_removed":["Strike_B"],"damage_healed":0.0,"max_hp_gain":0.0,"max_hp_loss":0.0,"gold_gain":0.0,"event_name":"Living Wall","player_choice":"Forget","floor":7.0,"gold_loss":0.0,"damage_taken":0.0},{"damage_healed":0.0,"max_hp_gain":5.0,"max_hp_loss":0.0,"gold_gain":0.0,"event_name":"Big Fish","player_choice":"Donut","floor":12.0,"gold_loss":0.0,"damage_taken":0.0},{"damage_healed":0.0,"max_hp_gain":0.0,"max_hp_loss":0.0,"gold_gain":75.0,"event_name":"World of Goop","player_choice":"Gather Gold","floor":13.0,"gold_loss":0.0,"damage_taken":11.0},{"damage_healed":0.0,"max_hp_gain":0.0,"max_hp_loss":0.0,"gold_gain":0.0,"event_name":"N\u0027loth","player_choice":"Traded Relic","floor":22.0,"relics_lost":["Empty Cage"],"gold_loss":0.0,"damage_taken":0.0,"relics_obtained":["Nloth\u0027s Gift"]},{"cards_removed":["Defend_B"],"damage_healed":0,"gold_gain":0,"player_choice":"Purged","damage_taken":0,"max_hp_gain":0,"max_hp_loss":0,"event_name":"Purifier","floor":38,"gold_loss":0},{"damage_healed":0,"gold_gain":0,"player_choice":"Paid","damage_taken":0,"relics_obtained":["Red Mask"],"max_hp_gain":0,"max_hp_loss":0,"event_name":"Tomb of Lord Red Mask","floor":42,"gold_loss":46},{"damage_healed":0,"gold_gain":0,"player_choice":"Fight","damage_taken":0,"max_hp_gain":0,"max_hp_loss":0,"event_name":"MindBloom","floor":45,"gold_loss":0},{"damage_healed":0,"gold_gain":0,"player_choice":"0 cards matched","damage_taken":0,"max_hp_gain":0,"max_hp_loss":0,"event_name":"Match and Keep!","floor":46,"gold_loss":0,"cards_obtained":[]}],"is_beta":false,"boss_relics":[{"not_picked":["White Beast Statue","Busted Crown"],"picked":"Empty Cage"},{"not_picked":["Eternal Feather","Calling Bell"],"picked":"Runic Pyramid"}],"items_purged_floors":[14,29,36,39,41],"is_endless":false,"potions_floor_spawned":[1,4,6,25,27,28,33,45],"ascension_level":2}