{"gold_per_floor":[113,128,140,18,38,38,68,68,68,78,106,120,136,199,199,295,295,308,308,45,62,62,62,76,76,101,101,101,134,134,150,150,248,248,268,8,8,25,25],"floor_reached":39,"playtime":1496,"items_purged":["Strike_R"],"score":436,"play_id":"13272b09-a3e3-4397-891c-8595e31be60e","local_time":"20190420025123","is_ascension_mode":false,"campfire_choices":[{"data":"Bash","floor":6,"key":"SMITH"},{"data":"Demon Form","floor":8,"key":"SMITH"},{"data":"Armaments","floor":15,"key":"SMITH"},{"data":"Panacea","floor":23,"key":"SMITH"},{"floor":25,"key":"REST"},{"data":"Inflame","floor":27,"key":"SMITH"},{"data":"Berserk","floor":30,"key":"SMITH"},{"data":"Armaments","floor":32,"key":"SMITH"}],"neow_cost":"NONE","seed_source_timestamp":33916663682259,"circlet_count":0,"master_deck":["Strike_R+1","Defend_R+1","Defend_R+1","Defend_R+1","Defend_R+1","Bash+1","Pommel Strike","Perfected Strike+1","Demon Form+1","Twin Strike","Headbutt","Flex","Armaments+1","Uppercut+1","Twin Strike+1","Infernal Blade","Berserk+1","Bloodletting","Panacea+1","Body Slam+1","Shrug It Off","Inflame+1","Spot Weakness+1","Armaments+1","Brutality","Reaper+1","Warcry+1"],"relics":["Burning Blood","Lantern","Molten Egg 2","Turnip","Bronze Scales","Eternal Feather","Pen Nib","Nilry\u0027s Codex","Whetstone","Strawberry","Empty Cage","Strange Spoon"],"potions_floor_usage":[5,14,14,16,16,21,29,33,33,38],"damage_taken":[{"damage":2,"enemies":"Small Slimes","floor":1,"turns":4},{"damage":3,"enemies":"Jaw Worm","floor":2,"turns":4},{"damage":0,"enemies":"2 Louse","floor":3,"turns":2},{"damage":0,"enemies":"Looter","floor":5,"turns":4},{"damage":10,"enemies":"Lagavulin","floor":7,"turns":5},{"damage":8,"enemies":"3 Louse","floor":10,"turns":2},{"damage":8,"enemies":"Gremlin Nob","floor":11,"turns":3},{"damage":3,"enemies":"Large Slime","floor":12,"turns":4},{"damage":10,"enemies":"Exordium Thugs","floor":13,"turns":4},{"damage":15,"enemies":"Lagavulin Event","floor":14,"turns":4},{"damage":36,"enemies":"The Guardian","floor":16,"turns":8},{"damage":10,"enemies":"Spheric Guardian","floor":18,"turns":3},{"damage":12,"enemies":"Shell Parasite","floor":21,"turns":2},{"damage":37,"enemies":"Snake Plant","floor":24,"turns":4},{"damage":41,"enemies":"Gremlin Leader","floor":29,"turns":5},{"damage":3,"enemies":"Cultist and Chosen","floor":31,"turns":5},{"damage":55,"enemies":"Champ","floor":33,"turns":9},{"damage":18,"enemies":"Orb Walker","floor":35,"turns":3},{"damage":33,"enemies":"3 Darklings","floor":38,"turns":6},{"damage":76,"enemies":"Spire Growth","floor":39,"turns":5}],"seed_played":"-2281273429344405845","potions_obtained":[{"floor":3,"key":"Poison Potion"},{"floor":5,"key":"Block Potion"},{"floor":7,"key":"Explosive Potion"},{"floor":12,"key":"Regen Potion"},{"floor":14,"key":"Explosive Potion"},{"floor":16,"key":"Explosive Potion"},{"floor":21,"key":"Energy Potion"},{"floor":29,"key":"BloodPotion"},{"floor":31,"key":"SpeedPotion"},{"floor":35,"key":"AttackPotion"}],"is_trial":false,"path_per_floor":["M","M","M","$","M","R","E","R","T","M","E","M","M","?","R","B",null,"M","?","$","M","?","R","M","R","T","R","?","E","R","M","R","B",null,"M","$","?","M","M"],"character_chosen":"IRONCLAD","items_purchased":["Twin Strike","Panacea","Body Slam+1","Pen Nib","Strange Spoon","Reaper+1"],"campfire_rested":1,"item_purchase_floors":[4,20,20,20,36,36],"current_hp_per_floor":[80,80,80,80,80,80,76,76,76,74,72,75,71,71,71,41,80,76,76,76,70,54,66,35,74,74,80,80,52,67,70,85,44,87,75,75,75,76,0],"gold":25,"neow_bonus":"REMOVE_CARD","is_prod":false,"is_daily":false,"chose_seed":false,"campfire_upgraded":7,"win_rate":0,"timestamp":1555692683,"path_taken":["M","M","M","$","M","R","E","R","T","M","E","M","M","?","R","BOSS","M","?","$","M","?","R","M","R","T","R","?","E","R","M","R","BOSS","M","$","?","M","M"],"build_version":"2019-01-23","purchased_purges":1,"victory":false,"max_hp_per_floor":[80,80,80,80,80,80,80,80,80,80,80,80,80,80,80,80,80,80,80,80,80,80,80,80,80,80,80,80,87,87,87,87,87,87,87,87,87,87,87],"card_choices":[{"not_picked":["Wild Strike","Clash"],"picked":"Pommel Strike","floor":1},{"not_picked":["Armaments","Warcry"],"picked":"Perfected Strike","floor":2},{"not_picked":["Twin Strike","Cleave"],"picked":"Demon Form","floor":3},{"not_picked":["Bloodletting","Disarm"],"picked":"Twin Strike","floor":5},{"not_picked":["Bloodletting","Sever Soul"],"picked":"Headbutt","floor":7},{"not_picked":["Evolve","Rupture"],"picked":"Flex","floor":10},{"not_picked":["Clothesline+1","Ghostly Armor"],"picked":"Armaments","floor":11},{"not_picked":["Wild Strike+1","Spot Weakness"],"picked":"Uppercut+1","floor":12},{"not_picked":["Feel No Pain","Havoc"],"picked":"Twin Strike+1","floor":13},{"not_picked":["Evolve","Body Slam+1"],"picked":"Infernal Blade","floor":14},{"not_picked":["Demon Form","Double Tap"],"picked":"Berserk","floor":16},{"not_picked":["Clothesline+1","Headbutt+1"],"picked":"Bloodletting","floor":18},{"not_picked":["Sentinel","Perfected Strike+1"],"picked":"Shrug It Off","floor":21},{"not_picked":["Evolve+1","Havoc"],"picked":"Inflame","floor":24},{"not_picked":["Iron Wave+1","Reckless Charge+1"],"picked":"Spot Weakness+1","floor":29},{"not_picked":["Clash+1","Brutality"],"picked":"Armaments","floor":31},{"not_picked":["Immolate+1","Bludgeon+1"],"picked":"Brutality","floor":33},{"not_picked":["Reckless Charge+1","Evolve","Cleave+1"],"picked":"SKIP","floor":35},{"not_picked":["Anger+1","Searing Blow+1"],"picked":"Warcry+1","floor":38}],"player_experience":336749,"relics_obtained":[{"floor":7,"key":"Lantern"},{"floor":9,"key":"Molten Egg 2"},{"floor":11,"key":"Turnip"},{"floor":14,"key":"Bronze Scales"},{"floor":22,"key":"Nilry\u0027s Codex"},{"floor":26,"key":"Whetstone"},{"floor":29,"key":"Strawberry"}],"event_choices":[{"damage_healed":0,"gold_gain":30,"player_choice":"Searched \u00272\u0027 times","damage_taken":0,"max_hp_gain":0,"max_hp_loss":0,"event_name":"Dead Adventurer","floor":14,"gold_loss":0},{"damage_healed":0,"gold_gain":0,"player_choice":"Ignored","damage_taken":0,"max_hp_gain":0,"max_hp_loss":0,"event_name":"Ghosts","floor":19,"gold_loss":0},{"damage_healed":0,"gold_gain":0,"player_choice":"Obtained Book","damage_taken":16,"max_hp_gain":0,"max_hp_loss":0,"event_name":"Cursed Tome","floor":22,"gold_loss":0},{"damage_healed":0,"gold_gain":0,"player_choice":"Simplicity","damage_taken":0,"max_hp_gain":0,"max_hp_loss":0,"event_name":"Back to Basics","floor":28,"gold_loss":0,"cards_upgraded":["Strike_R","Strike_R","Defend_R","Defend_R","Defend_R","Defend_R"]},{"cards_removed":["Twin Strike"],"damage_healed":0,"gold_gain":0,"player_choice":"Removed Attack","damage_taken":0,"max_hp_gain":0,"max_hp_loss":0,"event_name":"Falling","floor":37,"gold_loss":0}],"is_beta":false,"boss_relics":[{"not_picked":["Runic Cube","Velvet Choker"],"picked":"Eternal Feather"},{"not_picked":["Runic Pyramid","Lizard Tail"],"picked":"Empty Cage"}],"items_purged_floors":[4],"is_endless":false,"potions_floor_spawned":[3,5,7,12,14,16,21,29,31,35],"killed_by":"Spire Growth","ascension_level":0}