{"gold_per_floor":[118,23,23,43,61,61,77,108,108,33,60,60,135,28,28,103,103,116,136,0,0,0,0,31,31,58,75,75,103,52,69,69,145,145,155,155,255,270,270,270,298,298,298,67,96,0,53,53,53,53,53,53,53,53,81,81],"floor_reached":57,"playtime":5034,"items_purged":["Pain"],"score":2775,"play_id":"95bb8ac6-2590-47c2-8bfb-195ca68f9cfd","local_time":"20190512134043","is_ascension_mode":true,"campfire_choices":[{"floor":6.0,"key":"REST"},{"data":"Zap","floor":12.0,"key":"SMITH"},{"floor":15.0,"key":"REST"},{"floor":23.0,"key":"REST"},{"floor":25.0,"key":"REST"},{"data":"Machine Learning","floor":28.0,"key":"SMITH"},{"floor":32.0,"key":"REST"},{"floor":40.0,"key":"REST"},{"data":"Hologram","floor":42.0,"key":"SMITH"},{"floor":49.0,"key":"RECALL"},{"data":"Hologram","floor":53.0,"key":"SMITH"}],"neow_cost":"PERCENT_DAMAGE","seed_source_timestamp":0,"circlet_count":0,"master_deck":["AscendersBane","Strike_B+1","Strike_B+1","Strike_B+1","Strike_B+1","Defend_B+1","Defend_B+1","Defend_B+1","Defend_B+1","Zap+1","Dualcast","Stack","Flash of Steel","Conserve Battery","Compile Driver","Reboot","Gash","Scrape","Conserve Battery","Machine Learning+1","Steam","Gash","Skim","Chill","Beam Cell","Coolheaded","Beam Cell","Compile Driver","All For One","Conserve Battery+1","Impatience","Transmutation","Panacea","Go for the Eyes+1","Gash","Madness","Madness","Hologram+1","Hologram+1","Steam","Hologram+1","Turbo"],"special_seed":0,"relics":["Cracked Core","Pocketwatch","WarpedTongs","Torii","FossilizedHelix","Kunai","Eternal Feather","Dream Catcher","Regal Pillow","Juzu Bracelet","Sozu","Unceasing Top","Letter Opener","Vajra","Pear","Red Mask","Nunchaku","Dodecahedron","Centennial Puzzle"],"potions_floor_usage":[56,56],"damage_taken":[{"damage":1.0,"enemies":"Cultist","floor":1.0,"turns":4.0},{"damage":3.0,"enemies":"2 Louse","floor":4.0,"turns":2.0},{"damage":5.0,"enemies":"Small Slimes","floor":5.0,"turns":3.0},{"damage":20.0,"enemies":"Exordium Wildlife","floor":7.0,"turns":6.0},{"damage":24.0,"enemies":"Gremlin Nob","floor":8.0,"turns":4.0},{"damage":2.0,"enemies":"3 Sentries","floor":11.0,"turns":6.0},{"damage":0.0,"enemies":"Hexaghost","floor":16.0,"turns":9.0},{"damage":23.0,"enemies":"2 Thieves","floor":18.0,"turns":4.0},{"damage":17.0,"enemies":"3 Byrds","floor":19.0,"turns":7.0},{"damage":39.0,"enemies":"Gremlin Leader","floor":24.0,"turns":7.0},{"damage":1.0,"enemies":"Cultist and Chosen","floor":27.0,"turns":8.0},{"damage":31.0,"enemies":"Slavers","floor":29.0,"turns":9.0},{"damage":0.0,"enemies":"Sentry and Sphere","floor":31.0,"turns":7.0},{"damage":24.0,"enemies":"Champ","floor":33.0,"turns":16.0},{"damage":0.0,"enemies":"3 Shapes","floor":35.0,"turns":4.0},{"damage":3.0,"enemies":"Mind Bloom Boss Battle","floor":37.0,"turns":6.0},{"damage":24.0,"enemies":"3 Darklings","floor":38.0,"turns":5.0},{"damage":21.0,"enemies":"Nemesis","floor":41.0,"turns":7.0},{"damage":8.0,"enemies":"Reptomancer","floor":45.0,"turns":9.0},{"damage":24.0,"enemies":"2 Orb Walkers","floor":47.0,"turns":3.0},{"damage":35.0,"enemies":"Donu and Deca","floor":50.0,"turns":9.0},{"damage":2.0,"enemies":"Time Eater","floor":51.0,"turns":12.0},{"damage":54.0,"enemies":"Shield and Spear","floor":55.0,"turns":5.0},{"damage":22,"enemies":"The Heart","floor":56,"turns":8}],"seed_played":"25958770634834","potions_obtained":[{"floor":5.0,"key":"Block Potion"},{"floor":7.0,"key":"FearPotion"},{"floor":16.0,"key":"SpeedPotion"},{"floor":24.0,"key":"SpeedPotion"},{"floor":27.0,"key":"LiquidBronze"}],"is_trial":false,"path_per_floor":["M","$","?","M","M","R","M","E","T","$","E","R","?","$","R","B",null,"M","M","?","$","?","R","E","R","T","M","R","E","$","M","R","B",null,"M","?","?","M","?","R","E","R","T","$","E","?","?","T","R","B","B",null,"R","$","E","B",null],"character_chosen":"DEFECT","items_purchased":["Flash of Steel","Scrape","Conserve Battery","Beam Cell","Vajra","Steam"],"campfire_rested":6,"item_purchase_floors":[2,14,14,30,44,44],"current_hp_per_floor":[45,45,45,42,37,58,38,14,14,14,12,12,1,1,22,22,59,36,19,19,19,19,52,13,46,46,45,60,29,29,29,71,47,65,65,55,52,28,15,71,50,71,71,71,73,73,49,49,73,38,36,70,81,81,27,5],"gold":81,"neow_bonus":"ONE_RARE_RELIC","is_prod":false,"is_daily":false,"chose_seed":false,"campfire_upgraded":4,"win_rate":0,"timestamp":1557682843,"path_taken":["M","?","?","M","?","R","M","E","T","?","E","R","?","?","R","BOSS","M","M","?","$","?","R","E","R","T","M","R","E","$","M","R","BOSS","M","?","?","M","?","R","E","R","T","$","E","?","?","?","R","BOSS","BOSS","R","$","E","BOSS"],"build_version":"2019-05-07","purchased_purges":1,"victory":true,"max_hp_per_floor":[71,71,71,71,71,71,71,71,71,71,71,71,71,71,71,71,71,71,71,71,71,71,71,71,71,71,71,71,71,71,71,71,71,71,71,71,71,71,71,71,71,71,71,71,81,81,81,81,81,81,81,81,81,81,81,81],"card_choices":[{"not_picked":["Go for the Eyes","Rebound"],"picked":"Stack","floor":1.0},{"not_picked":["Barrage","Beam Cell"],"picked":"Conserve Battery","floor":4.0},{"not_picked":["Chill","Sweeping Beam"],"picked":"Compile Driver","floor":5.0},{"not_picked":["Conserve Battery","Self Repair"],"picked":"Reboot","floor":7.0},{"not_picked":["Hologram","Amplify"],"picked":"Gash","floor":8.0},{"not_picked":["Consume","Stack","Melter"],"picked":"SKIP","floor":11.0},{"not_picked":["Multi-Cast","Amplify"],"picked":"Machine Learning","floor":16.0},{"not_picked":["Blizzard","Cold Snap"],"picked":"Steam","floor":18.0},{"not_picked":["Redo","Chill"],"picked":"Gash","floor":19.0},{"not_picked":["Barrage","Cold Snap"],"picked":"Skim","floor":24.0},{"not_picked":["Undo","Heatsinks"],"picked":"Chill","floor":25.0},{"not_picked":["Reprogram","Redo+1"],"picked":"Beam Cell","floor":27.0},{"not_picked":["Blizzard+1","Static Discharge"],"picked":"Coolheaded","floor":29.0},{"not_picked":["Streamline","Static Discharge","Force Field+1"],"picked":"SKIP","floor":31.0},{"not_picked":["Ball Lightning","Aggregate"],"picked":"Compile Driver","floor":32.0},{"not_picked":["Echo Form","Machine Learning"],"picked":"All For One","floor":33.0},{"not_picked":["Barrage","Streamline"],"picked":"Conserve Battery+1","floor":35.0},{"not_picked":["Apotheosis","PanicButton"],"picked":"Impatience","floor":36.0},{"not_picked":["Dramatic Entrance","Mind Blast"],"picked":"Transmutation","floor":36.0},{"not_picked":["Enlightenment","Dark Shackles"],"picked":"Panacea","floor":36.0},{"not_picked":["BootSequence+1","Streamline"],"picked":"Go for the Eyes+1","floor":37.0},{"not_picked":["Go for the Eyes","Barrage"],"picked":"Gash","floor":38.0},{"not_picked":["Machine Learning","Gash"],"picked":"Hologram","floor":40.0},{"not_picked":["Scrape","Coolheaded"],"picked":"Hologram","floor":41.0},{"not_picked":["Undo","Redo","Chill"],"picked":"SKIP","floor":45.0},{"not_picked":["White Noise","Gash"],"picked":"Hologram+1","floor":47.0},{"not_picked":["Conserve Battery+1","Melter"],"picked":"Turbo","floor":55.0}],"player_experience":2927390,"relics_obtained":[{"floor":8.0,"key":"Torii"},{"floor":9.0,"key":"FossilizedHelix"},{"floor":11.0,"key":"Kunai"},{"floor":24.0,"key":"Dream Catcher"},{"floor":26.0,"key":"Regal Pillow"},{"floor":29.0,"key":"Juzu Bracelet"},{"floor":37.0,"key":"Unceasing Top"},{"floor":41.0,"key":"Letter Opener"},{"floor":45.0,"key":"Pear"},{"floor":47.0,"key":"Nunchaku"},{"floor":48.0,"key":"Dodecahedron"},{"floor":55.0,"key":"Centennial Puzzle"}],"event_choices":[{"damage_healed":0.0,"max_hp_gain":0.0,"max_hp_loss":0.0,"gold_gain":0.0,"event_name":"Accursed Blacksmith","player_choice":"Rummage","floor":3.0,"gold_loss":0.0,"damage_taken":0.0,"relics_obtained":["WarpedTongs"],"cards_obtained":["Pain"]},{"damage_healed":0.0,"max_hp_gain":0.0,"max_hp_loss":0.0,"gold_gain":75.0,"event_name":"World of Goop","player_choice":"Gather Gold","floor":13.0,"gold_loss":0.0,"damage_taken":11.0},{"damage_healed":0.0,"max_hp_gain":0.0,"max_hp_loss":0.0,"gold_gain":0.0,"event_name":"Masked Bandits","player_choice":"Paid Fearfully","floor":20.0,"gold_loss":136.0,"damage_taken":0.0},{"damage_healed":0.0,"max_hp_gain":0.0,"max_hp_loss":0.0,"gold_gain":0.0,"event_name":"Back to Basics","player_choice":"Simplicity","floor":22.0,"gold_loss":0.0,"damage_taken":0.0,"cards_upgraded":["Strike_B","Strike_B","Strike_B","Strike_B","Defend_B","Defend_B","Defend_B","Defend_B"]},{"damage_healed":0.0,"max_hp_gain":0.0,"max_hp_loss":0.0,"gold_gain":0.0,"event_name":"SensoryStone","player_choice":"Memory 3","floor":36.0,"gold_loss":0.0,"damage_taken":10.0},{"damage_healed":0.0,"max_hp_gain":0.0,"max_hp_loss":0.0,"gold_gain":0.0,"event_name":"MindBloom","player_choice":"Fight","floor":37.0,"gold_loss":0.0,"damage_taken":0.0},{"damage_healed":0.0,"max_hp_gain":0.0,"max_hp_loss":0.0,"gold_gain":0.0,"event_name":"Winding Halls","player_choice":"Embrace Madness","floor":39.0,"gold_loss":0.0,"damage_taken":13.0,"cards_obtained":["Madness","Madness"]},{"damage_healed":0.0,"max_hp_gain":0.0,"max_hp_loss":0.0,"gold_gain":0.0,"event_name":"Tomb of Lord Red Mask","player_choice":"Paid","floor":46.0,"gold_loss":96.0,"damage_taken":0.0,"relics_obtained":["Red Mask"]},{"damage_healed":0.0,"max_hp_gain":0.0,"max_hp_loss":0.0,"gold_gain":0.0,"event_name":"Mysterious Sphere","player_choice":"Fight","floor":47.0,"gold_loss":0.0,"damage_taken":0.0}],"is_beta":true,"boss_relics":[{"not_picked":["Busted Crown","Velvet Choker"],"picked":"Eternal Feather"},{"not_picked":["Snecko Eye","Lizard Tail"],"picked":"Sozu"}],"items_purged_floors":[10],"is_endless":false,"potions_floor_spawned":[5,7,16,24,27,29,35,41,45,47],"ascension_level":20}