{"gold_per_floor":[363,0,10,21,41,69,34,34,83,83,83,4,29,47,47,151,151,162,162,162],"floor_reached":20,"playtime":880,"items_purged":["Strike_B"],"score":200,"play_id":"b121f990-1e18-4c0b-b0cc-cb2e411f7604","local_time":"20190421213743","is_ascension_mode":true,"campfire_choices":[{"data":"Fusion","floor":8,"key":"SMITH"},{"floor":10,"key":"REST"},{"data":"Rainbow","floor":15,"key":"SMITH"}],"neow_cost":"TEN_PERCENT_HP_LOSS","seed_source_timestamp":22444676168670,"circlet_count":0,"master_deck":["Strike_B","Strike_B","Defend_B","Defend_B","Defend_B","Defend_B","Zap","Dualcast","Darkness","Conserve Battery","Consume","Panache","Ball Lightning","Auto Shields","Sweeping Beam","Leap","Fusion+1","Rainbow+1","Self Repair","Beam Cell","Darkness","Stack","Fission","Steam Power"],"relics":["Cracked Core","Membership Card","Blue Candle","PreservedInsect","Regal Pillow","Inserter"],"potions_floor_usage":[13,16,19,20],"damage_taken":[{"damage":0,"enemies":"2 Louse","floor":1,"turns":3},{"damage":12,"enemies":"Jaw Worm","floor":3,"turns":2},{"damage":8,"enemies":"Small Slimes","floor":4,"turns":3},{"damage":4,"enemies":"Looter","floor":5,"turns":3},{"damage":17,"enemies":"Gremlin Nob","floor":6,"turns":4},{"damage":8,"enemies":"Lagavulin","floor":13,"turns":4},{"damage":10,"enemies":"Exordium Thugs","floor":14,"turns":5},{"damage":17,"enemies":"The Guardian","floor":16,"turns":11},{"damage":3,"enemies":"Shell Parasite","floor":18,"turns":7},{"damage":62,"enemies":"Colosseum Slavers","floor":19,"turns":6},{"damage":6,"enemies":"3 Byrds","floor":20,"turns":3}],"seed_played":"-3113788796377966547","potions_obtained":[{"floor":4,"key":"Weak Potion"},{"floor":6,"key":"Poison Potion"},{"floor":13,"key":"Dexterity Potion"},{"floor":18,"key":"Strength Potion"}],"is_trial":false,"path_per_floor":["M","$","M","M","M","E","?","R","T","R","?","$","E","M","R","B",null,"M","?","M"],"character_chosen":"DEFECT","items_purchased":["Membership Card","Conserve Battery","Consume","Panache","Ball Lightning","Self Repair","Beam Cell"],"campfire_rested":1,"item_purchase_floors":[2,2,2,2,2,12,12],"current_hp_per_floor":[68,68,56,48,44,27,44,44,44,64,64,64,63,60,60,50,68,68,6,0],"gold":162,"neow_bonus":"TWO_FIFTY_GOLD","is_prod":false,"is_daily":false,"chose_seed":false,"campfire_upgraded":2,"win_rate":0,"timestamp":1555846663,"path_taken":["M","$","M","M","M","E","?","R","T","R","?","?","E","M","R","BOSS","M","?","M"],"build_version":"2019-01-23","purchased_purges":1,"victory":false,"max_hp_per_floor":[68,68,68,68,68,68,68,68,68,68,68,68,68,68,68,68,68,68,68,68],"card_choices":[{"not_picked":["Steam","Cold Snap"],"picked":"Darkness","floor":1},{"not_picked":["Beam Cell","Hologram"],"picked":"Auto Shields","floor":3},{"not_picked":["Go for the Eyes","Compile Driver"],"picked":"Sweeping Beam","floor":4},{"not_picked":["Rip and Tear","Ball Lightning"],"picked":"Leap","floor":5},{"not_picked":["Hologram","Meteor Strike"],"picked":"Fusion","floor":6},{"not_picked":["Rip and Tear","Scrape"],"picked":"Darkness","floor":13},{"not_picked":["Sunder","Go for the Eyes"],"picked":"Stack","floor":14},{"not_picked":["Hyperbeam","Rainbow"],"picked":"Fission","floor":16},{"not_picked":["Streamline","Scrape"],"picked":"Steam Power","floor":18}],"player_experience":400951,"relics_obtained":[{"floor":6,"key":"Blue Candle"},{"floor":9,"key":"PreservedInsect"},{"floor":13,"key":"Regal Pillow"}],"event_choices":[{"damage_healed":17,"gold_gain":0,"player_choice":"Healed","damage_taken":0,"max_hp_gain":0,"max_hp_loss":0,"event_name":"The Cleric","floor":7,"gold_loss":35},{"damage_healed":0,"gold_gain":0,"cards_transformed":["Strike_B"],"player_choice":"Change","damage_taken":0,"max_hp_gain":0,"max_hp_loss":0,"event_name":"Living Wall","floor":11,"gold_loss":0,"cards_obtained":["Rainbow"]},{"damage_healed":0,"gold_gain":0,"player_choice":"Fight","damage_taken":0,"max_hp_gain":0,"max_hp_loss":0,"event_name":"Colosseum","floor":19,"gold_loss":0},{"damage_healed":0,"gold_gain":0,"player_choice":"Fled From Nobs","damage_taken":0,"max_hp_gain":0,"max_hp_loss":0,"event_name":"Colosseum","floor":19,"gold_loss":0}],"is_beta":false,"boss_relics":[{"not_picked":["Busted Crown","Astrolabe"],"picked":"Inserter"}],"items_purged_floors":[12],"is_endless":false,"potions_floor_spawned":[4,6,13,18],"killed_by":"3 Byrds","ascension_level":2}