{"gold_per_floor":[115,132,132,132,148,148,191,191,191,69,83,106,145,115,115,235,235,249,249,264,363,278,278,278,319,372,74,99,112,112,131,131,257,257,276,276,276,291,291,291],"floor_reached":41,"playtime":1546,"items_purged":["Strike_B","Defend_B"],"score":784,"play_id":"0ebe765e-4751-4580-9a89-d20cf3c0ccf2","local_time":"20190712000252","is_ascension_mode":true,"campfire_choices":[{"data":"Rainbow","floor":6,"key":"SMITH"},{"floor":8,"key":"REST"},{"floor":15,"key":"REST"},{"data":"Echo Form","floor":23,"key":"SMITH"},{"floor":32,"key":"REST"}],"neow_cost":"NONE","seed_source_timestamp":115742270287800,"circlet_count":0,"master_deck":["Defend_B","Defend_B","Zap","Dualcast","Redo","Capacitor","Rainbow+1","Coolheaded","Cold Snap","Conserve Battery","Defragment","Consume","Echo Form+1","Static Discharge","Bite","Bite","Bite","Bite","Bite","Cold Snap+1","Leap","White Noise+1","Electrodynamics"],"relics":["Cracked Core","NeowsBlessing","Golden Idol","Letter Opener","Pear","Orichalcum","Velvet Choker","Juzu Bracelet","Bag of Marbles","Tiny Chest","Bronze Scales","Smiling Mask","DataDisk","Busted Crown","Cables"],"potions_floor_usage":[16,40,40],"damage_taken":[{"damage":0,"enemies":"Cultist","floor":1,"turns":1},{"damage":0,"enemies":"Small Slimes","floor":2,"turns":1},{"damage":0,"enemies":"Jaw Worm","floor":5,"turns":1},{"damage":32,"enemies":"3 Sentries","floor":7,"turns":8},{"damage":8,"enemies":"Exordium Wildlife","floor":11,"turns":3},{"damage":9,"enemies":"Looter","floor":12,"turns":2},{"damage":12,"enemies":"Gremlin Nob","floor":13,"turns":4},{"damage":37,"enemies":"The Guardian","floor":16,"turns":9},{"damage":5,"enemies":"Chosen","floor":18,"turns":7},{"damage":5,"enemies":"Spheric Guardian","floor":20,"turns":3},{"damage":47,"enemies":"Slavers","floor":25,"turns":6},{"damage":22,"enemies":"Shelled Parasite and Fungi","floor":29,"turns":9},{"damage":9,"enemies":"Snecko","floor":31,"turns":4},{"damage":31,"enemies":"Collector","floor":33,"turns":13},{"damage":0,"enemies":"3 Shapes","floor":35,"turns":4},{"damage":4,"enemies":"Orb Walker","floor":38,"turns":3},{"damage":58,"enemies":"Time Eater","floor":40,"turns":11}],"seed_played":"932886003441030035","potions_obtained":[{"floor":2,"key":"SteroidPotion"},{"floor":7,"key":"SpeedPotion"},{"floor":12,"key":"GamblersBrew"},{"floor":25,"key":"Energy Potion"},{"floor":38,"key":"FocusPotion"}],"is_trial":false,"path_per_floor":["M","M","?","?","M","R","E","R","T","$","M","M","E","?","R","B",null,"M","?","M","?","?","R","?","E","T","$","T","M","?","M","R","B",null,"M","?","T","M","?","B",null],"character_chosen":"DEFECT","items_purchased":["Cold Snap","Bronze Scales","Leap"],"campfire_rested":3,"item_purchase_floors":[10,27,27],"current_hp_per_floor":[75,75,57,50,50,50,18,40,50,50,42,33,21,21,46,9,66,61,59,54,54,54,54,54,21,21,21,21,31,31,28,45,48,56,59,56,56,56,56,14],"gold":291,"neow_bonus":"THREE_ENEMY_KILL","is_prod":false,"is_daily":false,"chose_seed":false,"campfire_upgraded":2,"win_rate":0,"timestamp":1562904172,"path_taken":["M","M","?","?","?","R","E","R","T","$","M","M","E","?","R","BOSS","M","?","M","?","?","R","?","E","T","$","?","M","?","M","R","BOSS","M","?","?","M","?","BOSS"],"build_version":"2019-07-05","purchased_purges":2,"victory":true,"max_hp_per_floor":[75,75,75,75,75,75,75,75,85,85,85,85,85,85,85,85,85,85,59,59,59,59,59,59,59,59,59,59,59,59,59,59,59,59,59,56,56,56,56,56],"card_choices":[{"not_picked":["Hologram","Go for the Eyes"],"picked":"Redo","floor":1},{"not_picked":["Self Repair","Sweeping Beam"],"picked":"Capacitor","floor":2},{"not_picked":["Gash","Compile Driver"],"picked":"Rainbow","floor":5},{"not_picked":["Barrage","Streamline"],"picked":"Coolheaded","floor":7},{"not_picked":["Meteor Strike","Compile Driver"],"picked":"Conserve Battery","floor":11},{"not_picked":["Reprogram","Ball Lightning"],"picked":"Defragment","floor":12},{"not_picked":["Cold Snap","Compile Driver"],"picked":"Consume","floor":13},{"not_picked":["Thunder Strike","Core Surge"],"picked":"Echo Form","floor":16},{"not_picked":["Streamline+1","Rebound"],"picked":"Static Discharge","floor":18},{"not_picked":["Ball Lightning","Genetic Algorithm"],"picked":"Cold Snap+1","floor":20},{"not_picked":["Beam Cell","Turbo+1","Static Discharge"],"picked":"SKIP","floor":25},{"not_picked":["Barrage","Compile Driver"],"picked":"White Noise+1","floor":29},{"not_picked":["Fission","Cold Snap","Sweeping Beam"],"picked":"SKIP","floor":31},{"not_picked":["Meteor Strike","Multi-Cast"],"picked":"Electrodynamics","floor":33},{"not_picked":["Hologram"],"picked":"SKIP","floor":35},{"not_picked":["Rebound"],"picked":"SKIP","floor":38}],"player_experience":128221,"relics_obtained":[{"floor":7,"key":"Letter Opener"},{"floor":9,"key":"Pear"},{"floor":13,"key":"Orichalcum"},{"floor":25,"key":"Bag of Marbles"},{"floor":26,"key":"Tiny Chest"},{"floor":28,"key":"Smiling Mask"},{"floor":37,"key":"Cables"}],"event_choices":[{"damage_healed":0,"gold_gain":0,"player_choice":"Take Damage","damage_taken":18,"relics_obtained":["Golden Idol"],"max_hp_gain":0,"max_hp_loss":0,"event_name":"Golden Idol","floor":3,"gold_loss":0},{"cards_removed":["Defend_B"],"damage_healed":0,"gold_gain":0,"player_choice":"Card Removal","damage_taken":7,"max_hp_gain":0,"max_hp_loss":0,"event_name":"Golden Wing","floor":4,"gold_loss":0},{"damage_healed":0,"gold_gain":0,"player_choice":"Left Gold","damage_taken":0,"max_hp_gain":0,"max_hp_loss":0,"event_name":"World of Goop","floor":14,"gold_loss":30},{"damage_healed":0,"gold_gain":0,"player_choice":"Became a vampire","damage_taken":0,"max_hp_gain":0,"max_hp_loss":26,"event_name":"Vampires","floor":19,"gold_loss":0,"cards_obtained":["Bite","Bite","Bite","Bite","Bite"]},{"damage_healed":0,"gold_gain":99,"player_choice":"Stole From Cult","damage_taken":0,"max_hp_gain":0,"max_hp_loss":0,"event_name":"Nest","floor":21,"gold_loss":0},{"damage_healed":0,"gold_gain":0,"player_choice":"Obtained Relic","damage_taken":0,"relics_obtained":["Juzu Bracelet"],"max_hp_gain":0,"max_hp_loss":0,"event_name":"Addict","floor":22,"gold_loss":85},{"damage_healed":0,"gold_gain":0,"player_choice":"Ignored","damage_taken":0,"max_hp_gain":0,"max_hp_loss":0,"event_name":"Ghosts","floor":24,"gold_loss":0},{"damage_healed":0,"gold_gain":0,"player_choice":"Opened","damage_taken":0,"relics_obtained":["DataDisk"],"max_hp_gain":0,"max_hp_loss":0,"event_name":"The Mausoleum","floor":30,"gold_loss":0},{"damage_healed":0,"gold_gain":0,"player_choice":"Max HP","damage_taken":0,"max_hp_gain":0,"max_hp_loss":3,"event_name":"Winding Halls","floor":36,"gold_loss":0},{"damage_healed":0,"gold_gain":0,"player_choice":"Took Portal","damage_taken":0,"max_hp_gain":0,"max_hp_loss":0,"event_name":"SecretPortal","floor":39,"gold_loss":0}],"is_beta":false,"boss_relics":[{"not_picked":["Fusion Hammer","Ectoplasm"],"picked":"Velvet Choker"},{"not_picked":["Orrery","Pandora\u0027s Box"],"picked":"Busted Crown"}],"items_purged_floors":[10,27],"is_endless":false,"potions_floor_spawned":[2,7,12,25,33,38],"ascension_level":5}