{"gold_per_floor":[118,135,57,68,87,116,127,144,144,144,159,159,159,172,172,249,249,265,265,285,297,312,346,346,361,384,384,394,412,442,457,457,531,531,542,432,445,458,158,158,184,184,184,184,231,33,47,47,47,47],"floor_reached":51,"playtime":2250,"items_purged":[],"score":1388,"play_id":"88b9c4f4-46f7-422d-b541-2032b79f1564","local_time":"20190714194944","is_ascension_mode":true,"campfire_choices":[{"data":"1","floor":10,"key":"LIFT"},{"data":"2","floor":12,"key":"LIFT"},{"data":"3","floor":15,"key":"LIFT"},{"data":"Shockwave","floor":24,"key":"SMITH"},{"data":"Whirlwind","floor":27,"key":"SMITH"},{"data":"Fiend Fire","floor":32,"key":"SMITH"},{"data":"Berserk","floor":40,"key":"SMITH"},{"data":"Limit Break","floor":42,"key":"SMITH"},{"data":"Battle Trance","floor":44,"key":"SMITH"},{"data":"Immolate","floor":49,"key":"SMITH"}],"neow_cost":"NONE","seed_source_timestamp":276954978362910,"circlet_count":0,"master_deck":["AscendersBane","Defend_R","Defend_R+1","Defend_R","Defend_R","Bash+1","Shrug It Off","Headbutt","Immolate+1","Pommel Strike","Offering","Intimidate","Shockwave+1","Reaper","Whirlwind+1","Disarm","Fiend Fire+1","Battle Trance+1","True Grit+1","Feed","Disarm","Berserk+1","Heavy Blade+1","Iron Wave+1","Feed+1","Ghostly Armor+1","Shrug It Off+1","Limit Break+1"],"relics":["Burning Blood","Prayer Wheel","Girya","Coffee Dripper","Omamori","Centennial Puzzle","Sundial","Astrolabe","FossilizedHelix","Unceasing Top","Turnip","Pocketwatch","HandDrill"],"potions_floor_usage":[5,14,16,50,50],"damage_taken":[{"damage":6,"enemies":"Cultist","floor":1,"turns":4},{"damage":3,"enemies":"2 Louse","floor":2,"turns":3},{"damage":2,"enemies":"Jaw Worm","floor":4,"turns":3},{"damage":14,"enemies":"Exordium Thugs","floor":5,"turns":3},{"damage":34,"enemies":"Lagavulin","floor":6,"turns":7},{"damage":7,"enemies":"Looter","floor":7,"turns":4},{"damage":7,"enemies":"3 Louse","floor":8,"turns":2},{"damage":6,"enemies":"Blue Slaver","floor":11,"turns":3},{"damage":0,"enemies":"Lots of Slimes","floor":14,"turns":1},{"damage":9,"enemies":"Slime Boss","floor":16,"turns":5},{"damage":11,"enemies":"3 Byrds","floor":18,"turns":3},{"damage":6,"enemies":"2 Thieves","floor":20,"turns":3},{"damage":24,"enemies":"Snake Plant","floor":21,"turns":3},{"damage":14,"enemies":"Chosen and Byrds","floor":22,"turns":5},{"damage":18,"enemies":"Gremlin Leader","floor":23,"turns":5},{"damage":2,"enemies":"Sentry and Sphere","floor":25,"turns":4},{"damage":14,"enemies":"Shelled Parasite and Fungi","floor":28,"turns":2},{"damage":6,"enemies":"Snake Plant","floor":29,"turns":2},{"damage":24,"enemies":"Slavers","floor":30,"turns":2},{"damage":4,"enemies":"Snecko","floor":31,"turns":3},{"damage":65,"enemies":"Collector","floor":33,"turns":8},{"damage":26,"enemies":"Orb Walker","floor":35,"turns":5},{"damage":8,"enemies":"3 Shapes","floor":37,"turns":10},{"damage":16,"enemies":"Maw","floor":38,"turns":7},{"damage":19,"enemies":"Reptomancer","floor":41,"turns":5},{"damage":17,"enemies":"2 Orb Walkers","floor":45,"turns":2},{"damage":17,"enemies":"Spire Growth","floor":47,"turns":3},{"damage":36,"enemies":"Donu and Deca","floor":50,"turns":8}],"seed_played":"-515757878564424319","potions_obtained":[{"floor":2,"key":"Ancient Potion"},{"floor":4,"key":"Poison Potion"},{"floor":11,"key":"GamblersBrew"},{"floor":14,"key":"AttackPotion"},{"floor":20,"key":"Dexterity Potion"},{"floor":28,"key":"SpeedPotion"}],"is_trial":false,"path_per_floor":["M","M","$","M","M","E","M","M","T","R","M","R","?","M","R","B",null,"M","?","M","M","M","E","R","M","T","R","M","M","E","M","R","B",null,"M","?","M","M","$","R","E","R","T","R","?","$","M","?","R","B",null],"character_chosen":"IRONCLAD","items_purchased":["Immolate","FossilizedHelix","HandDrill"],"campfire_rested":0,"item_purchase_floors":[3,39,46],"current_hp_per_floor":[68,71,71,75,67,39,38,37,37,37,44,44,44,50,50,47,68,70,75,75,64,59,62,62,73,73,73,81,81,63,75,75,43,74,70,70,94,88,88,88,75,75,75,75,84,84,73,73,73,57],"gold":47,"neow_bonus":"UPGRADE_CARD","is_prod":false,"is_daily":false,"chose_seed":false,"campfire_upgraded":7,"win_rate":0,"timestamp":1563101384,"path_taken":["M","M","$","M","M","E","M","M","T","R","?","R","?","M","R","BOSS","M","?","?","?","M","E","R","M","T","R","M","M","E","M","R","BOSS","M","?","M","M","?","R","E","R","T","R","?","$","M","?","R","BOSS"],"build_version":"2019-07-01","purchased_purges":0,"victory":true,"max_hp_per_floor":[75,75,75,75,75,75,75,75,75,75,75,75,75,75,75,75,75,75,75,75,75,78,78,78,78,78,78,81,81,81,81,81,84,84,87,87,94,98,98,98,98,98,98,98,98,98,98,98,98,98],"card_choices":[{"not_picked":["Wild Strike","Heavy Blade"],"picked":"Shrug It Off","floor":1},{"not_picked":["Fire Breathing","Pommel Strike"],"picked":"Headbutt","floor":2},{"not_picked":["Sword Boomerang","Exhume"],"picked":"Pommel Strike","floor":4},{"not_picked":["Clash","Pommel Strike","Cleave"],"picked":"SKIP","floor":5},{"not_picked":["Clash","Spot Weakness"],"picked":"Offering","floor":6},{"not_picked":["Warcry","Wild Strike"],"picked":"Intimidate","floor":7},{"not_picked":["Feel No Pain","Pommel Strike","Flex"],"picked":"SKIP","floor":7},{"not_picked":["Headbutt","Sword Boomerang"],"picked":"Shockwave","floor":8},{"not_picked":["Perfected Strike","Thunderclap"],"picked":"Reaper","floor":8},{"not_picked":["Iron Wave","Evolve"],"picked":"Whirlwind","floor":11},{"not_picked":["Perfected Strike","Rupture","Armaments"],"picked":"SKIP","floor":11},{"not_picked":["Spot Weakness","Body Slam"],"picked":"Disarm","floor":14},{"not_picked":["Twin Strike","Warcry"],"picked":"Inflame","floor":14},{"not_picked":["Immolate","Dark Embrace"],"picked":"Fiend Fire","floor":16},{"not_picked":["Havoc+1","Clothesline"],"picked":"Battle Trance","floor":18},{"not_picked":["Battle Trance","Rupture"],"picked":"True Grit+1","floor":18},{"not_picked":["Wild Strike","Thunderclap","Body Slam+1"],"picked":"SKIP","floor":20},{"not_picked":["Heavy Blade","True Grit+1","Cleave"],"picked":"SKIP","floor":20},{"not_picked":["Armaments","Clothesline"],"picked":"Feed","floor":21},{"not_picked":["Bloodletting","Shockwave","Headbutt"],"picked":"SKIP","floor":21},{"not_picked":["Wild Strike+1","Armaments","Anger"],"picked":"SKIP","floor":22},{"not_picked":["Burning Pact","Sword Boomerang","Reckless Charge"],"picked":"SKIP","floor":22},{"not_picked":["Heavy Blade","Armaments","Exhume"],"picked":"SKIP","floor":23},{"not_picked":["Pommel Strike","Cleave","Clothesline"],"picked":"SKIP","floor":25},{"not_picked":["Thunderclap","Iron Wave","Pommel Strike"],"picked":"SKIP","floor":25},{"not_picked":["Hemokinesis","Second Wind","Burning Pact"],"picked":"SKIP","floor":28},{"not_picked":["Wild Strike","Combust+1","Sever Soul"],"picked":"SKIP","floor":28},{"not_picked":["Anger","Combust"],"picked":"Disarm","floor":29},{"not_picked":["Infernal Blade","Second Wind","Havoc"],"picked":"SKIP","floor":29},{"not_picked":["Headbutt","Double Tap","Inflame"],"picked":"SKIP","floor":30},{"not_picked":["Combust","Heavy Blade","Anger"],"picked":"SKIP","floor":31},{"not_picked":["Iron Wave","Twin Strike","Anger"],"picked":"SKIP","floor":31},{"not_picked":["Immolate","Barricade"],"picked":"Berserk","floor":33},{"not_picked":["Twin Strike","Cleave+1"],"picked":"Ghostly Armor+1","floor":35},{"not_picked":["Perfected Strike","Heavy Blade+1","Twin Strike"],"picked":"SKIP","floor":35},{"not_picked":["Inflame+1","Bloodletting","Twin Strike+1"],"picked":"SKIP","floor":37},{"not_picked":["Iron Wave+1","Perfected Strike+1","Headbutt"],"picked":"SKIP","floor":37},{"not_picked":["Berserk","Metallicize+1"],"picked":"Shrug It Off+1","floor":38},{"not_picked":["Clothesline","Shrug It Off+1","Iron Wave"],"picked":"SKIP","floor":38},{"not_picked":["Wild Strike","Sword Boomerang"],"picked":"Limit Break","floor":41},{"not_picked":["Brutality","Clash","Shockwave+1"],"picked":"SKIP","floor":47},{"not_picked":["Hemokinesis","Thunderclap","Armaments"],"picked":"SKIP","floor":47}],"player_experience":1139111,"relics_obtained":[{"floor":6,"key":"Prayer Wheel"},{"floor":9,"key":"Girya"},{"floor":23,"key":"Omamori"},{"floor":26,"key":"Centennial Puzzle"},{"floor":30,"key":"Sundial"},{"floor":41,"key":"Unceasing Top"},{"floor":43,"key":"Turnip"},{"floor":45,"key":"Pocketwatch"}],"event_choices":[{"cards_removed":["Strike_R"],"damage_healed":0,"gold_gain":0,"player_choice":"Offered Basic","damage_taken":0,"max_hp_gain":0,"max_hp_loss":0,"event_name":"Bonfire Elementals","floor":13,"gold_loss":0},{"damage_healed":5,"gold_gain":0,"player_choice":"Full Heal","damage_taken":0,"max_hp_gain":0,"max_hp_loss":0,"event_name":"Wheel of Change","floor":19,"gold_loss":0},{"cards_removed":["Strike_R"],"damage_healed":0,"gold_gain":0,"player_choice":"Upgrade and Remove","damage_taken":0,"max_hp_gain":0,"max_hp_loss":0,"event_name":"Designer","floor":36,"gold_loss":110,"cards_upgraded":["Defend_R"]},{"damage_healed":0,"gold_gain":0,"player_choice":"Fight","damage_taken":0,"max_hp_gain":0,"max_hp_loss":0,"event_name":"Mysterious Sphere","floor":45,"gold_loss":0},{"cards_removed":["Inflame"],"damage_healed":0,"gold_gain":0,"player_choice":"Removed Power","damage_taken":0,"max_hp_gain":0,"max_hp_loss":0,"event_name":"Falling","floor":48,"gold_loss":0}],"is_beta":false,"boss_relics":[{"not_picked":["Runic Pyramid","Mark of Pain"],"picked":"Coffee Dripper"},{"not_picked":["Fusion Hammer","Runic Dome"],"picked":"Astrolabe"}],"items_purged_floors":[],"is_endless":false,"potions_floor_spawned":[2,4,11,14,20,21,23,25,28,33,35,37,45],"ascension_level":15}