{"gold_per_floor":[109,34,34,44,9,9,36,52,75,75,75,86,11,30,30,126,126,139,79,96,12,24,43,43,53,78,78,78,109,121,121],"floor_reached":31,"playtime":2116,"items_purged":["Strike_B"],"score":296,"play_id":"5295ffdf-9db0-4ea5-a158-ac0ad0b02835","local_time":"20190116233458","is_ascension_mode":true,"campfire_choices":[{"data":"Zap","floor":6.0,"key":"SMITH"},{"data":"Sweeping Beam","floor":11.0,"key":"SMITH"},{"data":"Capacitor","floor":15,"key":"SMITH"},{"floor":28,"key":"REST"}],"neow_cost":"NONE","seed_source_timestamp":173490123351387,"circlet_count":0,"master_deck":["Zap+1","Sweeping Beam+1","Coolheaded+1","Beam Cell","Capacitor+1","Machine Learning","Reinforced Body","Multi-Cast","Recycle","Meteor Strike","Hyperbeam","Leap","Heatsinks","Self Repair","Finesse","Gash","Gash+1"],"special_seed":0,"relics":["Cracked Core","NeowsBlessing","Vajra","Centennial Puzzle","Pandora\u0027s Box","Potion Belt","Question Card"],"potions_floor_usage":[12,25],"damage_taken":[{"damage":0.0,"enemies":"Cultist","floor":1.0,"turns":1.0},{"damage":0.0,"enemies":"Small Slimes","floor":4.0,"turns":1.0},{"damage":0.0,"enemies":"Lagavulin","floor":7.0,"turns":1.0},{"damage":0.0,"enemies":"2 Louse","floor":8.0,"turns":2.0},{"damage":0,"enemies":"Gremlin Gang","floor":12,"turns":2},{"damage":0,"enemies":"Looter","floor":14,"turns":3},{"damage":33,"enemies":"Hexaghost","floor":16,"turns":9},{"damage":0,"enemies":"Spheric Guardian","floor":18,"turns":3},{"damage":18,"enemies":"Shell Parasite","floor":20,"turns":4},{"damage":12,"enemies":"Centurion and Healer","floor":22,"turns":3},{"damage":16,"enemies":"3 Cultists","floor":23,"turns":3},{"damage":4,"enemies":"Snecko","floor":25,"turns":3},{"damage":43,"enemies":"Gremlin Leader","floor":29,"turns":5},{"damage":4,"enemies":"Chosen and Byrds","floor":30,"turns":4},{"damage":34,"enemies":"Snake Plant","floor":31,"turns":3}],"seed_played":"-6660142975454070914","potions_obtained":[{"floor":1.0,"key":"LiquidBronze"},{"floor":7.0,"key":"Strength Potion"},{"floor":14,"key":"SpeedPotion"},{"floor":18,"key":"Ancient Potion"},{"floor":25,"key":"Strength Potion"}],"is_trial":false,"path_per_floor":["M","$","?","M","?","R","E","M","T","?","R","M","$","M","R","B",null,"M","?","M","$","M","M","$","M","T","?","R","E","M","M"],"character_chosen":"DEFECT","items_purchased":["Capacitor","Finesse"],"campfire_rested":1,"item_purchase_floors":[13,21],"current_hp_per_floor":[75,75,68,68,75,75,75,75,75,75,75,75,75,75,75,42,75,75,75,57,57,45,36,36,39,39,39,61,25,28,0],"gold":121,"neow_bonus":"THREE_ENEMY_KILL","is_prod":false,"is_daily":false,"chose_seed":false,"campfire_upgraded":3,"win_rate":0,"timestamp":1547703298,"path_taken":["M","$","?","M","?","R","E","M","T","?","R","?","$","M","R","BOSS","M","?","?","$","?","M","?","M","T","?","R","E","M","M"],"build_version":"2019-01-10","purchased_purges":1,"victory":false,"max_hp_per_floor":[75,75,75,75,75,75,75,75,75,75,75,75,75,75,75,75,75,75,75,75,75,75,75,75,75,75,75,75,75,75,75],"card_choices":[{"not_picked":["Auto Shields","Ball Lightning","Force Field"],"picked":"SKIP","floor":1.0},{"not_picked":["Doom and Gloom","Rebound","Steam"],"picked":"SKIP","floor":4.0},{"not_picked":["Ball Lightning","Undo"],"picked":"Sweeping Beam","floor":7.0},{"not_picked":["Sweeping Beam","Tempest"],"picked":"Coolheaded","floor":8.0},{"not_picked":["Core Surge","Barrage"],"picked":"Beam Cell","floor":12},{"not_picked":["Rebound","Fusion","Hologram"],"picked":"SKIP","floor":14},{"not_picked":["All For One","Seek"],"picked":"Machine Learning","floor":16},{"not_picked":["Undo","Chaos"],"picked":"Heatsinks","floor":18},{"not_picked":["Streamline+1","Lockon"],"picked":"Self Repair","floor":20},{"not_picked":["Turbo","Reprogram"],"picked":"Gash","floor":22},{"not_picked":["Auto Shields","BootSequence"],"picked":"Gash+1","floor":23},{"not_picked":["Ball Lightning","Biased Cognition","Lockon"],"picked":"SKIP","floor":25},{"not_picked":["Barrage+1","Stack+1","Sweeping Beam"],"picked":"SKIP","floor":29},{"not_picked":["Barrage+1","Cold Snap+1","Heatsinks","Aggregate"],"picked":"SKIP","floor":30}],"player_experience":298812,"relics_obtained":[{"floor":7.0,"key":"Vajra"},{"floor":9.0,"key":"Centennial Puzzle"},{"floor":26,"key":"Potion Belt"},{"floor":29,"key":"Question Card"}],"event_choices":[{"cards_removed":["Strike_B"],"damage_healed":0.0,"max_hp_gain":0.0,"max_hp_loss":0.0,"gold_gain":0.0,"event_name":"Golden Wing","player_choice":"Card Removal","floor":3.0,"gold_loss":0.0,"damage_taken":7.0},{"damage_healed":18.0,"max_hp_gain":0.0,"max_hp_loss":0.0,"gold_gain":0.0,"event_name":"The Cleric","player_choice":"Healed","floor":5.0,"gold_loss":35.0,"damage_taken":0.0},{"damage_healed":0.0,"max_hp_gain":0.0,"max_hp_loss":0.0,"gold_gain":0.0,"event_name":"Accursed Blacksmith","player_choice":"Forge","floor":10.0,"gold_loss":0.0,"damage_taken":0.0,"cards_upgraded":["Coolheaded"]},{"cards_removed":["Dualcast"],"damage_healed":0,"gold_gain":0,"player_choice":"Single Remove","damage_taken":0,"max_hp_gain":0,"max_hp_loss":0,"event_name":"Designer","floor":19,"gold_loss":60}],"is_beta":false,"boss_relics":[{"not_picked":["Tiny House","Eternal Feather"],"picked":"Pandora\u0027s Box"}],"items_purged_floors":[2],"is_endless":false,"potions_floor_spawned":[1,7,14,18,25],"killed_by":"Snake Plant","ascension_level":1}