{"gold_per_floor":[110,130,148,148,148,148,175,194,194,209,209,223,252,252,252,357,357,370,295,309,14,14,42,66,66],"floor_reached":25,"playtime":1695,"items_purged":["Coolheaded","Compile Driver"],"score":347,"play_id":"3e04f68f-c4af-4852-a3ee-aa6ac43e2cfb","local_time":"20190326113816","is_ascension_mode":true,"campfire_choices":[{"data":"Capacitor","floor":6.0,"key":"SMITH"},{"floor":11,"key":"REST"},{"floor":15,"key":"REST"}],"neow_cost":"NONE","seed_source_timestamp":0,"circlet_count":0,"master_deck":["AscendersBane","Zap+1","Dualcast","Capacitor+1","Echo Form","FTL","Gash","Gash","Beam Cell","Reboot","Biased Cognition","Conserve Battery","Echo Form","Thinking Ahead","Seek"],"special_seed":0,"relics":["Cracked Core","NeowsBlessing","War Paint","Orichalcum","Bottled Tornado","Pandora\u0027s Box","Question Card","Omamori"],"potions_floor_usage":[7,7,10,16,23],"damage_taken":[{"damage":0.0,"enemies":"Cultist","floor":1.0,"turns":1.0},{"damage":0.0,"enemies":"Jaw Worm","floor":2.0,"turns":1.0},{"damage":0.0,"enemies":"Small Slimes","floor":3.0,"turns":1.0},{"damage":29,"enemies":"Lagavulin","floor":7,"turns":8},{"damage":34,"enemies":"Exordium Thugs","floor":8,"turns":6},{"damage":4,"enemies":"Gremlin Gang","floor":10,"turns":6},{"damage":2,"enemies":"Blue Slaver","floor":12,"turns":3},{"damage":16,"enemies":"3 Sentries","floor":13,"turns":7},{"damage":33,"enemies":"Hexaghost","floor":16,"turns":8},{"damage":6,"enemies":"Chosen","floor":18,"turns":4},{"damage":5,"enemies":"Spheric Guardian","floor":20,"turns":3},{"damage":33,"enemies":"Book of Stabbing","floor":23,"turns":4},{"damage":5,"enemies":"Chosen and Byrds","floor":25,"turns":1}],"seed_played":"8066981165723198392","potions_obtained":[{"floor":2.0,"key":"EssenceOfSteel"},{"floor":3.0,"key":"Energy Potion"},{"floor":8,"key":"SkillPotion"},{"floor":12,"key":"LiquidBronze"},{"floor":18,"key":"Energy Potion"},{"floor":20,"key":"FocusPotion"}],"is_trial":false,"path_per_floor":["M","M","M","?","?","R","E","M","T","M","R","M","E","?","R","B",null,"M","$","M","$","?","E","T","M"],"character_chosen":"DEFECT","items_purchased":["Thinking Ahead"],"campfire_rested":2,"item_purchase_floors":[21],"current_hp_per_floor":[68,68,68,68,68,68,39,5,5,1,23,21,5,30,52,19,61,55,55,50,50,36,3,3,0],"gold":66,"neow_bonus":"THREE_ENEMY_KILL","is_prod":false,"is_daily":false,"chose_seed":false,"campfire_upgraded":1,"win_rate":0,"timestamp":1553618296,"path_taken":["M","M","?","?","?","R","E","?","T","?","R","M","E","?","R","BOSS","M","$","M","$","?","E","?","M"],"build_version":"2019-01-23","purchased_purges":2,"victory":false,"max_hp_per_floor":[75,75,75,75,75,75,75,75,75,75,75,75,75,75,75,75,75,75,75,75,75,80,80,80,80],"card_choices":[{"not_picked":["Redo","Stack","Rebound"],"picked":"SKIP","floor":1.0},{"not_picked":["Redo","Leap","Reprogram"],"picked":"SKIP","floor":2.0},{"not_picked":["Storm","Barrage"],"picked":"Capacitor","floor":3.0},{"not_picked":["Creative AI","Aggregate"],"picked":"Echo Form","floor":7},{"not_picked":["Ball Lightning","Beam Cell"],"picked":"FTL","floor":8},{"not_picked":["Rebound","Ball Lightning"],"picked":"Gash","floor":10},{"not_picked":["Conserve Battery","Self Repair"],"picked":"Gash","floor":12},{"not_picked":["Capacitor","Lockon","Force Field"],"picked":"SKIP","floor":13},{"not_picked":["Leap","Cold Snap+1","Reinforced Body"],"picked":"SKIP","floor":18},{"not_picked":["Force Field","Steam+1","Ball Lightning"],"picked":"SKIP","floor":20},{"not_picked":["Steam Power","Fusion"],"picked":"Seek","floor":23}],"player_experience":493999,"relics_obtained":[{"floor":7,"key":"War Paint"},{"floor":9,"key":"Orichalcum"},{"floor":13,"key":"Bottled Tornado"},{"floor":23,"key":"Question Card"},{"floor":24,"key":"Omamori"}],"event_choices":[{"cards_removed":["Strike_B"],"damage_healed":0.0,"max_hp_gain":0.0,"max_hp_loss":0.0,"gold_gain":0.0,"event_name":"Living Wall","player_choice":"Forget","floor":4.0,"gold_loss":0.0,"damage_taken":0.0},{"damage_healed":0.0,"max_hp_gain":0.0,"max_hp_loss":0.0,"gold_gain":0.0,"event_name":"The Woman in Blue","player_choice":"Bought 0 Potions","floor":5.0,"gold_loss":0.0,"damage_taken":0.0},{"damage_healed":25,"gold_gain":0,"player_choice":"Banana","damage_taken":0,"max_hp_gain":0,"max_hp_loss":0,"event_name":"Big Fish","floor":14,"gold_loss":0},{"damage_healed":0,"gold_gain":0,"player_choice":"Shed Blood","damage_taken":19,"max_hp_gain":5,"max_hp_loss":0,"event_name":"Forgotten Altar","floor":22,"gold_loss":0}],"is_beta":false,"boss_relics":[{"not_picked":["Empty Cage","Ectoplasm"],"picked":"Pandora\u0027s Box"}],"items_purged_floors":[19,21],"is_endless":false,"potions_floor_spawned":[2,3,8,12,18,20],"killed_by":"Chosen and Byrds","ascension_level":10}