{"gold_per_floor":[113,113,124,199,214,239,239,271,326,326,426,439,439,439,439,439],"floor_reached":16,"playtime":460,"items_purged":[],"score":135,"play_id":"cb2c0252-2e95-4585-a5c6-9e28c1b4d20c","local_time":"20190514090130","is_ascension_mode":true,"campfire_choices":[{"data":"Dagger Spray","floor":7,"key":"SMITH"},{"floor":10,"key":"REST"},{"data":"Neutralize","floor":13,"key":"SMITH"},{"floor":15,"key":"REST"}],"neow_cost":"NONE","seed_source_timestamp":7942684740817,"circlet_count":0,"master_deck":["Defend_G","Defend_G","Defend_G","Defend_G","Defend_G+1","Strike_G","Strike_G","Strike_G","Strike_G","Strike_G","Survivor","Neutralize+1","Dash","Regret","Dagger Spray+1","Deadly Poison+1","Cloak And Dagger","Crippling Poison","Dagger Spray"],"relics":["Ring of the Snake","NeowsBlessing","Meat on the Bone","War Paint","PreservedInsect","Happy Flower","Mercury Hourglass"],"potions_floor_usage":[6,6],"damage_taken":[{"damage":0,"enemies":"Jaw Worm","floor":1,"turns":1},{"damage":0,"enemies":"2 Louse","floor":3,"turns":1},{"damage":0,"enemies":"Cultist","floor":5,"turns":1},{"damage":31,"enemies":"Lagavulin","floor":6,"turns":9},{"damage":20,"enemies":"3 Sentries","floor":8,"turns":7},{"damage":5,"enemies":"Looter","floor":12,"turns":4},{"damage":64,"enemies":"Hexaghost","floor":16,"turns":13}],"seed_played":"5313816157951684262","potions_obtained":[{"floor":1,"key":"EssenceOfSteel"},{"floor":3,"key":"Block Potion"}],"is_trial":false,"path_per_floor":["M","?","M","?","M","E","R","E","T","R","?","M","R","?","R","B"],"character_chosen":"THE_SILENT","items_purchased":[],"campfire_rested":2,"item_purchase_floors":[],"current_hp_per_floor":[70,70,70,59,59,40,40,32,32,53,53,48,48,41,62,0],"gold":439,"neow_bonus":"THREE_ENEMY_KILL","is_prod":false,"is_daily":false,"chose_seed":false,"campfire_upgraded":2,"win_rate":0,"timestamp":1557788490,"path_taken":["M","?","M","?","?","E","R","E","T","R","?","?","R","?","R","BOSS"],"build_version":"2019-01-23","purchased_purges":0,"victory":false,"max_hp_per_floor":[70,70,70,70,70,70,70,70,70,70,70,70,70,70,70,70],"card_choices":[{"not_picked":["Calculated Gamble","Prepared"],"picked":"Dash","floor":1},{"not_picked":["Flying Knee","Poisoned Stab"],"picked":"Dagger Spray","floor":3},{"not_picked":["Choke","Slice"],"picked":"Deadly Poison","floor":5},{"not_picked":["Sucker Punch","Setup"],"picked":"Cloak And Dagger","floor":6},{"not_picked":["PiercingWail","Envenom"],"picked":"Crippling Poison","floor":8},{"not_picked":["Endless Agony","Slice"],"picked":"Dagger Spray","floor":12}],"player_experience":603817,"relics_obtained":[{"floor":6,"key":"War Paint"},{"floor":8,"key":"PreservedInsect"},{"floor":9,"key":"Happy Flower"}],"event_choices":[{"damage_healed":0,"gold_gain":0,"player_choice":"Box","damage_taken":0,"relics_obtained":["Meat on the Bone"],"max_hp_gain":0,"max_hp_loss":0,"event_name":"Big Fish","floor":2,"gold_loss":0,"cards_obtained":["Regret"]},{"damage_healed":0,"gold_gain":75,"player_choice":"Gather Gold","damage_taken":11,"max_hp_gain":0,"max_hp_loss":0,"event_name":"World of Goop","floor":4,"gold_loss":0},{"damage_healed":0,"gold_gain":100,"player_choice":"Pray","damage_taken":0,"max_hp_gain":0,"max_hp_loss":0,"event_name":"Golden Shrine","floor":11,"gold_loss":0},{"damage_healed":0,"gold_gain":0,"player_choice":"Success","damage_taken":7,"relics_obtained":["Mercury Hourglass"],"max_hp_gain":0,"max_hp_loss":0,"event_name":"Scrap Ooze","floor":14,"gold_loss":0}],"is_beta":false,"boss_relics":[],"items_purged_floors":[],"is_endless":false,"potions_floor_spawned":[1,3],"killed_by":"Hexaghost","ascension_level":5}