{"gold_per_floor":[115,131,131,131,131,162,337,337,337,364,380,32,32,59,59,134,134,152,152,169,16,30,30,65,65,65,65,65],"floor_reached":28,"playtime":946,"items_purged":["Doubt"],"score":471,"play_id":"e6ac943d-a769-49e2-acfa-4483c0e6bca4","local_time":"20190714044704","is_ascension_mode":true,"campfire_choices":[{"data":"Neutralize","floor":8,"key":"SMITH"},{"data":"Bouncing Flask","floor":13,"key":"SMITH"},{"floor":15,"key":"REST"},{"data":"Tactician","floor":23,"key":"SMITH"}],"neow_cost":"NONE","seed_source_timestamp":8556613268286,"circlet_count":0,"master_deck":["AscendersBane","Strike_G","Strike_G","Strike_G","Strike_G","Defend_G","Defend_G","Defend_G","Defend_G","Defend_G","Survivor","Neutralize+1","Caltrops","Blade Dance","Bane","Flying Knee","Backstab","Quick Slash","Bouncing Flask+1","Cloak And Dagger","Forethought","Finisher","Corpse Explosion","Dagger Throw","Noxious Fumes+1","PiercingWail","Prepared","Tactician+1","Crippling Poison","Decay"],"relics":["Ring of the Snake","NeowsBlessing","Nunchaku","Snake Skull","Blue Candle","Happy Flower","Dodecahedron","Tingsha","Eternal Feather","Frozen Egg 2","Bottled Lightning","Bottled Flame"],"potions_floor_usage":[10,14,16,22,24],"damage_taken":[{"damage":0,"enemies":"Jaw Worm","floor":1,"turns":1},{"damage":0,"enemies":"2 Louse","floor":2,"turns":1},{"damage":0,"enemies":"Lagavulin","floor":6,"turns":1},{"damage":35,"enemies":"3 Sentries","floor":10,"turns":12},{"damage":1,"enemies":"Small Slimes","floor":11,"turns":3},{"damage":22,"enemies":"Lagavulin","floor":14,"turns":4},{"damage":26,"enemies":"Slime Boss","floor":16,"turns":11},{"damage":10,"enemies":"Chosen","floor":18,"turns":4},{"damage":2,"enemies":"3 Byrds","floor":20,"turns":2},{"damage":10,"enemies":"Snecko","floor":22,"turns":4},{"damage":39,"enemies":"Book of Stabbing","floor":24,"turns":5},{"damage":5,"enemies":"Cultist and Chosen","floor":28,"turns":4}],"seed_played":"-1943196512270500815","potions_obtained":[{"floor":2,"key":"Regen Potion"},{"floor":11,"key":"SteroidPotion"},{"floor":18,"key":"Block Potion"},{"floor":22,"key":"AttackPotion"}],"is_trial":false,"path_per_floor":["M","M","?","T","?","E","?","R","T","E","M","$","R","E","R","B",null,"M","?","M","$","M","R","E","?","T","?","M"],"character_chosen":"THE_SILENT","items_purchased":["Bouncing Flask","Cloak And Dagger","SkillPotion","Forethought","Noxious Fumes+1","PiercingWail","Prepared"],"campfire_rested":1,"item_purchase_floors":[12,12,12,12,21,21,21],"current_hp_per_floor":[59,59,59,59,52,52,52,52,52,32,31,31,31,9,28,2,50,40,40,38,38,28,43,4,4,4,4,0],"gold":65,"neow_bonus":"THREE_ENEMY_KILL","is_prod":false,"is_daily":false,"chose_seed":false,"campfire_upgraded":3,"win_rate":0,"timestamp":1563043624,"path_taken":["M","M","?","?","?","E","?","R","T","E","?","$","R","E","R","BOSS","M","?","M","$","M","R","E","?","T","?","M"],"build_version":"2019-07-05","purchased_purges":1,"victory":false,"max_hp_per_floor":[66,66,66,66,66,66,66,66,66,66,66,66,66,66,66,66,66,66,66,66,66,66,66,66,66,66,66,66],"card_choices":[{"not_picked":["Acrobatics","Flying Knee"],"picked":"Caltrops","floor":1},{"not_picked":["Acrobatics","Calculated Gamble"],"picked":"Blade Dance","floor":2},{"not_picked":["Distraction","Deflect"],"picked":"Flying Knee","floor":6},{"not_picked":["Outmaneuver","Predator"],"picked":"Backstab","floor":10},{"not_picked":["Skewer","Tactician"],"picked":"Quick Slash","floor":11},{"not_picked":["Eviscerate","Grand Finale"],"picked":"Finisher","floor":14},{"not_picked":["Phantasmal Killer","Unload"],"picked":"Corpse Explosion","floor":16},{"not_picked":["Quick Slash","Bane"],"picked":"Dagger Throw","floor":18},{"not_picked":["Outmaneuver","Riddle With Holes","Accuracy+1"],"picked":"SKIP","floor":20},{"not_picked":["Acrobatics","Reflex"],"picked":"Tactician","floor":22},{"not_picked":["Cloak And Dagger+1","PiercingWail"],"picked":"Crippling Poison","floor":24}],"player_experience":977875,"relics_obtained":[{"floor":4,"key":"Nunchaku"},{"floor":6,"key":"Blue Candle"},{"floor":9,"key":"Happy Flower"},{"floor":10,"key":"Dodecahedron"},{"floor":14,"key":"Tingsha"},{"floor":24,"key":"Bottled Lightning"},{"floor":26,"key":"Bottled Flame"}],"event_choices":[{"damage_healed":0,"gold_gain":0,"cards_transformed":["Strike_G"],"player_choice":"Change","damage_taken":0,"max_hp_gain":0,"max_hp_loss":0,"event_name":"Living Wall","floor":3,"gold_loss":0,"cards_obtained":["Bane"]},{"damage_healed":0,"gold_gain":0,"player_choice":"Success","damage_taken":7,"relics_obtained":["Snake Skull"],"max_hp_gain":0,"max_hp_loss":0,"event_name":"Scrap Ooze","floor":5,"gold_loss":0},{"damage_healed":0,"gold_gain":175,"player_choice":"AGREE","damage_taken":0,"max_hp_gain":0,"max_hp_loss":0,"event_name":"Liars Game","floor":7,"gold_loss":0,"cards_obtained":["Doubt"]},{"damage_healed":0,"gold_gain":0,"player_choice":"Stole Relic","damage_taken":0,"relics_obtained":["Frozen Egg 2"],"max_hp_gain":0,"max_hp_loss":0,"event_name":"Addict","floor":19,"gold_loss":0,"cards_obtained":["Shame"]},{"damage_healed":0,"gold_gain":0,"player_choice":"Smashed Altar","damage_taken":0,"max_hp_gain":0,"max_hp_loss":0,"event_name":"Forgotten Altar","floor":25,"gold_loss":0,"cards_obtained":["Decay"]},{"cards_removed":["Shame"],"damage_healed":0,"gold_gain":0,"player_choice":"Purged","damage_taken":0,"max_hp_gain":0,"max_hp_loss":0,"event_name":"Purifier","floor":27,"gold_loss":0}],"is_beta":false,"boss_relics":[{"not_picked":["Ectoplasm","Fusion Hammer"],"picked":"Eternal Feather"}],"items_purged_floors":[12],"is_endless":false,"potions_floor_spawned":[2,11,18,22],"killed_by":"Cultist and Chosen","ascension_level":14}