{"gold_per_floor":[114,134,150,150,150,184,109,109,109,9,15,15,29,29],"floor_reached":14,"playtime":985,"items_purged":["Strike_R","Strike_R"],"score":90,"play_id":"10397052-d6cb-4466-b7f7-b65ac4f84140","local_time":"20190717065519","is_ascension_mode":false,"campfire_choices":[{"data":"Entrench","floor":8,"key":"SMITH"},{"data":"Shrug It Off","floor":12,"key":"SMITH"}],"neow_cost":"NONE","seed_source_timestamp":54498760911412,"circlet_count":0,"master_deck":["Strike_R","Strike_R","Strike_R","Defend_R","Defend_R","Defend_R","Defend_R","Bash","Disarm","Shrug It Off+1","Entrench+1"],"relics":["Burning Blood","Golden Idol","Calipers","Singing Bowl"],"potions_floor_usage":[6],"damage_taken":[{"damage":0,"enemies":"2 Louse","floor":1,"turns":3},{"damage":10,"enemies":"Jaw Worm","floor":2,"turns":4},{"damage":0,"enemies":"Small Slimes","floor":3,"turns":3},{"damage":48,"enemies":"Lagavulin","floor":6,"turns":9},{"damage":0,"enemies":"Exordium Thugs","floor":11,"turns":5},{"damage":30,"enemies":"Gremlin Gang","floor":13,"turns":12},{"damage":1,"enemies":"Lots of Slimes","floor":14,"turns":5}],"seed_played":"524713112319142541","potions_obtained":[{"floor":2,"key":"LiquidBronze"},{"floor":6,"key":"FearPotion"},{"floor":13,"key":"PowerPotion"}],"is_trial":false,"path_per_floor":["M","M","M","?","?","E","$","R","T","$","M","R","M","M"],"character_chosen":"IRONCLAD","items_purchased":[],"campfire_rested":0,"item_purchase_floors":[],"current_hp_per_floor":[88,84,88,66,66,24,24,24,24,24,32,32,10,9],"gold":29,"neow_bonus":"TEN_PERCENT_HP_BONUS","is_prod":false,"is_daily":false,"chose_seed":false,"campfire_upgraded":2,"win_rate":0,"timestamp":1563339319,"path_taken":["M","M","M","?","?","E","$","R","T","$","M","R","M","M"],"build_version":"2019-07-05","purchased_purges":2,"victory":false,"max_hp_per_floor":[88,88,88,88,88,88,88,88,88,88,90,90,92,92],"card_choices":[{"not_picked":["Flex","Headbutt","Spot Weakness"],"picked":"SKIP","floor":1},{"not_picked":["Armaments","Thunderclap"],"picked":"Disarm","floor":2},{"not_picked":["Thunderclap","Pommel Strike"],"picked":"Shrug It Off","floor":3},{"not_picked":["Twin Strike","Cleave"],"picked":"Entrench","floor":6},{"not_picked":["Pommel Strike","Bloodletting","Blood for Blood"],"picked":"Singing Bowl","floor":11},{"not_picked":["Shockwave","Havoc","Reckless Charge"],"picked":"Singing Bowl","floor":13}],"player_experience":198571,"relics_obtained":[{"floor":6,"key":"Calipers"},{"floor":9,"key":"Singing Bowl"}],"event_choices":[{"damage_healed":0,"gold_gain":0,"player_choice":"Take Damage","damage_taken":22,"relics_obtained":["Golden Idol"],"max_hp_gain":0,"max_hp_loss":0,"event_name":"Golden Idol","floor":4,"gold_loss":0},{"damage_healed":0,"gold_gain":0,"player_choice":"Ignored","damage_taken":0,"max_hp_gain":0,"max_hp_loss":0,"event_name":"Shining Light","floor":5,"gold_loss":0}],"is_beta":false,"boss_relics":[],"items_purged_floors":[7,10],"is_endless":false,"potions_floor_spawned":[2,6,13],"killed_by":"Lots of Slimes","ascension_level":0}