{"gold_per_floor":[110,110,110,129,145,176,193,193,219,219,246,145,161,176,176,275,275,290,58,58,71,87,87,87],"floor_reached":24,"playtime":1074,"items_purged":["Strike_G"],"score":229,"play_id":"f77d3fc7-740a-4926-a8fd-baec3021f43e","local_time":"20190422005410","is_ascension_mode":true,"campfire_choices":[{"floor":8,"key":"REST"},{"data":"Neutralize","floor":10,"key":"SMITH"},{"floor":15,"key":"REST"},{"data":"Catalyst","floor":23,"key":"SMITH"}],"neow_cost":"NONE","seed_source_timestamp":34036206487777,"circlet_count":0,"master_deck":["Defend_G","Defend_G","Defend_G","Defend_G","Defend_G","Strike_G","Strike_G","Strike_G","Strike_G","Survivor","Neutralize+1","Poisoned Stab","Sucker Punch","Cloak And Dagger","Noxious Fumes+1","Deflect","Acrobatics","Backstab","Prepared","Burst","Backflip+1","Infinite Blades+1","Trip","Shame","Catalyst+1"],"relics":["Ring of the Snake","NeowsBlessing","Lantern","Frozen Egg 2","Strawberry","Oddly Smooth Stone","Orichalcum","Snake Skull","WristBlade","Mummified Hand"],"potions_floor_usage":[11,16,16,21,24],"damage_taken":[{"damage":0,"enemies":"2 Louse","floor":1,"turns":1},{"damage":0,"enemies":"Jaw Worm","floor":4,"turns":1},{"damage":0,"enemies":"Cultist","floor":5,"turns":1},{"damage":17,"enemies":"3 Sentries","floor":6,"turns":13},{"damage":11,"enemies":"Exordium Wildlife","floor":7,"turns":5},{"damage":9,"enemies":"Lagavulin","floor":11,"turns":7},{"damage":0,"enemies":"2 Fungi Beasts","floor":13,"turns":3},{"damage":0,"enemies":"3 Louse","floor":14,"turns":3},{"damage":29,"enemies":"Slime Boss","floor":16,"turns":10},{"damage":5,"enemies":"Shell Parasite","floor":18,"turns":5},{"damage":10,"enemies":"2 Thieves","floor":21,"turns":4},{"damage":8,"enemies":"Centurion and Healer","floor":22,"turns":6},{"damage":64,"enemies":"Gremlin Leader","floor":24,"turns":6}],"seed_played":"7447871705152742","potions_obtained":[{"floor":6,"key":"GhostInAJar"},{"floor":7,"key":"Swift Potion"},{"floor":11,"key":"Explosive Potion"},{"floor":13,"key":"SkillPotion"},{"floor":22,"key":"AttackPotion"}],"is_trial":false,"path_per_floor":["M","?","T","M","M","E","M","R","T","R","E","?","M","M","R","B",null,"M","$","?","M","M","R","E"],"character_chosen":"THE_SILENT","items_purchased":["Infinite Blades+1","Trip"],"campfire_rested":2,"item_purchase_floors":[19,19],"current_hp_per_floor":[70,45,45,45,45,35,24,47,47,47,38,38,38,38,61,32,77,72,72,72,62,54,54,0],"gold":87,"neow_bonus":"THREE_ENEMY_KILL","is_prod":false,"is_daily":false,"chose_seed":false,"campfire_upgraded":2,"win_rate":0,"timestamp":1555858450,"path_taken":["M","?","?","?","M","E","M","R","T","R","E","?","M","M","R","BOSS","M","$","?","M","M","R","E"],"build_version":"2019-01-23","purchased_purges":1,"victory":false,"max_hp_per_floor":[70,70,70,70,70,77,77,77,77,77,77,77,77,77,77,77,77,77,77,77,77,77,77,77],"card_choices":[{"not_picked":["Prepared","Dodge and Roll"],"picked":"Poisoned Stab","floor":1},{"not_picked":["Flying Knee","Bane"],"picked":"Sucker Punch","floor":4},{"not_picked":["Acrobatics","Sucker Punch"],"picked":"Cloak And Dagger","floor":5},{"not_picked":["PiercingWail","Endless Agony"],"picked":"Noxious Fumes+1","floor":6},{"not_picked":["Wraith Form v2+1","Bouncing Flask"],"picked":"Deflect","floor":7},{"not_picked":["Distraction","Expertise"],"picked":"Acrobatics","floor":11},{"not_picked":["Flying Knee","Dodge and Roll"],"picked":"Backstab","floor":13},{"not_picked":["All Out Attack","Deadly Poison"],"picked":"Prepared","floor":14},{"not_picked":["Corpse Explosion","Storm of Steel"],"picked":"Burst","floor":16},{"not_picked":["Prepared","Distraction"],"picked":"Backflip+1","floor":18},{"not_picked":["Calculated Gamble+1","Outmaneuver","Crippling Poison"],"picked":"SKIP","floor":21},{"not_picked":["Masterful Stab","Bane"],"picked":"Catalyst","floor":22}],"player_experience":412063,"relics_obtained":[{"floor":3,"key":"Frozen Egg 2"},{"floor":6,"key":"Strawberry"},{"floor":9,"key":"Oddly Smooth Stone"},{"floor":11,"key":"Orichalcum"}],"event_choices":[{"damage_healed":0,"gold_gain":0,"player_choice":"Success","damage_taken":25,"relics_obtained":["Lantern"],"max_hp_gain":0,"max_hp_loss":0,"event_name":"Scrap Ooze","floor":2,"gold_loss":0},{"damage_healed":0,"gold_gain":0,"player_choice":"Paid Gold","damage_taken":0,"relics_obtained":["Snake Skull"],"max_hp_gain":0,"max_hp_loss":0,"event_name":"WeMeetAgain","floor":12,"gold_loss":101},{"damage_healed":0,"gold_gain":0,"player_choice":"Stole Relic","damage_taken":0,"relics_obtained":["Mummified Hand"],"max_hp_gain":0,"max_hp_loss":0,"event_name":"Addict","floor":20,"gold_loss":0,"cards_obtained":["Shame"]}],"is_beta":false,"boss_relics":[{"not_picked":["Calling Bell","Busted Crown"],"picked":"WristBlade"}],"items_purged_floors":[19],"is_endless":false,"potions_floor_spawned":[6,7,11,13,22],"killed_by":"Gremlin Leader","ascension_level":2}