{"gold_per_floor":[114,134,146,146,46,77,55,84,84,84,15,15,32,50,50,146,146,164,264,264,9,23,23,54,66,126,155,177,189,234,246,258,270],"floor_reached":33,"playtime":1327,"items_purged":[],"score":273,"play_id":"1a665adf-15d3-4d61-bb50-aa7beb8ec58b","local_time":"20190329074847","is_ascension_mode":false,"campfire_choices":[{"floor":10,"key":"REST"},{"floor":12,"key":"REST"},{"floor":15,"key":"REST"},{"data":"Barricade","floor":23,"key":"SMITH"},{"data":"Double Tap","floor":25,"key":"SMITH"},{"floor":32,"key":"RECALL"}],"neow_cost":"PERCENT_DAMAGE","seed_source_timestamp":63460686806184,"circlet_count":0,"master_deck":["Strike_R","Strike_R","Strike_R","Strike_R","Strike_R","Defend_R","Defend_R","Defend_R","Defend_R","Bash","Double Tap+1","Pommel Strike","Perfected Strike+1","Cleave","Flex","Twin Strike","Power Through","Flex","Ghostly Armor","Whirlwind","Flame Barrier","Bludgeon","Thunderclap","Wild Strike","Barricade+1","True Grit+1","Evolve","Dropkick"],"relics":["Burning Blood","Blue Candle","Thread and Needle","Mark of Pain","Incense Burner","Ornamental Fan","Bottled Flame","MawBank","Vajra","Red Mask"],"potions_floor_usage":[18,19,24,24,27,30],"damage_taken":[{"damage":7,"enemies":"2 Louse","floor":1,"turns":4},{"damage":0,"enemies":"Small Slimes","floor":2,"turns":3},{"damage":1,"enemies":"Jaw Worm","floor":3,"turns":3},{"damage":44,"enemies":"3 Sentries","floor":6,"turns":6},{"damage":35,"enemies":"Lagavulin","floor":8,"turns":6},{"damage":8,"enemies":"Blue Slaver","floor":13,"turns":2},{"damage":14,"enemies":"Exordium Thugs","floor":14,"turns":3},{"damage":13,"enemies":"Slime Boss","floor":16,"turns":9},{"damage":6,"enemies":"Chosen","floor":18,"turns":3},{"damage":16,"enemies":"Colosseum Slavers","floor":19,"turns":4},{"damage":22,"enemies":"Colosseum Nobs","floor":19,"turns":5},{"damage":2,"enemies":"Spheric Guardian","floor":22,"turns":3},{"damage":28,"enemies":"Slavers","floor":24,"turns":6},{"damage":19,"enemies":"3 Cultists","floor":27,"turns":6},{"damage":9,"enemies":"Sentry and Sphere","floor":28,"turns":6},{"damage":6,"enemies":"Masked Bandits","floor":30,"turns":4},{"damage":70,"enemies":"Automaton","floor":33,"turns":6}],"seed_played":"-9082846848039692136","potions_obtained":[{"floor":2,"key":"FairyPotion"},{"floor":8,"key":"BloodPotion"},{"floor":13,"key":"SteroidPotion"},{"floor":19,"key":"SpeedPotion"},{"floor":22,"key":"BloodPotion"},{"floor":24,"key":"Block Potion"},{"floor":28,"key":"Swift Potion"}],"is_trial":false,"path_per_floor":["M","M","M","?","$","E","?","E","T","R","$","R","M","M","R","B",null,"M","?","?","$","M","R","E","R","T","M","M","?","?","$","R","B"],"character_chosen":"IRONCLAD","items_purchased":["Flex","Twin Strike","Ghostly Armor","Bottled Flame"],"campfire_rested":3,"item_purchase_floors":[5,5,11,21],"current_hp_per_floor":[55,61,66,66,66,28,28,14,14,38,38,62,60,52,76,69,80,80,62,62,62,66,66,52,52,52,39,36,62,62,62,62,0],"gold":270,"neow_bonus":"THREE_RARE_CARDS","is_prod":false,"is_daily":false,"chose_seed":false,"campfire_upgraded":2,"win_rate":0,"timestamp":1553809727,"path_taken":["M","M","M","?","$","E","?","E","T","R","$","R","M","M","R","BOSS","M","?","?","?","M","R","E","R","T","?","M","?","?","$","R","BOSS"],"build_version":"2019-01-23","purchased_purges":0,"victory":false,"max_hp_per_floor":[80,80,80,80,80,80,80,80,80,80,80,80,80,80,80,80,80,80,80,80,80,80,80,80,80,80,80,80,80,80,80,80,80],"card_choices":[{"not_picked":["Feed","Barricade"],"picked":"Double Tap","floor":0},{"not_picked":["Anger","Body Slam"],"picked":"Pommel Strike","floor":1},{"not_picked":["Rupture","Battle Trance"],"picked":"Perfected Strike","floor":2},{"not_picked":["Headbutt","True Grit"],"picked":"Cleave","floor":3},{"not_picked":["Fiend Fire","Clothesline"],"picked":"Power Through","floor":6},{"not_picked":["Searing Blow","Fire Breathing"],"picked":"Flex","floor":8},{"not_picked":["Battle Trance","Headbutt"],"picked":"Whirlwind","floor":13},{"not_picked":["Carnage","Thunderclap"],"picked":"Flame Barrier","floor":14},{"not_picked":["Offering","Fiend Fire"],"picked":"Bludgeon","floor":16},{"not_picked":["Havoc","Sword Boomerang"],"picked":"Thunderclap","floor":18},{"not_picked":["Iron Wave","Fire Breathing"],"picked":"Wild Strike","floor":19},{"not_picked":["Armaments","Pommel Strike"],"picked":"Barricade","floor":22},{"not_picked":["Armaments+1","Blood for Blood"],"picked":"True Grit+1","floor":24},{"not_picked":["Searing Blow+1","Flex"],"picked":"Evolve","floor":27},{"not_picked":["Ghostly Armor","Corruption+1","Searing Blow"],"picked":"SKIP","floor":28},{"not_picked":["Bloodletting","Sword Boomerang"],"picked":"Dropkick","floor":30}],"player_experience":279608,"relics_obtained":[{"floor":6,"key":"Blue Candle"},{"floor":8,"key":"Thread and Needle"},{"floor":19,"key":"Incense Burner"},{"floor":19,"key":"Ornamental Fan"},{"floor":24,"key":"MawBank"},{"floor":26,"key":"Vajra"},{"floor":30,"key":"Red Mask"}],"event_choices":[{"damage_healed":0,"gold_gain":0,"player_choice":"Grow","damage_taken":0,"max_hp_gain":0,"max_hp_loss":0,"event_name":"Living Wall","floor":4,"gold_loss":0,"cards_upgraded":["Perfected Strike"]},{"damage_healed":0,"gold_gain":0,"player_choice":"Left Gold","damage_taken":0,"max_hp_gain":0,"max_hp_loss":0,"event_name":"World of Goop","floor":7,"gold_loss":22},{"damage_healed":0,"gold_gain":0,"player_choice":"Fight","damage_taken":0,"max_hp_gain":0,"max_hp_loss":0,"event_name":"Colosseum","floor":19,"gold_loss":0},{"damage_healed":0,"gold_gain":0,"player_choice":"Fought Nobs","damage_taken":0,"max_hp_gain":0,"max_hp_loss":0,"event_name":"Colosseum","floor":19,"gold_loss":0},{"damage_healed":0,"gold_gain":0,"player_choice":"Ignored","damage_taken":0,"max_hp_gain":0,"max_hp_loss":0,"event_name":"Ghosts","floor":20,"gold_loss":0},{"damage_healed":26,"gold_gain":0,"player_choice":"Heal","damage_taken":0,"max_hp_gain":0,"max_hp_loss":0,"event_name":"The Library","floor":29,"gold_loss":0},{"damage_healed":0,"gold_gain":0,"player_choice":"Fought Bandits","damage_taken":0,"max_hp_gain":0,"max_hp_loss":0,"event_name":"Masked Bandits","floor":30,"gold_loss":0}],"is_beta":false,"boss_relics":[{"not_picked":["Pandora\u0027s Box","Orrery"],"picked":"Mark of Pain"}],"items_purged_floors":[],"is_endless":false,"potions_floor_spawned":[2,8,13,19,22,24,28],"killed_by":"Automaton","ascension_level":0}