{"gold_per_floor":[118,118,137,149,46,79,93,113,140,154,179,189,200,215,215,310,310,321,246,336,261,281,315,325,352,364,393,405,444,470,482,494,506],"floor_reached":33,"playtime":1422,"items_purged":["Normality"],"score":323,"play_id":"7cb2275d-2de5-4afc-b6eb-fbd62e58f62c","local_time":"20190108162801","is_ascension_mode":false,"campfire_choices":[{"data":"Thunder Strike","floor":15,"key":"SMITH"},{"floor":28,"key":"REST"},{"floor":32,"key":"REST"}],"neow_cost":"NONE","seed_source_timestamp":1136726353839222,"circlet_count":0,"master_deck":["Strike_B","Strike_B","Strike_B","Defend_B","Defend_B","Defend_B","Defend_B+1","Zap","Dualcast","Electrodynamics","Conserve Battery","Thunder Strike+1","Glacier","Cold Snap","Ball Lightning","Cold Snap","Lockon","BootSequence","Ball Lightning","Leap+1","Skim","Biased Cognition","Clumsy","Decay","Reinforced Body+1","Redo+1","Conserve Battery+1","Tempest","Defragment","Capacitor+1","BootSequence","Sweeping Beam+1","Decay"],"relics":["Cracked Core","Orichalcum","Vajra","Blood Vial","Calling Bell","War Paint","Thread and Needle","Shuriken","Happy Flower","MawBank","Frozen Egg 2","Regal Pillow"],"potions_floor_usage":[22,23,29,33],"damage_taken":[{"damage":0,"enemies":"Jaw Worm","floor":1,"turns":4},{"damage":0,"enemies":"Cultist","floor":3,"turns":3},{"damage":10,"enemies":"Small Slimes","floor":4,"turns":3},{"damage":10,"enemies":"3 Sentries","floor":6,"turns":5},{"damage":0,"enemies":"2 Fungi Beasts","floor":7,"turns":2},{"damage":5,"enemies":"Lots of Slimes","floor":8,"turns":2},{"damage":0,"enemies":"3 Louse","floor":10,"turns":3},{"damage":7,"enemies":"Gremlin Nob","floor":11,"turns":4},{"damage":0,"enemies":"Blue Slaver","floor":12,"turns":2},{"damage":0,"enemies":"2 Fungi Beasts","floor":13,"turns":2},{"damage":1,"enemies":"Looter","floor":14,"turns":3},{"damage":21,"enemies":"Slime Boss","floor":16,"turns":6},{"damage":19,"enemies":"2 Thieves","floor":18,"turns":4},{"damage":0,"enemies":"Chosen","floor":22,"turns":4},{"damage":22,"enemies":"Slavers","floor":23,"turns":4},{"damage":0,"enemies":"Sentry and Sphere","floor":24,"turns":3},{"damage":5,"enemies":"Gremlin Leader","floor":25,"turns":8},{"damage":4,"enemies":"Centurion and Healer","floor":27,"turns":5},{"damage":33,"enemies":"Slavers","floor":29,"turns":5},{"damage":0,"enemies":"Chosen and Byrds","floor":30,"turns":6},{"damage":66,"enemies":"Collector","floor":33,"turns":7}],"seed_played":"1978475359317108983","potions_obtained":[{"floor":6,"key":"Energy Potion"},{"floor":7,"key":"PowerPotion"},{"floor":8,"key":"Swift Potion"},{"floor":22,"key":"Strength Potion"},{"floor":27,"key":"Fire Potion"},{"floor":30,"key":"Strength Potion"}],"is_trial":false,"path_per_floor":["M","?","M","M","$","E","M","M","T","M","E","M","M","M","R","B",null,"M","?","?","$","M","E","M","E","T","M","R","E","M","?","R","B"],"character_chosen":"DEFECT","items_purchased":["Glacier","Cold Snap"],"campfire_rested":2,"item_purchase_floors":[5,5],"current_hp_per_floor":[75,75,75,65,65,55,55,50,50,50,43,45,47,48,48,29,75,56,56,42,42,44,24,26,23,23,21,43,12,14,14,51,0],"gold":506,"neow_bonus":"ONE_RANDOM_RARE_CARD","is_prod":false,"is_daily":false,"chose_seed":false,"campfire_upgraded":1,"win_rate":0.0,"timestamp":1546982881,"path_taken":["M","?","?","M","$","E","M","M","T","M","E","M","M","M","R","BOSS","M","?","?","$","M","E","M","E","T","?","R","E","M","?","R","BOSS"],"build_version":"2019-01-03v4","purchased_purges":1,"victory":false,"max_hp_per_floor":[75,75,75,75,75,75,75,75,75,75,75,75,75,75,75,75,75,75,75,75,75,75,75,75,75,75,75,75,75,75,75,75,75],"card_choices":[{"not_picked":["Steam","Barrage"],"picked":"Rebound","floor":1},{"not_picked":["Skim","Stack"],"picked":"Conserve Battery","floor":3},{"not_picked":["Cold Snap","Compile Driver"],"picked":"Thunder Strike","floor":4},{"not_picked":["Go for the Eyes","FTL"],"picked":"Ball Lightning","floor":6},{"not_picked":["Steam","Stack"],"picked":"Cold Snap","floor":7},{"not_picked":["Stack","Ball Lightning"],"picked":"Lockon","floor":8},{"not_picked":["Compile Driver","Barrage"],"picked":"BootSequence","floor":10},{"not_picked":["Electrodynamics","Leap"],"picked":"Ball Lightning","floor":11},{"not_picked":["Ball Lightning","Beam Cell"],"picked":"Leap","floor":12},{"not_picked":["Coolheaded","Go for the Eyes"],"picked":"Skim","floor":13},{"not_picked":["Steam","Stack","Coolheaded"],"picked":"SKIP","floor":14},{"not_picked":["Thunder Strike","Seek"],"picked":"Biased Cognition","floor":16},{"not_picked":["Beam Cell+1","Streamline"],"picked":"Reinforced Body+1","floor":18},{"not_picked":["Ball Lightning+1","Conserve Battery+1"],"picked":"Redo+1","floor":22},{"not_picked":["Hello World","Blizzard"],"picked":"Conserve Battery+1","floor":23},{"not_picked":["Stack+1","Conserve Battery"],"picked":"Tempest","floor":24},{"not_picked":["Biased Cognition","Cold Snap"],"picked":"Defragment","floor":25},{"not_picked":["Coolheaded","Hologram+1"],"picked":"Capacitor+1","floor":27},{"not_picked":["Scrape","Beam Cell"],"picked":"BootSequence","floor":29},{"not_picked":["Stack","Hello World+1"],"picked":"Sweeping Beam+1","floor":30}],"player_experience":19422,"relics_obtained":[{"floor":6,"key":"Orichalcum"},{"floor":9,"key":"Vajra"},{"floor":11,"key":"Blood Vial"},{"floor":17,"key":"War Paint"},{"floor":17,"key":"Thread and Needle"},{"floor":17,"key":"Shuriken"},{"floor":23,"key":"Happy Flower"},{"floor":25,"key":"MawBank"},{"floor":26,"key":"Frozen Egg 2"},{"floor":29,"key":"Regal Pillow"}],"event_choices":[{"cards_removed":["Rebound"],"damage_healed":5,"gold_gain":0,"player_choice":"Offered Common","damage_taken":0,"max_hp_gain":0,"max_hp_loss":0,"event_name":"Bonfire Elementals","floor":2,"gold_loss":0},{"cards_removed":["Rebound"],"damage_healed":5,"gold_gain":0,"player_choice":"Offered Special","damage_taken":0,"max_hp_gain":0,"max_hp_loss":0,"event_name":"Bonfire Elementals","floor":2,"gold_loss":0},{"cards_removed":["Strike_B"],"damage_healed":0,"gold_gain":0,"player_choice":"Gave Gold","damage_taken":0,"max_hp_gain":0,"max_hp_loss":0,"event_name":"Beggar","floor":19,"gold_loss":75},{"damage_healed":0,"gold_gain":90,"player_choice":"GOLD ","damage_taken":14,"max_hp_gain":0,"max_hp_loss":0,"event_name":"Knowing Skull","floor":20,"potions_obtained":[],"gold_loss":0,"cards_obtained":[]},{"damage_healed":0,"gold_gain":0,"player_choice":"Smashed Altar","damage_taken":0,"max_hp_gain":0,"max_hp_loss":0,"event_name":"Forgotten Altar","floor":31,"gold_loss":0,"cards_obtained":["Decay"]}],"is_beta":false,"boss_relics":[{"not_picked":["FrozenCore","Empty Cage"],"picked":"Calling Bell"}],"items_purged_floors":[21],"is_endless":false,"potions_floor_spawned":[6,7,8,10,12,16,18,22,27,30],"killed_by":"Collector","ascension_level":0}