{"gold_per_floor":[115,129,79,79,79,79,111,111,141,141,167,167,167,180,180,281,281,296,296,296,311,327,327,353,385,385,48,48,94,126,136,136,237,237,252,264,280,280,280,280,48,48,73,102,102,120,137,25,25,25],"floor_reached":50,"playtime":2381,"items_purged":["Strike_G","Writhe"],"score":846,"play_id":"68ceb50e-4c99-4038-9260-7fad51bb98a9","local_time":"20190607220134","is_ascension_mode":true,"campfire_choices":[{"data":"Neutralize","floor":6,"key":"SMITH"},{"data":"Envenom","floor":8,"key":"SMITH"},{"data":"Survivor","floor":10,"key":"SMITH"},{"data":"PiercingWail","floor":12,"key":"SMITH"},{"floor":15,"key":"REST"},{"floor":23,"key":"REST"},{"floor":28,"key":"REST"},{"floor":32,"key":"REST"},{"floor":40,"key":"REST"},{"floor":42,"key":"REST"},{"floor":49,"key":"REST"}],"neow_cost":"NONE","seed_source_timestamp":2446100812533,"circlet_count":0,"master_deck":["AscendersBane","Defend_G","Defend_G","Defend_G","Defend_G","Defend_G+1","Strike_G","Strike_G","Strike_G","Survivor+1","Neutralize+1","Dagger Spray+1","Dagger Throw","Envenom+1","PiercingWail+1","Deadly Poison","After Image","Poisoned Stab","Bane+1","Catalyst","Acrobatics","PiercingWail+1","Distraction+1","Dodge and Roll+1","Backflip+1","Wraith Form v2","Quick Slash+1","Catalyst+1","Heel Hook+1","Deflect+1","Blur+1","Leg Sweep+1"],"relics":["Ring of the Snake","NeowsBlessing","Anchor","Tiny Chest","Bottled Flame","Pocketwatch","Fusion Hammer","Centennial Puzzle","Red Mask","Pantograph","Toxic Egg 2","Smiling Mask","The Courier","Black Star","Shuriken","Bronze Scales","Strawberry","Ancient Tea Set","Orichalcum"],"potions_floor_usage":[16,16,24,33,37,44,47,50,50],"damage_taken":[{"damage":0,"enemies":"Jaw Worm","floor":1,"turns":1},{"damage":0,"enemies":"Small Slimes","floor":2,"turns":1},{"damage":0,"enemies":"3 Sentries","floor":7,"turns":1},{"damage":9,"enemies":"Gremlin Nob","floor":11,"turns":4},{"damage":0,"enemies":"2 Louse","floor":14,"turns":3},{"damage":62,"enemies":"Slime Boss","floor":16,"turns":13},{"damage":0,"enemies":"3 Byrds","floor":18,"turns":4},{"damage":20,"enemies":"Spheric Guardian","floor":21,"turns":6},{"damage":0,"enemies":"Cultist and Chosen","floor":22,"turns":6},{"damage":31,"enemies":"Slavers","floor":24,"turns":7},{"damage":24,"enemies":"Masked Bandits","floor":25,"turns":4},{"damage":9,"enemies":"Book of Stabbing","floor":30,"turns":5},{"damage":0,"enemies":"Shelled Parasite and Fungi","floor":31,"turns":7},{"damage":55,"enemies":"Automaton","floor":33,"turns":13},{"damage":13,"enemies":"3 Darklings","floor":35,"turns":8},{"damage":2,"enemies":"3 Shapes","floor":36,"turns":4},{"damage":17,"enemies":"Writhing Mass","floor":37,"turns":4},{"damage":55,"enemies":"Reptomancer","floor":44,"turns":7},{"damage":10,"enemies":"4 Shapes","floor":46,"turns":5},{"damage":19,"enemies":"Maw","floor":47,"turns":7},{"damage":83,"enemies":"Donu and Deca","floor":50,"turns":15}],"seed_played":"7447573418574219279","potions_obtained":[{"floor":1,"key":"Swift Potion"},{"floor":14,"key":"Poison Potion"},{"floor":21,"key":"Ancient Potion"},{"floor":22,"key":"SpeedPotion"},{"floor":25,"key":"GhostInAJar"},{"floor":33,"key":"GhostInAJar"},{"floor":35,"key":"SkillPotion"},{"floor":44,"key":"GamblersBrew"}],"is_trial":false,"path_per_floor":["M","M","?","?","?","R","E","R","T","R","E","R","?","M","R","B",null,"M","?","?","M","M","R","E","?","T","$","R","T","E","M","R","B",null,"M","M","M","T","?","R","$","R","T","E","?","M","M","$","R","B"],"character_chosen":"THE_SILENT","items_purchased":["Toxic Egg 2","PiercingWail+1","Distraction+1","Bronze Scales","Regen Potion","Leg Sweep+1"],"campfire_rested":7,"item_purchase_floors":[27,27,27,41,41,48],"current_hp_per_floor":[63,63,63,49,54,54,54,54,54,54,45,45,42,42,64,2,57,57,57,57,37,37,59,28,4,4,4,26,26,17,17,39,9,59,46,44,27,27,27,49,49,71,78,35,56,46,27,27,51,0],"gold":25,"neow_bonus":"THREE_ENEMY_KILL","is_prod":false,"is_daily":false,"chose_seed":false,"campfire_upgraded":4,"win_rate":0,"timestamp":1559908894,"path_taken":["M","M","?","?","?","R","E","R","T","R","E","R","?","M","R","BOSS","M","?","?","?","M","R","E","?","T","$","R","?","E","M","R","BOSS","M","M","?","?","?","R","$","R","T","E","?","?","M","$","R","BOSS"],"build_version":"2019-01-23","purchased_purges":2,"victory":false,"max_hp_per_floor":[70,70,70,70,75,75,75,75,75,75,75,75,75,75,75,75,75,75,75,75,75,75,75,75,75,75,75,75,75,75,75,75,75,75,75,75,75,75,75,75,75,75,82,82,82,82,82,82,82,82],"card_choices":[{"not_picked":["Expertise","Eviscerate"],"picked":"Dagger Spray","floor":1},{"not_picked":["Deadly Poison","Riddle With Holes"],"picked":"Dagger Throw","floor":2},{"not_picked":["Reflex","Blade Dance"],"picked":"Envenom","floor":7},{"not_picked":["Setup","Bane"],"picked":"PiercingWail","floor":11},{"not_picked":["Eviscerate","Dash"],"picked":"Deadly Poison","floor":14},{"not_picked":["Doppelganger","Unload"],"picked":"After Image","floor":16},{"not_picked":["Blade Dance","Catalyst"],"picked":"Poisoned Stab","floor":18},{"not_picked":["Flying Knee","Flechettes"],"picked":"Bane+1","floor":21},{"not_picked":["Outmaneuver","Poisoned Stab"],"picked":"Catalyst","floor":22},{"not_picked":["Flying Knee+1","Reflex","Blade Dance"],"picked":"SKIP","floor":24},{"not_picked":["Bullet Time","PiercingWail"],"picked":"Acrobatics","floor":25},{"not_picked":["Quick Slash","Infinite Blades"],"picked":"Dodge and Roll+1","floor":30},{"not_picked":["Dodge and Roll+1","Tactician+1"],"picked":"Backflip+1","floor":31},{"not_picked":["Bullet Time+1","Venomology+1"],"picked":"Wraith Form v2","floor":33},{"not_picked":["Prepared+1","Poisoned Stab"],"picked":"Quick Slash+1","floor":35},{"not_picked":["Blade Dance+1","Concentrate+1"],"picked":"Catalyst+1","floor":36},{"not_picked":["Bane+1","Eviscerate+1","Blade Dance+1"],"picked":"SKIP","floor":37},{"not_picked":["Underhanded Strike","Flying Knee+1"],"picked":"Heel Hook+1","floor":44},{"not_picked":["Underhanded Strike","Tools of the Trade"],"picked":"Deflect+1","floor":46},{"not_picked":["Prepared+1","Underhanded Strike+1"],"picked":"Blur+1","floor":47}],"player_experience":830093,"relics_obtained":[{"floor":7,"key":"Anchor"},{"floor":9,"key":"Tiny Chest"},{"floor":11,"key":"Bottled Flame"},{"floor":24,"key":"Centennial Puzzle"},{"floor":25,"key":"Red Mask"},{"floor":26,"key":"Pantograph"},{"floor":29,"key":"Smiling Mask"},{"floor":30,"key":"The Courier"},{"floor":38,"key":"Shuriken"},{"floor":43,"key":"Strawberry"},{"floor":44,"key":"Ancient Tea Set"},{"floor":44,"key":"Orichalcum"}],"event_choices":[{"damage_healed":0,"gold_gain":0,"player_choice":"Left Gold","damage_taken":0,"max_hp_gain":0,"max_hp_loss":0,"event_name":"World of Goop","floor":3,"gold_loss":50},{"damage_healed":0,"gold_gain":0,"player_choice":"Entered Light","damage_taken":14,"max_hp_gain":0,"max_hp_loss":0,"event_name":"Shining Light","floor":4,"gold_loss":0,"cards_upgraded":["Dagger Spray","Defend_G"]},{"damage_healed":0,"gold_gain":0,"player_choice":"Donut","damage_taken":0,"max_hp_gain":5,"max_hp_loss":0,"event_name":"Big Fish","floor":5,"gold_loss":0},{"damage_healed":0,"gold_gain":0,"player_choice":"Success","damage_taken":3,"relics_obtained":["Pocketwatch"],"max_hp_gain":0,"max_hp_loss":0,"event_name":"Scrap Ooze","floor":13,"gold_loss":0},{"damage_healed":0,"gold_gain":0,"player_choice":"Ignored","damage_taken":0,"max_hp_gain":0,"max_hp_loss":0,"event_name":"Ghosts","floor":19,"gold_loss":0},{"damage_healed":0,"gold_gain":0,"player_choice":"Ignored","damage_taken":0,"max_hp_gain":0,"max_hp_loss":0,"event_name":"N\u0027loth","floor":20,"gold_loss":0},{"damage_healed":0,"gold_gain":0,"player_choice":"Fought Bandits","damage_taken":0,"max_hp_gain":0,"max_hp_loss":0,"event_name":"Masked Bandits","floor":25,"gold_loss":0},{"cards_removed":["Strike_G"],"damage_healed":0,"gold_gain":0,"player_choice":"Removed Attack","damage_taken":0,"max_hp_gain":0,"max_hp_loss":0,"event_name":"Falling","floor":39,"gold_loss":0},{"damage_healed":21,"gold_gain":0,"player_choice":"Writhe","damage_taken":0,"max_hp_gain":0,"max_hp_loss":0,"event_name":"Winding Halls","floor":45,"gold_loss":0,"cards_obtained":["Writhe"]}],"is_beta":false,"boss_relics":[{"not_picked":["Astrolabe","Snecko Eye"],"picked":"Fusion Hammer"},{"not_picked":["Velvet Choker","White Beast Statue"],"picked":"Black Star"}],"items_purged_floors":[41,48],"is_endless":false,"potions_floor_spawned":[1,14,21,22,25,33,35,44],"killed_by":"Donu and Deca","ascension_level":10}