{"gold_per_floor":[117,117,130,305,305,305,330,344,370,432,462,462,462,473,473,578,578,589,395,395,395,411,411,443,458,458,474,55,55,67,67],"floor_reached":31,"playtime":1329,"items_purged":["Defend_R"],"score":263,"play_id":"a4c0bbf2-1d42-4317-9090-e37257914dd8","local_time":"20190328231745","is_ascension_mode":false,"campfire_choices":[{"data":"Entrench","floor":6,"key":"SMITH"},{"floor":12,"key":"REST"},{"floor":15,"key":"REST"},{"data":"Barricade","floor":23,"key":"SMITH"},{"floor":29,"key":"REST"}],"neow_cost":"NONE","seed_source_timestamp":32797747004070,"circlet_count":0,"master_deck":["Strike_R","Strike_R","Strike_R+1","Defend_R+1","Defend_R","Defend_R","Bash","Entrench+1","Rampage","Inflame","Seeing Red","Pommel Strike","Power Through","Thunderclap","Thunderclap","Barricade+1","Heavy Blade+1","Power Through","Pommel Strike","Armaments","Cleave","Wild Strike","Searing Blow","Pommel Strike+1","Shockwave","Second Wind+1","Cleave+1","True Grit+1","Metallicize","True Grit+1"],"relics":["Burning Blood","WarpedTongs","Bag of Marbles","Matryoshka","Singing Bowl","Empty Cage","Self Forming Clay","Oddly Smooth Stone","Bottled Tornado","Toxic Egg 2"],"potions_floor_usage":[7,16,24,24,25],"damage_taken":[{"damage":3,"enemies":"Jaw Worm","floor":1,"turns":6},{"damage":6,"enemies":"Cultist","floor":3,"turns":4},{"damage":36,"enemies":"Gremlin Nob","floor":7,"turns":5},{"damage":4,"enemies":"Small Slimes","floor":8,"turns":3},{"damage":17,"enemies":"Gremlin Nob","floor":10,"turns":3},{"damage":28,"enemies":"3 Sentries","floor":11,"turns":12},{"damage":3,"enemies":"Blue Slaver","floor":14,"turns":3},{"damage":47,"enemies":"Hexaghost","floor":16,"turns":10},{"damage":10,"enemies":"Chosen","floor":18,"turns":6},{"damage":19,"enemies":"Shell Parasite","floor":22,"turns":9},{"damage":43,"enemies":"Gremlin Leader","floor":24,"turns":8},{"damage":14,"enemies":"Sentry and Sphere","floor":25,"turns":5},{"damage":0,"enemies":"Snecko","floor":27,"turns":6},{"damage":44,"enemies":"Cultist and Chosen","floor":30,"turns":11},{"damage":10,"enemies":"Chosen and Byrds","floor":31,"turns":1}],"seed_played":"1119422620387056947","potions_obtained":[{"floor":1,"key":"Regen Potion"},{"floor":11,"key":"FearPotion"},{"floor":16,"key":"Strength Potion"},{"floor":22,"key":"Block Potion"},{"floor":24,"key":"Fire Potion"}],"is_trial":false,"path_per_floor":["M","?","M","?","?","R","E","M","T","?","E","R","?","M","R","B",null,"M","$","?","?","M","R","E","M","T","M","$","R","M","M"],"character_chosen":"IRONCLAD","items_purchased":["Power Through","Pommel Strike","Armaments","Cleave","Toxic Egg 2","True Grit+1","Metallicize"],"campfire_rested":3,"item_purchase_floors":[19,19,19,19,28,28,28],"current_hp_per_floor":[80,80,80,80,80,80,55,57,57,46,24,48,32,35,59,18,80,76,76,76,76,63,63,26,18,18,24,24,48,10,0],"gold":67,"neow_bonus":"THREE_CARDS","is_prod":false,"is_daily":false,"chose_seed":false,"campfire_upgraded":2,"win_rate":0,"timestamp":1553779065,"path_taken":["M","?","?","?","?","R","E","?","T","?","E","R","?","M","R","BOSS","M","$","?","?","?","R","E","M","T","?","?","R","M","M"],"build_version":"2019-01-23","purchased_purges":1,"victory":false,"max_hp_per_floor":[80,80,80,80,80,80,80,80,80,80,80,80,80,80,80,80,80,80,80,80,80,80,80,80,80,80,80,80,80,80,80],"card_choices":[{"not_picked":["Anger","Heavy Blade"],"picked":"Entrench","floor":0},{"not_picked":["Combust","Anger"],"picked":"Rampage","floor":1},{"not_picked":["Headbutt","Entrench"],"picked":"Inflame","floor":3},{"not_picked":["Heavy Blade","Perfected Strike"],"picked":"Seeing Red","floor":7},{"not_picked":["Warcry","Entrench"],"picked":"Pommel Strike","floor":8},{"not_picked":["Carnage","True Grit"],"picked":"Power Through","floor":10},{"not_picked":["Carnage","Shockwave"],"picked":"Thunderclap","floor":11},{"not_picked":["Carnage","Flex"],"picked":"Thunderclap","floor":14},{"not_picked":["Exhume","Offering"],"picked":"Barricade","floor":16},{"not_picked":["Iron Wave+1","Disarm"],"picked":"Heavy Blade+1","floor":18},{"not_picked":["Perfected Strike","Intimidate+1"],"picked":"Pommel Strike+1","floor":22},{"not_picked":["Pummel","Havoc"],"picked":"Shockwave","floor":24},{"not_picked":["Perfected Strike","Shockwave"],"picked":"Second Wind+1","floor":25},{"not_picked":["Rage+1","Feel No Pain"],"picked":"Cleave+1","floor":27},{"not_picked":["Feel No Pain+1","Iron Wave+1"],"picked":"True Grit+1","floor":30}],"player_experience":257192,"relics_obtained":[{"floor":7,"key":"Bag of Marbles"},{"floor":10,"key":"Matryoshka"},{"floor":11,"key":"Singing Bowl"},{"floor":24,"key":"Self Forming Clay"},{"floor":26,"key":"Oddly Smooth Stone"},{"floor":26,"key":"Bottled Tornado"}],"event_choices":[{"cards_removed":["Strike_R"],"damage_healed":0,"gold_gain":0,"player_choice":"Offered Basic","damage_taken":0,"max_hp_gain":0,"max_hp_loss":0,"event_name":"Bonfire Elementals","floor":2,"gold_loss":0},{"damage_healed":0,"gold_gain":175,"player_choice":"AGREE","damage_taken":0,"max_hp_gain":0,"max_hp_loss":0,"event_name":"Liars Game","floor":4,"gold_loss":0,"cards_obtained":["Doubt"]},{"damage_healed":0,"gold_gain":0,"player_choice":"Rummage","damage_taken":0,"relics_obtained":["WarpedTongs"],"max_hp_gain":0,"max_hp_loss":0,"event_name":"Accursed Blacksmith","floor":5,"gold_loss":0,"cards_obtained":["Pain"]},{"damage_healed":0,"gold_gain":0,"player_choice":"Searched \u00271\u0027 times","damage_taken":0,"max_hp_gain":0,"max_hp_loss":0,"event_name":"Dead Adventurer","floor":10,"gold_loss":0},{"damage_healed":0,"gold_gain":0,"player_choice":"Entered Light","damage_taken":16,"max_hp_gain":0,"max_hp_loss":0,"event_name":"Shining Light","floor":13,"gold_loss":0,"cards_upgraded":["Strike_R","Defend_R"]},{"damage_healed":0,"gold_gain":0,"player_choice":"Read","damage_taken":0,"max_hp_gain":0,"max_hp_loss":0,"event_name":"The Library","floor":20,"gold_loss":0,"cards_obtained":["Wild Strike"]},{"damage_healed":0,"gold_gain":0,"cards_transformed":["Strike_R"],"player_choice":"Transformed","damage_taken":0,"max_hp_gain":0,"max_hp_loss":0,"event_name":"Transmorgrifier","floor":21,"gold_loss":0,"cards_obtained":["Searing Blow"]}],"is_beta":false,"boss_relics":[{"not_picked":["Runic Dome","White Beast Statue"],"picked":"Empty Cage"}],"items_purged_floors":[28],"is_endless":false,"potions_floor_spawned":[1,11,16,22,24],"killed_by":"Chosen and Byrds","ascension_level":0}