{"gold_per_floor":[114,114,114,132,132,132,165,175,222,256,256,276,276,293,293,372,372,390,401,401,413,258,258,258,278,278,278,296,313,323,333,333,410,410,425,438,128,174,84,84,95,95,119,119,219,219,254,270,270,270],"floor_reached":51,"playtime":2435,"items_purged":["Strike_R","Pain"],"score":1337,"play_id":"862a5905-1156-4f28-9f24-fec4e1cccc95","local_time":"20190709154729","is_ascension_mode":true,"campfire_choices":[{"data":"Clothesline","floor":6,"key":"SMITH"},{"data":"Inflame","floor":11,"key":"SMITH"},{"data":"Hemokinesis","floor":13,"key":"SMITH"},{"data":"Immolate","floor":15,"key":"SMITH"},{"data":"Feel No Pain","floor":23,"key":"SMITH"},{"floor":32,"key":"REST"},{"data":"Fiend Fire","floor":40,"key":"SMITH"},{"data":"Evolve","floor":42,"key":"SMITH"},{"data":"True Grit","floor":44,"key":"SMITH"},{"floor":46,"key":"REST"},{"data":"Bash","floor":49,"key":"SMITH"}],"neow_cost":"NONE","seed_source_timestamp":2168206927647148,"circlet_count":0,"master_deck":["AscendersBane","Strike_R","Strike_R","Strike_R","Defend_R","Defend_R","Defend_R","Defend_R","Bash+1","Hemokinesis+1","Clothesline+1","Inflame+1","Immolate+1","Feed","Second Wind","Feel No Pain+1","Battle Trance","True Grit+1","Flame Barrier+1","Shrug It Off","Evolve+1","Fiend Fire+1","Metallicize"],"relics":["Burning Blood","NeowsBlessing","PreservedInsect","WarpedTongs","Meat on the Bone","Vajra","Centennial Puzzle","Mark of Pain","Bronze Scales","Busted Crown","Medical Kit","Peace Pipe","Bag of Marbles","Gambling Chip","Art of War"],"potions_floor_usage":[10,16,18,21,25,30,33,33,38,48,50],"damage_taken":[{"damage":0,"enemies":"Jaw Worm","floor":1,"turns":1},{"damage":0,"enemies":"Small Slimes","floor":4,"turns":1},{"damage":1,"enemies":"Gremlin Nob","floor":7,"turns":1},{"damage":5,"enemies":"Cultist","floor":8,"turns":3},{"damage":25,"enemies":"3 Sentries","floor":10,"turns":6},{"damage":11,"enemies":"3 Louse","floor":12,"turns":3},{"damage":17,"enemies":"Exordium Thugs","floor":14,"turns":3},{"damage":33,"enemies":"The Guardian","floor":16,"turns":9},{"damage":12,"enemies":"Spheric Guardian","floor":18,"turns":3},{"damage":3,"enemies":"Chosen","floor":19,"turns":3},{"damage":25,"enemies":"Snake Plant","floor":21,"turns":5},{"damage":10,"enemies":"Snecko","floor":25,"turns":5},{"damage":9,"enemies":"Centurion and Healer","floor":28,"turns":5},{"damage":20,"enemies":"Shelled Parasite and Fungi","floor":29,"turns":3},{"damage":17,"enemies":"Snake Plant","floor":30,"turns":4},{"damage":29,"enemies":"Snecko","floor":31,"turns":6},{"damage":46,"enemies":"Champ","floor":33,"turns":15},{"damage":30,"enemies":"3 Darklings","floor":35,"turns":11},{"damage":13,"enemies":"Orb Walker","floor":36,"turns":2},{"damage":20,"enemies":"2 Orb Walkers","floor":38,"turns":4},{"damage":9,"enemies":"Writhing Mass","floor":41,"turns":6},{"damage":0,"enemies":"Mind Bloom Boss Battle","floor":45,"turns":4},{"damage":13,"enemies":"Nemesis","floor":47,"turns":5},{"damage":2,"enemies":"Jaw Worm Horde","floor":48,"turns":3},{"damage":50,"enemies":"Time Eater","floor":50,"turns":13}],"seed_played":"6664061610263347392","potions_obtained":[{"floor":7,"key":"GamblersBrew"},{"floor":12,"key":"EssenceOfSteel"},{"floor":14,"key":"FearPotion"},{"floor":16,"key":"Swift Potion"},{"floor":19,"key":"GamblersBrew"},{"floor":25,"key":"AttackPotion"},{"floor":28,"key":"Dexterity Potion"},{"floor":30,"key":"Strength Potion"},{"floor":33,"key":"Weak Potion"},{"floor":41,"key":"FearPotion"},{"floor":48,"key":"Fire Potion"}],"is_trial":false,"path_per_floor":["M","?","?","M","?","R","E","M","T","E","R","M","R","M","R","B",null,"M","M","?","M","$","R","$","M","T","?","M","M","M","M","R","B",null,"M","M","$","?","$","R","M","R","T","R","?","R","E","M","R","B",null],"character_chosen":"IRONCLAD","items_purchased":["Feel No Pain","Medical Kit","Strength Potion","Metallicize"],"campfire_rested":2,"item_purchase_floors":[22,37,39,39],"current_hp_per_floor":[74,79,74,80,80,80,80,80,80,61,61,56,56,57,57,42,71,65,68,68,53,53,53,53,52,52,52,52,50,51,40,67,43,81,60,65,65,63,63,63,64,64,64,64,74,105,98,106,106,62],"gold":270,"neow_bonus":"THREE_ENEMY_KILL","is_prod":false,"is_daily":false,"chose_seed":false,"campfire_upgraded":9,"win_rate":0,"timestamp":1562654849,"path_taken":["M","?","?","M","?","R","E","M","T","E","R","M","R","?","R","BOSS","M","M","?","M","$","R","$","M","T","?","M","?","M","M","R","BOSS","M","?","$","?","$","R","M","R","T","R","?","R","E","M","R","BOSS"],"build_version":"2019-07-01","purchased_purges":2,"victory":true,"max_hp_per_floor":[75,80,80,80,80,80,80,80,80,80,80,80,80,80,80,80,80,80,80,80,84,84,84,84,87,87,87,90,90,90,90,90,94,94,97,97,97,97,97,97,101,101,101,101,105,105,105,109,109,109],"card_choices":[{"not_picked":["Perfected Strike","Body Slam"],"picked":"Hemokinesis","floor":1},{"not_picked":["Twin Strike","Thunderclap"],"picked":"Clothesline","floor":4},{"not_picked":["Wild Strike","Limit Break","Body Slam"],"picked":"SKIP","floor":7},{"not_picked":["Evolve","Wild Strike","Sentinel"],"picked":"SKIP","floor":8},{"not_picked":["Thunderclap","Clash"],"picked":"Inflame","floor":10},{"not_picked":["Fire Breathing","Second Wind","Thunderclap"],"picked":"SKIP","floor":12},{"not_picked":["Fire Breathing","Second Wind","Thunderclap"],"picked":"SKIP","floor":12},{"not_picked":["Havoc","Clothesline"],"picked":"Immolate","floor":14},{"not_picked":["Juggernaut","Immolate"],"picked":"Feed","floor":16},{"not_picked":["Flex","Cleave","Body Slam"],"picked":"SKIP","floor":18},{"not_picked":["Perfected Strike","Armaments"],"picked":"Second Wind","floor":19},{"not_picked":["Clash","Armaments","Carnage+1"],"picked":"SKIP","floor":21},{"not_picked":["Corruption","Pommel Strike"],"picked":"Battle Trance","floor":25},{"not_picked":["Fire Breathing","Clash"],"picked":"Flame Barrier+1","floor":28},{"not_picked":["Entrench","Sword Boomerang","Pommel Strike"],"picked":"SKIP","floor":29},{"not_picked":["Ghostly Armor","True Grit"],"picked":"Shrug It Off","floor":30},{"not_picked":["Clothesline","Cleave"],"picked":"Evolve","floor":31},{"not_picked":["Impervious","Demon Form"],"picked":"Fiend Fire","floor":33},{"not_picked":["Anger"],"picked":"SKIP","floor":35},{"not_picked":["Shrug It Off"],"picked":"SKIP","floor":36},{"not_picked":["Shrug It Off"],"picked":"SKIP","floor":41},{"not_picked":["Seeing Red"],"picked":"SKIP","floor":47},{"not_picked":["Corruption+1"],"picked":"SKIP","floor":48}],"player_experience":1107206,"relics_obtained":[{"floor":7,"key":"Meat on the Bone"},{"floor":9,"key":"Vajra"},{"floor":10,"key":"Centennial Puzzle"},{"floor":26,"key":"Bronze Scales"},{"floor":38,"key":"Peace Pipe"},{"floor":43,"key":"Bag of Marbles"},{"floor":45,"key":"Gambling Chip"},{"floor":47,"key":"Art of War"}],"event_choices":[{"damage_healed":0,"gold_gain":0,"player_choice":"Donut","damage_taken":0,"max_hp_gain":5,"max_hp_loss":0,"event_name":"Big Fish","floor":2,"gold_loss":0},{"damage_healed":0,"gold_gain":0,"player_choice":"Success","damage_taken":5,"relics_obtained":["PreservedInsect"],"max_hp_gain":0,"max_hp_loss":0,"event_name":"Scrap Ooze","floor":3,"gold_loss":0},{"damage_healed":0,"gold_gain":0,"player_choice":"Rummage","damage_taken":0,"relics_obtained":["WarpedTongs"],"max_hp_gain":0,"max_hp_loss":0,"event_name":"Accursed Blacksmith","floor":5,"gold_loss":0,"cards_obtained":["Pain"]},{"damage_healed":0,"gold_gain":0,"player_choice":"Ignored","damage_taken":0,"max_hp_gain":0,"max_hp_loss":0,"event_name":"Ghosts","floor":20,"gold_loss":0},{"damage_healed":0,"gold_gain":0,"cards_transformed":["Strike_R"],"player_choice":"Transformed","damage_taken":0,"max_hp_gain":0,"max_hp_loss":0,"event_name":"Transmorgrifier","floor":27,"gold_loss":0,"cards_obtained":["True Grit"]},{"damage_healed":0,"gold_gain":0,"player_choice":"Fight","damage_taken":0,"max_hp_gain":0,"max_hp_loss":0,"event_name":"Mysterious Sphere","floor":38,"gold_loss":0},{"damage_healed":0,"gold_gain":0,"player_choice":"Fight","damage_taken":0,"max_hp_gain":0,"max_hp_loss":0,"event_name":"MindBloom","floor":45,"gold_loss":0}],"is_beta":false,"boss_relics":[{"not_picked":["Ectoplasm","Tiny House"],"picked":"Mark of Pain"},{"not_picked":["Empty Cage","Calling Bell"],"picked":"Busted Crown"}],"items_purged_floors":[22,37],"is_endless":false,"potions_floor_spawned":[7,12,14,16,19,25,28,30,33,41,47,48],"ascension_level":15}