{"gold_per_floor":[113,113,124,4,24,53,67,67,67,86,104,104,104,118,118,213,213,224,234,244,38,58,85,85,102,127,141,141,156,168,178,178,178],"floor_reached":33,"playtime":1989,"items_purged":[],"score":277,"play_id":"41b5b9b5-9ba0-432d-be2e-cd2ce9ca4893","local_time":"20190501001150","is_ascension_mode":false,"campfire_choices":[{"data":"Neutralize","floor":8,"key":"SMITH"},{"floor":13,"key":"RECALL"},{"data":"Poisoned Stab","floor":15,"key":"SMITH"},{"floor":24,"key":"REST"},{"data":"After Image","floor":28,"key":"SMITH"},{"floor":32,"key":"REST"}],"neow_cost":"NONE","seed_source_timestamp":57315177051656,"circlet_count":0,"master_deck":["Defend_G","Defend_G","Defend_G","Defend_G","Defend_G","Strike_G","Strike_G","Strike_G","Strike_G","Strike_G","Survivor","Neutralize+1","Poisoned Stab+1","Cloak And Dagger","Deadly Poison","Well Laid Plans","Bane","Crippling Poison","Poisoned Stab","Backflip","Dagger Spray","PiercingWail","Adrenaline","Quick Slash+1","Backflip+1","Escape Plan","After Image+1","Dagger Throw","Deadly Poison+1","Dash","Tools of the Trade+1","Noxious Fumes+1","Leg Sweep","Acrobatics"],"relics":["Ring of the Serpent","NeowsBlessing","Meat on the Bone","Mummified Hand","Pen Nib","Frozen Egg 2"],"potions_floor_usage":[6,16,16,23,23,33],"damage_taken":[{"damage":0,"enemies":"Jaw Worm","floor":1,"turns":1},{"damage":0,"enemies":"Small Slimes","floor":3,"turns":1},{"damage":0,"enemies":"Cultist","floor":5,"turns":1},{"damage":10,"enemies":"Gremlin Nob","floor":6,"turns":4},{"damage":4,"enemies":"Blue Slaver","floor":7,"turns":4},{"damage":3,"enemies":"Exordium Thugs","floor":10,"turns":4},{"damage":0,"enemies":"Red Slaver","floor":11,"turns":3},{"damage":0,"enemies":"2 Fungi Beasts","floor":14,"turns":2},{"damage":32,"enemies":"The Guardian","floor":16,"turns":9},{"damage":14,"enemies":"Spheric Guardian","floor":18,"turns":6},{"damage":1,"enemies":"Chosen","floor":19,"turns":4},{"damage":12,"enemies":"Snake Plant","floor":20,"turns":4},{"damage":12,"enemies":"Shelled Parasite and Fungi","floor":22,"turns":7},{"damage":38,"enemies":"Slavers","floor":23,"turns":9},{"damage":3,"enemies":"Snecko","floor":25,"turns":4},{"damage":5,"enemies":"Centurion and Healer","floor":27,"turns":7},{"damage":10,"enemies":"Sentry and Sphere","floor":29,"turns":5},{"damage":1,"enemies":"Snake Plant","floor":30,"turns":3},{"damage":22,"enemies":"Shelled Parasite and Fungi","floor":31,"turns":6},{"damage":65,"enemies":"Collector","floor":33,"turns":9}],"seed_played":"4418672760720172970","potions_obtained":[{"floor":1,"key":"Block Potion"},{"floor":6,"key":"Swift Potion"},{"floor":10,"key":"Regen Potion"},{"floor":11,"key":"PowerPotion"},{"floor":18,"key":"SkillPotion"},{"floor":19,"key":"SpeedPotion"},{"floor":23,"key":"SpeedPotion"},{"floor":29,"key":"FearPotion"}],"is_trial":false,"path_per_floor":["M","?","M","$","M","E","M","R","T","M","M","?","R","M","R","B",null,"M","M","M","$","M","E","R","M","T","M","R","M","M","M","R","B"],"character_chosen":"THE_SILENT","items_purchased":["Deadly Poison","Well Laid Plans","After Image","Dagger Throw"],"campfire_rested":2,"item_purchase_floors":[4,4,21,21],"current_hp_per_floor":[70,70,70,70,70,60,56,56,56,53,53,53,53,53,53,33,70,56,55,43,43,43,32,53,50,50,45,45,47,46,36,57,0],"gold":178,"neow_bonus":"THREE_ENEMY_KILL","is_prod":false,"is_daily":false,"chose_seed":false,"campfire_upgraded":3,"win_rate":0,"timestamp":1556633510,"path_taken":["M","?","M","$","M","E","M","R","T","M","M","?","R","M","R","BOSS","M","M","M","$","M","E","R","M","T","?","R","M","M","M","R","BOSS"],"build_version":"2019-01-23","purchased_purges":0,"victory":false,"max_hp_per_floor":[70,70,70,70,70,70,70,70,70,70,70,70,70,70,70,70,70,70,70,70,70,70,70,70,70,70,70,70,70,70,70,70,70],"card_choices":[{"not_picked":["Calculated Gamble","Outmaneuver"],"picked":"Poisoned Stab","floor":1},{"not_picked":["Dagger Throw","Unload"],"picked":"Cloak And Dagger","floor":3},{"not_picked":["Finisher","Tactician"],"picked":"Bane","floor":5},{"not_picked":["Deflect","Sucker Punch"],"picked":"Crippling Poison","floor":6},{"not_picked":["Acrobatics","Phantasmal Killer"],"picked":"Poisoned Stab","floor":7},{"not_picked":["Blade Dance","Underhanded Strike"],"picked":"Backflip","floor":10},{"not_picked":["Blade Dance","Heel Hook"],"picked":"Dagger Spray","floor":11},{"not_picked":["Deflect","Terror"],"picked":"PiercingWail","floor":14},{"not_picked":["Envenom","Wraith Form v2"],"picked":"Adrenaline","floor":16},{"not_picked":["Prepared","Acrobatics"],"picked":"Quick Slash+1","floor":18},{"not_picked":["Dash","Deadly Poison"],"picked":"Backflip+1","floor":19},{"not_picked":["Expertise+1","Sucker Punch"],"picked":"Escape Plan","floor":20},{"not_picked":["Riddle With Holes+1","PiercingWail"],"picked":"Deadly Poison+1","floor":22},{"not_picked":["Deflect","Outmaneuver"],"picked":"Dash","floor":23},{"not_picked":["Bane+1","Backflip"],"picked":"Tools of the Trade+1","floor":25},{"not_picked":["Poisoned Stab","Finisher"],"picked":"Noxious Fumes+1","floor":27},{"not_picked":["Slice","Backflip"],"picked":"Leg Sweep","floor":29},{"not_picked":["Bane","Backflip"],"picked":"Acrobatics","floor":30},{"not_picked":["Endless Agony","Backflip","Dagger Spray"],"picked":"SKIP","floor":31}],"player_experience":549529,"relics_obtained":[{"floor":6,"key":"Meat on the Bone"},{"floor":9,"key":"Mummified Hand"},{"floor":12,"key":"Pen Nib"},{"floor":23,"key":"Frozen Egg 2"}],"event_choices":[{"damage_healed":0,"gold_gain":0,"player_choice":"Ignored","damage_taken":0,"max_hp_gain":0,"max_hp_loss":0,"event_name":"Shining Light","floor":2,"gold_loss":0},{"damage_healed":0,"gold_gain":0,"player_choice":"Relic","damage_taken":0,"max_hp_gain":0,"max_hp_loss":0,"event_name":"Wheel of Change","floor":12,"gold_loss":0}],"is_beta":false,"boss_relics":[{"not_picked":["WristBlade","Sozu"],"picked":"Ring of the Serpent"}],"items_purged_floors":[],"is_endless":false,"potions_floor_spawned":[1,6,10,11,18,19,23,29],"killed_by":"Collector","ascension_level":0}