{"gold_per_floor":[116,127,139,139,159,194,194,211,237,237,237,237,257,272,272,376,376,395,405,421,437,457,457,457,491,517,517,533,560,577,592,592,694,694,705,725,247,263,263,294,294,307,307,325,120,120,130,145,145,145],"floor_reached":51,"playtime":4254,"items_purged":[],"score":779,"play_id":"aec12521-5c2b-4e6a-a316-84dece90ce96","local_time":"20190710004457","is_ascension_mode":false,"campfire_choices":[{"data":"Perfected Strike","floor":7.0,"key":"SMITH"},{"data":"Perfected Strike","floor":10.0,"key":"SMITH"},{"data":"Second Wind","floor":12.0,"key":"SMITH"},{"data":"Perfected Strike","floor":15.0,"key":"SMITH"},{"data":"Immolate","floor":23.0,"key":"SMITH"},{"data":"Clash","floor":27.0,"key":"SMITH"},{"data":"Perfected Strike","floor":32.0,"key":"SMITH"},{"floor":41,"key":"REST"},{"data":"Secret Weapon","floor":46,"key":"SMITH"},{"data":"Bandage Up","floor":49,"key":"SMITH"}],"neow_cost":"NONE","seed_source_timestamp":0,"circlet_count":0,"master_deck":["Strike_R+1","Strike_R+1","Strike_R+1","Strike_R+1","Strike_R+1","Defend_R+1","Defend_R+1","Defend_R+1","Defend_R+1","Bash+1","Second Wind+1","Perfected Strike+1","Perfected Strike+1","Fire Breathing","Clash+1","Twin Strike","Pommel Strike+1","Perfected Strike+1","Immolate+1","Power Through","Wild Strike","Evolve+1","Wild Strike","Twin Strike+1","Warcry","Perfected Strike+1","Warcry","Brutality","Flex","Wild Strike+1","Shrug It Off","Clash","Pommel Strike","Wild Strike+1","Spot Weakness","Secret Weapon+1","Warcry","Bandage Up+1","Clash","Wild Strike","Perfected Strike+1","Perfected Strike+1"],"special_seed":0,"relics":["Burning Blood","Bird Faced Urn","Red Skull","Potion Belt","Mark of Pain","Bag of Preparation","Whetstone","Regal Pillow","Orrery","Ginger","Pen Nib","Pantograph","DollysMirror"],"potions_floor_usage":[42,50,50,50,50],"damage_taken":[{"damage":3.0,"enemies":"Jaw Worm","floor":1.0,"turns":4.0},{"damage":3.0,"enemies":"Small Slimes","floor":2.0,"turns":4.0},{"damage":6.0,"enemies":"2 Louse","floor":3.0,"turns":3.0},{"damage":19.0,"enemies":"Blue Slaver","floor":5.0,"turns":3.0},{"damage":29.0,"enemies":"Lagavulin","floor":6.0,"turns":7.0},{"damage":8.0,"enemies":"Red Slaver","floor":8.0,"turns":2.0},{"damage":0.0,"enemies":"Large Slime","floor":13.0,"turns":4.0},{"damage":5.0,"enemies":"3 Louse","floor":14.0,"turns":2.0},{"damage":43.0,"enemies":"Hexaghost","floor":16.0,"turns":6.0},{"damage":25.0,"enemies":"2 Thieves","floor":18.0,"turns":3.0},{"damage":0.0,"enemies":"Spheric Guardian","floor":19.0,"turns":3.0},{"damage":5.0,"enemies":"Cultist and Chosen","floor":20.0,"turns":4.0},{"damage":10.0,"enemies":"Chosen and Byrds","floor":21.0,"turns":4.0},{"damage":16.0,"enemies":"Centurion and Healer","floor":22.0,"turns":5.0},{"damage":10.0,"enemies":"Book of Stabbing","floor":25.0,"turns":3.0},{"damage":21.0,"enemies":"Snake Plant","floor":28.0,"turns":2.0},{"damage":31.0,"enemies":"Gremlin Leader","floor":29.0,"turns":2.0},{"damage":0.0,"enemies":"3 Cultists","floor":30.0,"turns":3.0},{"damage":12.0,"enemies":"Centurion and Healer","floor":31.0,"turns":2.0},{"damage":18.0,"enemies":"Collector","floor":33.0,"turns":4.0},{"damage":3.0,"enemies":"3 Shapes","floor":35.0,"turns":3.0},{"damage":46.0,"enemies":"3 Darklings","floor":36.0,"turns":4.0},{"damage":48.0,"enemies":"Sphere and 2 Shapes","floor":38.0,"turns":4.0},{"damage":22,"enemies":"Nemesis","floor":40,"turns":3},{"damage":3,"enemies":"Transient","floor":42,"turns":5},{"damage":16,"enemies":"Spire Growth","floor":44,"turns":2},{"damage":27,"enemies":"Maw","floor":47,"turns":3},{"damage":12,"enemies":"4 Shapes","floor":48,"turns":3},{"damage":80,"enemies":"Donu and Deca","floor":50,"turns":7}],"seed_played":"-459177431033445345","potions_obtained":[{"floor":1.0,"key":"Block Potion"},{"floor":3.0,"key":"Dexterity Potion"},{"floor":8.0,"key":"GamblersBrew"},{"floor":13.0,"key":"SneckoOil"},{"floor":16.0,"key":"Fire Potion"},{"floor":19.0,"key":"GamblersBrew"},{"floor":21.0,"key":"Explosive Potion"},{"floor":22.0,"key":"AttackPotion"},{"floor":30.0,"key":"BloodPotion"},{"floor":33.0,"key":"Regen Potion"},{"floor":35.0,"key":"Fire Potion"},{"floor":40,"key":"Weak Potion"},{"floor":48,"key":"LiquidBronze"}],"is_trial":false,"path_per_floor":["M","M","M","?","M","E","R","M","T","R","?","R","M","M","R","B",null,"M","M","M","M","M","R","?","E","T","R","M","E","M","M","R","B",null,"M","M","$","M","?","E","R","M","T","M","$","R","M","M","R","B",null],"character_chosen":"IRONCLAD","items_purchased":["Ginger","Secret Weapon","DollysMirror"],"campfire_rested":1,"item_purchase_floors":[37,37,45],"current_hp_per_floor":[88,88,88,93,80,57,57,55,55,55,48,48,56,57,57,22,93,76,82,83,81,73,73,73,71,71,71,56,31,39,35,35,25,93,93,57,57,38,38,28,70,77,77,71,71,71,52,50,50,28],"gold":145,"neow_bonus":"TEN_PERCENT_HP_BONUS","is_prod":false,"is_daily":false,"chose_seed":false,"campfire_upgraded":9,"win_rate":0.0,"timestamp":1562712297,"path_taken":["M","M","M","?","M","E","R","M","T","R","?","R","M","M","R","BOSS","M","M","M","M","M","R","?","E","T","R","M","E","M","M","R","BOSS","M","M","$","M","?","E","R","M","T","M","$","R","M","M","R","BOSS"],"build_version":"2019-07-05","purchased_purges":0,"victory":true,"max_hp_per_floor":[88,88,88,93,93,93,93,93,93,93,93,93,93,93,93,93,93,93,93,93,93,93,93,93,93,93,93,93,93,93,93,93,93,93,93,93,93,93,93,93,93,93,93,93,93,93,93,93,93,93],"card_choices":[{"not_picked":["Warcry","Clash"],"picked":"Second Wind","floor":1.0},{"not_picked":["Iron Wave","Rupture"],"picked":"Perfected Strike","floor":2.0},{"not_picked":["Heavy Blade","Corruption"],"picked":"Perfected Strike","floor":3.0},{"not_picked":["Spot Weakness","Searing Blow"],"picked":"Fire Breathing","floor":5.0},{"not_picked":["Exhume","Heavy Blade"],"picked":"Clash","floor":6.0},{"not_picked":["Flex","Iron Wave"],"picked":"Twin Strike","floor":8.0},{"not_picked":["Reckless Charge","Fiend Fire"],"picked":"Pommel Strike","floor":13.0},{"not_picked":["Shrug It Off","Corruption"],"picked":"Perfected Strike","floor":14.0},{"not_picked":["Demon Form","Fiend Fire"],"picked":"Immolate","floor":16.0},{"not_picked":["Inflame","Havoc"],"picked":"Power Through","floor":18.0},{"not_picked":["Anger+1","Hemokinesis"],"picked":"Wild Strike","floor":19.0},{"not_picked":["Blood for Blood","Rupture"],"picked":"Evolve+1","floor":20.0},{"not_picked":["Clothesline","Thunderclap"],"picked":"Wild Strike","floor":21.0},{"not_picked":["Carnage","Combust"],"picked":"Twin Strike+1","floor":22.0},{"not_picked":["Demon Form","Headbutt"],"picked":"Warcry","floor":25.0},{"not_picked":["Headbutt+1","Metallicize","Evolve"],"picked":"SKIP","floor":28.0},{"not_picked":["Demon Form","Clothesline","Flex"],"picked":"SKIP","floor":29.0},{"not_picked":["Combust","Reckless Charge"],"picked":"Perfected Strike","floor":30.0},{"not_picked":["Combust","Flame Barrier"],"picked":"Warcry","floor":31.0},{"not_picked":["Bludgeon","Barricade"],"picked":"Brutality","floor":33.0},{"not_picked":["Hemokinesis","Thunderclap"],"picked":"Flex","floor":34.0},{"not_picked":["Pommel Strike+1","Rampage"],"picked":"Wild Strike+1","floor":34.0},{"not_picked":["Searing Blow","Armaments"],"picked":"Shrug It Off","floor":34.0},{"not_picked":["Searing Blow","Flex+1"],"picked":"Clash","floor":34.0},{"not_picked":["Cleave","Dual Wield"],"picked":"Pommel Strike","floor":34.0},{"not_picked":["Armaments","Headbutt+1"],"picked":"Wild Strike+1","floor":35.0},{"not_picked":["Shockwave+1","Sword Boomerang+1"],"picked":"Spot Weakness","floor":36.0},{"not_picked":["Cleave+1","Shrug It Off"],"picked":"Warcry","floor":38.0},{"not_picked":["Dark Shackles","Impatience"],"picked":"Bandage Up","floor":39.0},{"not_picked":["Limit Break","Body Slam","Inflame"],"picked":"SKIP","floor":40},{"not_picked":["Iron Wave","Thunderclap+1"],"picked":"Clash","floor":42},{"not_picked":["Anger","Infernal Blade"],"picked":"Wild Strike","floor":44},{"not_picked":["Carnage","Body Slam","Flex"],"picked":"SKIP","floor":47},{"not_picked":["Headbutt","Sever Soul+1"],"picked":"Perfected Strike+1","floor":48}],"player_experience":53822,"relics_obtained":[{"floor":6.0,"key":"Bird Faced Urn"},{"floor":9.0,"key":"Red Skull"},{"floor":25.0,"key":"Bag of Preparation"},{"floor":26.0,"key":"Whetstone"},{"floor":29.0,"key":"Regal Pillow"},{"floor":40,"key":"Pen Nib"},{"floor":43,"key":"Pantograph"}],"event_choices":[{"damage_healed":0.0,"max_hp_gain":5.0,"max_hp_loss":0.0,"gold_gain":0.0,"event_name":"Big Fish","player_choice":"Donut","floor":4.0,"gold_loss":0.0,"damage_taken":0.0},{"damage_healed":0.0,"max_hp_gain":0.0,"max_hp_loss":0.0,"gold_gain":0.0,"event_name":"Scrap Ooze","player_choice":"Success","floor":11.0,"gold_loss":0.0,"damage_taken":7.0,"relics_obtained":["Potion Belt"]},{"damage_healed":0.0,"max_hp_gain":0.0,"max_hp_loss":0.0,"gold_gain":0.0,"event_name":"Back to Basics","player_choice":"Simplicity","floor":24.0,"gold_loss":0.0,"damage_taken":0.0,"cards_upgraded":["Strike_R","Strike_R","Strike_R","Strike_R","Strike_R","Defend_R","Defend_R","Defend_R","Defend_R"]},{"damage_healed":0.0,"max_hp_gain":0.0,"max_hp_loss":0.0,"gold_gain":0.0,"event_name":"SensoryStone","player_choice":"Memory 1","floor":39.0,"gold_loss":0.0,"damage_taken":0.0}],"is_beta":false,"boss_relics":[{"not_picked":["Ectoplasm","Tiny House"],"picked":"Mark of Pain"},{"not_picked":["Sozu","Black Blood"],"picked":"Orrery"}],"items_purged_floors":[],"is_endless":false,"potions_floor_spawned":[1,3,8,13,16,19,21,22,30,31,33,35,40,48],"ascension_level":0}