{"gold_per_floor":[110,123,123,139,159,159,84,84,84,123,138,138,169,69,69,198,198,223,138,138,159,184,184],"floor_reached":23,"playtime":1028,"items_purged":["Strike_B","Defend_B"],"score":201,"play_id":"2362128f-59b3-498a-bf6b-df80ce32ad1a","local_time":"20190110145759","is_ascension_mode":false,"campfire_choices":[{"data":"Double Energy","floor":6.0,"key":"SMITH"},{"data":"Consume","floor":12.0,"key":"SMITH"},{"floor":15.0,"key":"REST"}],"neow_cost":"NONE","seed_source_timestamp":88942167155113,"circlet_count":0,"master_deck":["Strike_B","Strike_B","Strike_B","Defend_B","Defend_B","Defend_B","Zap","Dualcast","Double Energy+1","Consume+1","White Noise","Auto Shields","Injury","Conserve Battery","Conserve Battery","Defragment","Core Surge","Redo","Melter+1"],"special_seed":0,"relics":["Cracked Core","Golden Idol","Ice Cream","Mummified Hand","Inserter","Molten Egg 2"],"potions_floor_usage":[23],"damage_taken":[{"damage":1.0,"enemies":"2 Louse","floor":1.0,"turns":2.0},{"damage":0.0,"enemies":"Cultist","floor":2.0,"turns":3.0},{"damage":1.0,"enemies":"Jaw Worm","floor":4.0,"turns":3.0},{"damage":21.0,"enemies":"Exordium Wildlife","floor":5.0,"turns":5.0},{"damage":26.0,"enemies":"Lagavulin","floor":10.0,"turns":6.0},{"damage":0.0,"enemies":"Large Slime","floor":11.0,"turns":6.0},{"damage":18.0,"enemies":"3 Sentries","floor":13.0,"turns":7.0},{"damage":27.0,"enemies":"Hexaghost","floor":16.0,"turns":10.0},{"damage":21.0,"enemies":"Spheric Guardian","floor":18.0,"turns":5.0},{"damage":16.0,"enemies":"Shell Parasite","floor":21.0,"turns":6.0},{"damage":5.0,"enemies":"Snecko","floor":22.0,"turns":4.0},{"damage":46,"enemies":"Slavers","floor":23,"turns":3}],"seed_played":"7507301630680437528","potions_obtained":[{"floor":1.0,"key":"EntropicBrew"},{"floor":2.0,"key":"PowerPotion"},{"floor":11.0,"key":"Swift Potion"}],"is_trial":false,"path_per_floor":["M","M","?","M","M","R","$","?","T","E","M","R","E","$","R","B",null,"M","?","?","M","M","E"],"character_chosen":"DEFECT","items_purchased":[],"campfire_rested":1,"item_purchase_floors":[],"current_hp_per_floor":[81,81,81,80,59,59,59,59,59,33,33,33,15,15,39,12,82,61,61,61,45,40,0],"gold":184,"neow_bonus":"TEN_PERCENT_HP_BONUS","is_prod":false,"is_daily":false,"chose_seed":false,"campfire_upgraded":2,"win_rate":0,"timestamp":1547150279,"path_taken":["M","M","?","M","M","R","?","?","T","E","M","R","E","?","R","BOSS","M","?","?","M","M","E"],"build_version":"2019-01-03v4","purchased_purges":2,"victory":false,"max_hp_per_floor":[82,82,82,82,82,82,82,82,82,82,82,82,82,82,82,82,82,82,82,82,82,82,82],"card_choices":[{"not_picked":["Melter","White Noise"],"picked":"Double Energy","floor":1.0},{"not_picked":["Rebound","Loop"],"picked":"Consume","floor":2.0},{"not_picked":["Steam","Storm"],"picked":"White Noise","floor":4.0},{"not_picked":["Genetic Algorithm","Barrage"],"picked":"Auto Shields","floor":5.0},{"not_picked":["Go for the Eyes","Recycle"],"picked":"Conserve Battery","floor":10.0},{"not_picked":["Stack","Leap"],"picked":"Conserve Battery","floor":11.0},{"not_picked":["Double Energy","Hologram"],"picked":"Defragment","floor":13.0},{"not_picked":["Creative AI","Biased Cognition"],"picked":"Core Surge","floor":16.0},{"not_picked":["Cold Snap+1","Auto Shields"],"picked":"Redo","floor":18.0},{"not_picked":["Go for the Eyes+1","White Noise+1","Compile Driver+1"],"picked":"SKIP","floor":21.0},{"not_picked":["Conserve Battery","Leap"],"picked":"Melter+1","floor":22.0}],"player_experience":39981,"relics_obtained":[{"floor":10.0,"key":"Ice Cream"},{"floor":13.0,"key":"Mummified Hand"}],"event_choices":[{"damage_healed":0.0,"max_hp_gain":0.0,"max_hp_loss":0.0,"gold_gain":0.0,"event_name":"The Woman in Blue","player_choice":"Bought 0 Potions","floor":3.0,"gold_loss":0.0,"damage_taken":0.0},{"damage_healed":0.0,"max_hp_gain":0.0,"max_hp_loss":0.0,"gold_gain":0.0,"event_name":"Golden Idol","player_choice":"Take Wound","floor":8.0,"gold_loss":0.0,"damage_taken":0.0,"relics_obtained":["Golden Idol"],"cards_obtained":["Injury"]},{"damage_healed":0.0,"max_hp_gain":0.0,"max_hp_loss":0.0,"gold_gain":0.0,"event_name":"Addict","player_choice":"Obtained Relic","floor":19.0,"gold_loss":85.0,"damage_taken":0.0,"relics_obtained":["Molten Egg 2"]},{"damage_healed":0.0,"max_hp_gain":0.0,"max_hp_loss":0.0,"gold_gain":0.0,"event_name":"Ghosts","player_choice":"Ignored","floor":20.0,"gold_loss":0.0,"damage_taken":0.0}],"is_beta":false,"boss_relics":[{"not_picked":["Busted Crown","Sozu"],"picked":"Inserter"}],"items_purged_floors":[7,14],"is_endless":false,"potions_floor_spawned":[1,2,11],"killed_by":"Slavers","ascension_level":0}