{"gold_per_floor":[116,135,135,145,160,160,335,351,351,382,382,408,408,0,0,99,99,118,131,143,93,93],"floor_reached":22,"playtime":650,"items_purged":[],"score":225,"play_id":"19a86656-9f37-4930-8113-08650fab1c6b","local_time":"20190424184256","is_ascension_mode":true,"campfire_choices":[{"data":"Armaments","floor":6,"key":"SMITH"},{"data":"Bash","floor":11,"key":"SMITH"},{"data":"Spot Weakness","floor":15,"key":"SMITH"}],"neow_cost":"NONE","seed_source_timestamp":9821843632377,"circlet_count":0,"master_deck":["Strike_R","Strike_R","Strike_R","Strike_R","Strike_R","Defend_R","Defend_R","Defend_R","Defend_R","Bash+1","Anger","Armaments+1","Cleave","Inflame","Doubt","Spot Weakness+1","Shrug It Off","Dropkick","Rupture+1","Pommel Strike","Infernal Blade","Anger","Limit Break","Seeing Red+1","Armaments","Armaments+1"],"relics":["Black Blood","Oddly Smooth Stone","Question Card","Frozen Egg 2","Dream Catcher","Pen Nib"],"potions_floor_usage":[10,16,18,19,22,22],"damage_taken":[{"damage":2,"enemies":"Small Slimes","floor":1,"turns":3},{"damage":0,"enemies":"Cultist","floor":2,"turns":3},{"damage":1,"enemies":"2 Louse","floor":4,"turns":3},{"damage":10,"enemies":"Exordium Wildlife","floor":5,"turns":3},{"damage":6,"enemies":"Lots of Slimes","floor":8,"turns":3},{"damage":28,"enemies":"Gremlin Nob","floor":10,"turns":4},{"damage":26,"enemies":"3 Sentries","floor":12,"turns":8},{"damage":37,"enemies":"Hexaghost","floor":16,"turns":5},{"damage":24,"enemies":"Chosen","floor":18,"turns":5},{"damage":13,"enemies":"2 Thieves","floor":19,"turns":3},{"damage":25,"enemies":"3 Cultists","floor":20,"turns":5},{"damage":52,"enemies":"Snecko","floor":22,"turns":5}],"seed_played":"1370153201882222687","potions_obtained":[{"floor":5,"key":"FearPotion"},{"floor":8,"key":"Ancient Potion"},{"floor":10,"key":"Fire Potion"},{"floor":12,"key":"PowerPotion"},{"floor":18,"key":"Poison Potion"},{"floor":20,"key":"SteroidPotion"}],"is_trial":false,"path_per_floor":["M","M","?","M","M","R","?","M","T","E","R","E","?","$","R","B",null,"M","M","M","?","M"],"character_chosen":"IRONCLAD","items_purchased":["Pen Nib","Rupture+1","Pommel Strike","Infernal Blade","Anger"],"campfire_rested":0,"item_purchase_floors":[14,14,14,14,14],"current_hp_per_floor":[80,80,80,80,76,76,76,76,76,54,54,34,60,60,60,29,80,66,63,48,48,0],"gold":93,"neow_bonus":"RANDOM_COMMON_RELIC","is_prod":false,"is_daily":false,"chose_seed":false,"campfire_upgraded":3,"win_rate":0,"timestamp":1556095376,"path_taken":["M","M","?","?","M","R","?","M","T","E","R","E","?","$","R","BOSS","M","M","M","?","?"],"build_version":"2019-01-23","purchased_purges":0,"victory":false,"max_hp_per_floor":[80,80,80,80,80,80,80,80,80,80,80,80,80,80,80,80,80,80,80,80,80,80],"card_choices":[{"not_picked":["True Grit","Heavy Blade"],"picked":"Anger","floor":1},{"not_picked":["Burning Pact","Headbutt"],"picked":"Armaments","floor":2},{"not_picked":["Perfected Strike","Headbutt"],"picked":"Cleave","floor":4},{"not_picked":["Iron Wave","Flame Barrier"],"picked":"Inflame","floor":5},{"not_picked":["Pommel Strike","Warcry"],"picked":"Spot Weakness","floor":8},{"not_picked":["Juggernaut","Bloodletting","Thunderclap"],"picked":"Shrug It Off","floor":10},{"not_picked":["Wild Strike","Cleave","Rage"],"picked":"Dropkick","floor":12},{"not_picked":["Offering","Juggernaut+1","Double Tap"],"picked":"Limit Break","floor":16},{"not_picked":["Clothesline","Intimidate","Searing Blow"],"picked":"Seeing Red+1","floor":18},{"not_picked":["Corruption+1","True Grit","Hemokinesis+1"],"picked":"Armaments","floor":19},{"not_picked":["Twin Strike+1","Headbutt","Clash+1"],"picked":"Armaments+1","floor":20}],"player_experience":462679,"relics_obtained":[{"floor":9,"key":"Question Card"},{"floor":10,"key":"Frozen Egg 2"},{"floor":12,"key":"Dream Catcher"}],"event_choices":[{"damage_healed":0,"gold_gain":0,"player_choice":"Ignored","damage_taken":0,"max_hp_gain":0,"max_hp_loss":0,"event_name":"WeMeetAgain","floor":3,"gold_loss":0},{"damage_healed":0,"gold_gain":175,"player_choice":"AGREE","damage_taken":0,"max_hp_gain":0,"max_hp_loss":0,"event_name":"Liars Game","floor":7,"gold_loss":0,"cards_obtained":["Doubt"]},{"damage_healed":26,"gold_gain":0,"player_choice":"Banana","damage_taken":0,"max_hp_gain":0,"max_hp_loss":0,"event_name":"Big Fish","floor":13,"gold_loss":0},{"damage_healed":0,"gold_gain":0,"player_choice":"Bet on Murderer","damage_taken":0,"max_hp_gain":0,"max_hp_loss":0,"event_name":"The Joust","floor":21,"gold_loss":50}],"is_beta":false,"boss_relics":[{"not_picked":["Cursed Key","Orrery"],"picked":"Black Blood"}],"items_purged_floors":[],"is_endless":false,"potions_floor_spawned":[5,8,10,12,18,20],"killed_by":"Snecko","ascension_level":3}