{"gold_per_floor":[362,362,382,27,37,37,71,71,71,71,49,49,24,41,41,146,146,156,175,175,191,205,205,205,21,96,129,149,184,184,201,201,296,296,314,314,314,334,334,344,377,377,377,387,387,1,12,25,25,25],"floor_reached":51,"playtime":2573,"items_purged":["Doubt"],"score":772,"play_id":"eeb71f27-772b-4880-9a77-23441d6f525c","local_time":"20190324172716","is_ascension_mode":false,"campfire_choices":[{"data":"Inflame","floor":6,"key":"SMITH"},{"floor":8,"key":"REST"},{"floor":12,"key":"REST"},{"data":"Perfected Strike","floor":15,"key":"SMITH"},{"floor":23,"key":"REST"},{"floor":30,"key":"REST"},{"floor":32,"key":"REST"},{"floor":45,"key":"REST"},{"floor":49,"key":"REST"}],"neow_cost":"PERCENT_DAMAGE","seed_source_timestamp":10784486344761,"circlet_count":0,"master_deck":["Strike_R+1","Strike_R","Strike_R","Strike_R","Strike_R","Defend_R","Defend_R","Defend_R","Bash+1","Perfected Strike+1","Inflame+1","Blood for Blood","Thunderclap","Sword Boomerang","Thunderclap","Demon Form","Headbutt","Uppercut+1","Perfected Strike+1","Pummel","Dual Wield","Flex","Dropkick","Deep Breath","Thunderclap","Armaments","Reckless Charge","Flex","Barricade+1","Intimidate","Panacea","Enlightenment","Writhe","Dual Wield+1","Inflame+1","Flex","Thunderclap+1","Combust+1","Flex","Flex"],"relics":["Burning Blood","ClockworkSouvenir","Boot","Gremlin Horn","Potion Belt","Mummified Hand","Fusion Hammer","Frozen Egg 2","Matryoshka","Mercury Hourglass","Red Mask","Black Star","Blood Vial","Whetstone","Ornamental Fan","Bottled Flame","Paper Frog"],"potions_floor_usage":[16,21,33,33,41,41,50,50],"damage_taken":[{"damage":10,"enemies":"Jaw Worm","floor":1,"turns":4},{"damage":4,"enemies":"2 Louse","floor":3,"turns":2},{"damage":1,"enemies":"Cultist","floor":5,"turns":3},{"damage":34,"enemies":"Lagavulin","floor":7,"turns":6},{"damage":6,"enemies":"2 Fungi Beasts","floor":14,"turns":2},{"damage":59,"enemies":"The Guardian","floor":16,"turns":11},{"damage":0,"enemies":"Chosen","floor":18,"turns":4},{"damage":15,"enemies":"2 Thieves","floor":19,"turns":3},{"damage":16,"enemies":"3 Cultists","floor":21,"turns":4},{"damage":36,"enemies":"Snake Plant","floor":22,"turns":3},{"damage":27,"enemies":"Slavers","floor":27,"turns":3},{"damage":5,"enemies":"Cultist and Chosen","floor":28,"turns":3},{"damage":11,"enemies":"Masked Bandits","floor":29,"turns":3},{"damage":12,"enemies":"Centurion and Healer","floor":31,"turns":3},{"damage":18,"enemies":"Automaton","floor":33,"turns":5},{"damage":20,"enemies":"3 Shapes","floor":35,"turns":2},{"damage":11,"enemies":"Orb Walker","floor":38,"turns":3},{"damage":25,"enemies":"4 Shapes","floor":40,"turns":4},{"damage":53,"enemies":"Giant Head","floor":41,"turns":7},{"damage":51,"enemies":"Transient","floor":44,"turns":5},{"damage":10,"enemies":"3 Darklings","floor":47,"turns":2},{"damage":8,"enemies":"Sphere and 2 Shapes","floor":48,"turns":3},{"damage":67,"enemies":"Donu and Deca","floor":50,"turns":5}],"seed_played":"-2315251891077884086","potions_obtained":[{"floor":3,"key":"Poison Potion"},{"floor":7,"key":"SpeedPotion"},{"floor":16,"key":"FearPotion"},{"floor":19,"key":"AttackPotion"},{"floor":27,"key":"EssenceOfSteel"},{"floor":29,"key":"SteroidPotion"},{"floor":31,"key":"Swift Potion"},{"floor":35,"key":"SpeedPotion"},{"floor":41,"key":"Strength Potion"},{"floor":44,"key":"LiquidBronze"}],"is_trial":false,"path_per_floor":["M","?","M","$","M","R","E","R","T","T","?","R","$","M","R","B",null,"M","M","?","M","M","R","?","$","T","E","M","?","R","M","R","B",null,"M","?","?","M","?","M","E","?","T","M","R","$","M","M","R","B",null],"character_chosen":"IRONCLAD","items_purchased":["ClockworkSouvenir","Boot","Sword Boomerang","Flex","Dropkick","Deep Breath","Paper Frog","Flex"],"campfire_rested":7,"item_purchase_floors":[4,4,13,25,25,25,46,46],"current_hp_per_floor":[52,52,54,54,59,59,31,55,55,55,55,79,79,79,79,26,80,80,71,71,61,31,55,55,55,55,34,35,30,54,48,72,60,80,66,61,80,75,75,56,9,80,80,35,59,59,57,57,80,19],"gold":25,"neow_bonus":"TWO_FIFTY_GOLD","is_prod":false,"is_daily":false,"chose_seed":false,"campfire_upgraded":2,"win_rate":0.0,"timestamp":1553412436,"path_taken":["M","?","M","$","M","R","E","R","T","?","?","R","$","M","R","BOSS","M","M","?","M","M","R","?","$","T","E","M","?","R","M","R","BOSS","M","?","?","M","?","?","E","?","T","M","R","$","M","M","R","BOSS"],"build_version":"2019-01-23","purchased_purges":1,"victory":true,"max_hp_per_floor":[80,80,80,80,80,80,80,80,80,80,80,80,80,80,80,80,80,80,80,80,80,80,80,80,80,80,80,80,80,80,80,80,80,80,80,80,80,80,80,80,80,80,80,80,80,80,80,80,80,80],"card_choices":[{"not_picked":["Thunderclap","Battle Trance"],"picked":"Perfected Strike","floor":1},{"not_picked":["Power Through","Headbutt"],"picked":"Inflame","floor":3},{"not_picked":["Cleave","Second Wind"],"picked":"Blood for Blood","floor":5},{"not_picked":["Warcry","Uppercut"],"picked":"Thunderclap","floor":7},{"not_picked":["Iron Wave","Clothesline"],"picked":"Thunderclap","floor":14},{"not_picked":["Juggernaut","Reaper"],"picked":"Demon Form","floor":16},{"not_picked":["Twin Strike","Clothesline"],"picked":"Headbutt","floor":18},{"not_picked":["Pummel","Body Slam"],"picked":"Uppercut+1","floor":19},{"not_picked":["Thunderclap","Twin Strike"],"picked":"Burning Pact","floor":21},{"not_picked":["Warcry","Body Slam"],"picked":"Perfected Strike+1","floor":22},{"not_picked":["Havoc","Hemokinesis"],"picked":"Thunderclap","floor":27},{"not_picked":["Clash+1","Body Slam"],"picked":"Armaments","floor":28},{"not_picked":["Double Tap","Seeing Red"],"picked":"Reckless Charge","floor":29},{"not_picked":["Headbutt","Clothesline+1"],"picked":"Flex","floor":31},{"not_picked":["Brutality+1","Limit Break"],"picked":"Barricade+1","floor":33},{"not_picked":["Havoc+1","Perfected Strike+1"],"picked":"Intimidate","floor":35},{"not_picked":["Mind Blast","The Bomb"],"picked":"Panacea","floor":36},{"not_picked":["Madness","Good Instincts"],"picked":"Enlightenment","floor":36},{"not_picked":["Flex+1","Rampage"],"picked":"Dual Wield+1","floor":38},{"not_picked":["Searing Blow","Twin Strike"],"picked":"Flex","floor":40},{"not_picked":["True Grit","Wild Strike"],"picked":"Thunderclap+1","floor":41},{"not_picked":["Clothesline+1","Thunderclap+1"],"picked":"Combust+1","floor":44},{"not_picked":["Headbutt+1","Twin Strike+1","Hemokinesis+1"],"picked":"SKIP","floor":47},{"not_picked":["Sword Boomerang+1","Impervious"],"picked":"Flex","floor":48}],"player_experience":85802,"relics_obtained":[{"floor":7,"key":"Gremlin Horn"},{"floor":9,"key":"Potion Belt"},{"floor":10,"key":"Mummified Hand"},{"floor":26,"key":"Matryoshka"},{"floor":27,"key":"Mercury Hourglass"},{"floor":29,"key":"Red Mask"},{"floor":41,"key":"Blood Vial"},{"floor":41,"key":"Whetstone"},{"floor":43,"key":"Ornamental Fan"},{"floor":43,"key":"Bottled Flame"}],"event_choices":[{"damage_healed":0,"gold_gain":0,"player_choice":"Ignored","damage_taken":0,"max_hp_gain":0,"max_hp_loss":0,"event_name":"Golden Wing","floor":2,"gold_loss":0},{"damage_healed":0,"gold_gain":0,"player_choice":"Left Gold","damage_taken":0,"max_hp_gain":0,"max_hp_loss":0,"event_name":"World of Goop","floor":11,"gold_loss":22},{"damage_healed":0,"gold_gain":0,"player_choice":"Opened","damage_taken":0,"relics_obtained":["Frozen Egg 2"],"max_hp_gain":0,"max_hp_loss":0,"event_name":"The Mausoleum","floor":20,"gold_loss":0},{"damage_healed":0,"gold_gain":0,"cards_transformed":["Defend_R","Burning Pact"],"player_choice":"Became Test Subject","damage_taken":0,"max_hp_gain":0,"max_hp_loss":0,"event_name":"Drug Dealer","floor":24,"gold_loss":0,"cards_obtained":["Pummel","Dual Wield"]},{"damage_healed":0,"gold_gain":0,"player_choice":"Fought Bandits","damage_taken":0,"max_hp_gain":0,"max_hp_loss":0,"event_name":"Masked Bandits","floor":29,"gold_loss":0},{"damage_healed":0,"gold_gain":0,"player_choice":"Memory 2","damage_taken":5,"max_hp_gain":0,"max_hp_loss":0,"event_name":"SensoryStone","floor":36,"gold_loss":0},{"damage_healed":20,"gold_gain":0,"player_choice":"Writhe","damage_taken":0,"max_hp_gain":0,"max_hp_loss":0,"event_name":"Winding Halls","floor":37,"gold_loss":0,"cards_obtained":["Writhe"]},{"damage_healed":0,"gold_gain":0,"player_choice":"Copied","damage_taken":0,"max_hp_gain":0,"max_hp_loss":0,"event_name":"Duplicator","floor":39,"gold_loss":0,"cards_obtained":["Inflame"]},{"damage_healed":71,"gold_gain":0,"player_choice":"Heal","damage_taken":0,"max_hp_gain":0,"max_hp_loss":0,"event_name":"MindBloom","floor":42,"gold_loss":0,"cards_obtained":["Doubt"]}],"is_beta":false,"boss_relics":[{"not_picked":["Snecko Eye","Coffee Dripper"],"picked":"Fusion Hammer"},{"not_picked":["Velvet Choker","Empty Cage"],"picked":"Black Star"}],"items_purged_floors":[46],"is_endless":false,"potions_floor_spawned":[3,7,16,19,27,29,31,35,41,44],"ascension_level":0}