{"gold_per_floor":[118,118,94,105,120,120,153,153,153,165,240,240,254,25,25,130,130,150,162,179,179,191,191,208,224,250,250,265,265,265,0,0,102,152,164,164,176,15,26,26],"floor_reached":40,"playtime":2230,"items_purged":["Strike_B"],"score":532,"play_id":"dddd392b-ac81-4648-ab6d-f2bb458799d4","local_time":"20190523182233","is_ascension_mode":true,"campfire_choices":[{"floor":6.0,"key":"DIG"},{"floor":12.0,"key":"DIG"},{"floor":15.0,"key":"REST"},{"floor":23.0,"key":"REST"},{"floor":27.0,"key":"REST"},{"floor":29.0,"key":"DIG"},{"floor":32.0,"key":"REST"}],"neow_cost":"NONE","seed_source_timestamp":0,"circlet_count":0,"master_deck":["Strike_B","Strike_B","Strike_B","Defend_B","Defend_B","Defend_B","Defend_B","Zap","Dualcast","Rainbow+1","Streamline","Conserve Battery","Compile Driver","Auto Shields","Chill","Reinforced Body","Reinforced Body","Undo","Multi-Cast","Double Energy+1","Tempest","Rebound+1","Doom and Gloom","Loop","Hologram+1","Aggregate","Core Surge","Stack","Leap","Meteor Strike","Redo","Hello World+1","Finesse","Self Repair+1","Capacitor","Fission"],"special_seed":0,"relics":["Cracked Core","Shovel","Ornamental Fan","Pocketwatch","Darkstone Periapt","Cables","Omamori","DollysMirror","Nuclear Battery","WarpedTongs","Vajra","Shuriken","Tiny House"],"potions_floor_usage":[40],"damage_taken":[{"damage":14.0,"enemies":"2 Louse","floor":1.0,"turns":2.0},{"damage":0.0,"enemies":"Small Slimes","floor":4.0,"turns":3.0},{"damage":12.0,"enemies":"Jaw Worm","floor":5.0,"turns":2.0},{"damage":21.0,"enemies":"Lagavulin","floor":7.0,"turns":7.0},{"damage":6.0,"enemies":"Blue Slaver","floor":10.0,"turns":3.0},{"damage":9.0,"enemies":"Red Slaver","floor":13.0,"turns":3.0},{"damage":19.0,"enemies":"The Guardian","floor":16.0,"turns":10.0},{"damage":0.0,"enemies":"Shell Parasite","floor":18.0,"turns":5.0},{"damage":11.0,"enemies":"3 Byrds","floor":19.0,"turns":4.0},{"damage":18.0,"enemies":"Snake Plant","floor":20.0,"turns":7.0},{"damage":7.0,"enemies":"Centurion and Healer","floor":22.0,"turns":6.0},{"damage":0.0,"enemies":"Snecko","floor":24.0,"turns":3.0},{"damage":10.0,"enemies":"Chosen and Byrds","floor":25.0,"turns":2.0},{"damage":19.0,"enemies":"Centurion and Healer","floor":28.0,"turns":6.0},{"damage":30.0,"enemies":"Champ","floor":33.0,"turns":10.0},{"damage":15.0,"enemies":"3 Shapes","floor":35.0,"turns":4.0},{"damage":1.0,"enemies":"Orb Walker","floor":37.0,"turns":4.0},{"damage":4.0,"enemies":"3 Darklings","floor":39.0,"turns":7.0},{"damage":82,"enemies":"Giant Head","floor":40,"turns":10}],"seed_played":"-3130426669204262610","potions_obtained":[{"floor":1.0,"key":"Fire Potion"},{"floor":5.0,"key":"LiquidBronze"},{"floor":10.0,"key":"EssenceOfSteel"},{"floor":18.0,"key":"SmokeBomb"},{"floor":19.0,"key":"Block Potion"},{"floor":20.0,"key":"Explosive Potion"},{"floor":24.0,"key":"PowerPotion"},{"floor":28.0,"key":"Poison Potion"},{"floor":34.0,"key":"Fruit Juice"},{"floor":37.0,"key":"FairyPotion"}],"is_trial":false,"path_per_floor":["M","?","?","M","M","R","E","?","T","M","T","R","M","$","R","B",null,"M","M","M","?","M","R","M","M","T","R","M","R","?","$","R","B",null,"M","?","M","$","M","E"],"character_chosen":"DEFECT","items_purchased":["DollysMirror","Undo","Core Surge","Stack","Leap","PowerPotion","Capacitor","Fire Potion"],"campfire_rested":4,"item_purchase_floors":[14,14,31,31,31,31,38,38],"current_hp_per_floor":[54,47,47,47,35,35,14,39,39,33,33,33,24,24,46,27,63,63,52,34,34,27,49,49,39,39,61,42,42,42,42,64,34,75,60,60,59,59,65,0],"gold":26,"neow_bonus":"ONE_RANDOM_RARE_CARD","is_prod":false,"is_daily":false,"chose_seed":false,"campfire_upgraded":0,"win_rate":0,"timestamp":1558599753,"path_taken":["M","?","?","M","M","R","E","?","T","M","?","R","?","$","R","BOSS","M","M","M","?","?","R","M","M","T","R","M","R","?","?","R","BOSS","M","?","M","$","M","E"],"build_version":"2019-01-23","purchased_purges":1,"victory":false,"max_hp_per_floor":[75,75,75,75,75,75,75,75,75,75,75,75,75,75,75,75,75,75,75,75,75,75,75,75,75,75,75,75,75,75,75,75,75,85,85,85,85,85,85,85],"card_choices":[{"not_picked":["Static Discharge","Rip and Tear"],"picked":"Streamline","floor":1.0},{"not_picked":["Beam Cell","Tempest"],"picked":"Conserve Battery","floor":4.0},{"not_picked":["Coolheaded","Steam"],"picked":"Compile Driver","floor":5.0},{"not_picked":["Beam Cell","Streamline"],"picked":"Auto Shields","floor":7.0},{"not_picked":["Beam Cell","Stack"],"picked":"Chill","floor":10.0},{"not_picked":["Sweeping Beam","Streamline"],"picked":"Reinforced Body","floor":13.0},{"not_picked":["Amplify","Seek"],"picked":"Multi-Cast","floor":16.0},{"not_picked":["Coolheaded+1","Sweeping Beam+1"],"picked":"Double Energy+1","floor":18.0},{"not_picked":["Blizzard+1","Compile Driver"],"picked":"Tempest","floor":19.0},{"not_picked":["Turbo","Heatsinks"],"picked":"Rebound+1","floor":20.0},{"not_picked":["Stack","Streamline"],"picked":"Doom and Gloom","floor":22.0},{"not_picked":["Reprogram","Go for the Eyes"],"picked":"Loop","floor":24.0},{"not_picked":["Coolheaded","Conserve Battery"],"picked":"Hologram+1","floor":25.0},{"not_picked":["Static Discharge","Barrage"],"picked":"Aggregate","floor":28.0},{"not_picked":["All For One","Rainbow"],"picked":"Meteor Strike","floor":33.0},{"not_picked":["Ball Lightning","Rebound"],"picked":"Redo","floor":34.0},{"not_picked":["Barrage+1","Hologram+1"],"picked":"Hello World+1","floor":35.0},{"not_picked":["Jack Of All Trades","Flash of Steel"],"picked":"Finesse","floor":36.0},{"not_picked":["Stack","Lockon+1"],"picked":"Self Repair+1","floor":37.0},{"not_picked":["Barrage","Streamline+1"],"picked":"Fission","floor":39.0}],"player_experience":717485,"relics_obtained":[{"floor":6.0,"key":"Ornamental Fan"},{"floor":7.0,"key":"Pocketwatch"},{"floor":9.0,"key":"Darkstone Periapt"},{"floor":11.0,"key":"Cables"},{"floor":12.0,"key":"Omamori"},{"floor":26.0,"key":"Vajra"},{"floor":29.0,"key":"Shuriken"}],"event_choices":[{"damage_healed":0.0,"max_hp_gain":0.0,"max_hp_loss":0.0,"gold_gain":0.0,"event_name":"Scrap Ooze","player_choice":"Success","floor":2.0,"gold_loss":0.0,"damage_taken":7.0,"relics_obtained":["Shovel"]},{"damage_healed":0.0,"max_hp_gain":0.0,"max_hp_loss":0.0,"gold_gain":0.0,"event_name":"World of Goop","player_choice":"Left Gold","floor":3.0,"gold_loss":24.0,"damage_taken":0.0},{"damage_healed":25.0,"max_hp_gain":0.0,"max_hp_loss":0.0,"gold_gain":0.0,"event_name":"Big Fish","player_choice":"Banana","floor":8.0,"gold_loss":0.0,"damage_taken":0.0},{"damage_healed":0.0,"max_hp_gain":0.0,"max_hp_loss":0.0,"gold_gain":0.0,"event_name":"Accursed Blacksmith","player_choice":"Rummage","floor":21.0,"gold_loss":0.0,"damage_taken":0.0,"relics_obtained":["WarpedTongs"],"cards_obtained":["Pain"]},{"damage_healed":0.0,"max_hp_gain":0.0,"max_hp_loss":0.0,"gold_gain":0.0,"event_name":"Vampires","player_choice":"Ignored","floor":30.0,"gold_loss":0.0,"damage_taken":0.0},{"damage_healed":0.0,"max_hp_gain":0.0,"max_hp_loss":0.0,"gold_gain":0.0,"event_name":"SensoryStone","player_choice":"Memory 1","floor":36.0,"gold_loss":0.0,"damage_taken":0.0}],"is_beta":false,"boss_relics":[{"not_picked":["Cursed Key","White Beast Statue"],"picked":"Nuclear Battery"},{"not_picked":["Orrery","Velvet Choker"],"picked":"Tiny House"}],"items_purged_floors":[38],"is_endless":false,"potions_floor_spawned":[1,5,10,18,19,20,24,28,37],"killed_by":"Giant Head","ascension_level":6}