{"gold_per_floor":[114,127,127,92,104,104,136,146,146,221,248,18,38,53,53,53],"floor_reached":16,"playtime":539,"items_purged":[],"score":190,"play_id":"b44ddceb-b04a-4a95-839e-49e29eb62021","local_time":"20190709014804","is_ascension_mode":true,"campfire_choices":[{"data":"Sucker Punch","floor":6,"key":"SMITH"},{"floor":15,"key":"REST"}],"neow_cost":"NONE","seed_source_timestamp":2526493301972,"circlet_count":0,"master_deck":["AscendersBane","Strike_G","Strike_G","Strike_G","Strike_G","Strike_G","Defend_G","Defend_G","Defend_G","Defend_G","Defend_G","Survivor","Neutralize","Dagger Throw","Poisoned Stab","Sucker Punch+1","Blur","Night Terror","All Out Attack","Noxious Fumes","Flechettes","Dodge and Roll","Predator","Distraction"],"relics":["Ring of the Snake","NeowsBlessing","Letter Opener","Omamori","Pantograph","Orichalcum"],"potions_floor_usage":[7,11,13,16],"damage_taken":[{"damage":0,"enemies":"Jaw Worm","floor":1,"turns":1},{"damage":0,"enemies":"2 Louse","floor":2,"turns":1},{"damage":0,"enemies":"Small Slimes","floor":5,"turns":1},{"damage":19,"enemies":"Lagavulin","floor":7,"turns":7},{"damage":3,"enemies":"Exordium Wildlife","floor":8,"turns":3},{"damage":25,"enemies":"Gremlin Nob","floor":11,"turns":6},{"damage":0,"enemies":"Exordium Thugs","floor":13,"turns":4},{"damage":0,"enemies":"Looter","floor":14,"turns":4},{"damage":56,"enemies":"Slime Boss","floor":16,"turns":9}],"seed_played":"-9199381284517873430","potions_obtained":[{"floor":2,"key":"GhostInAJar"},{"floor":5,"key":"Swift Potion"},{"floor":7,"key":"Dexterity Potion"},{"floor":14,"key":"Block Potion"}],"is_trial":false,"path_per_floor":["M","M","?","?","M","R","E","M","T","?","E","$","M","M","R","B"],"character_chosen":"THE_SILENT","items_purchased":["GhostInAJar","Noxious Fumes","Flechettes","Dodge and Roll"],"campfire_rested":1,"item_purchase_floors":[12,12,12,12],"current_hp_per_floor":[59,59,47,63,63,63,44,41,41,35,10,10,10,10,29,0],"gold":53,"neow_bonus":"THREE_ENEMY_KILL","is_prod":false,"is_daily":false,"chose_seed":false,"campfire_upgraded":1,"win_rate":0,"timestamp":1562600884,"path_taken":["M","M","?","?","M","R","E","M","T","?","E","$","M","M","R","BOSS"],"build_version":"2019-07-05","purchased_purges":0,"victory":false,"max_hp_per_floor":[66,66,66,66,66,66,66,66,66,66,66,66,66,66,66,66],"card_choices":[{"not_picked":["Outmaneuver","Prepared"],"picked":"Dagger Throw","floor":1},{"not_picked":["Catalyst","Expertise"],"picked":"Poisoned Stab","floor":2},{"not_picked":["Underhanded Strike","Outmaneuver"],"picked":"Sucker Punch","floor":5},{"not_picked":["Deflect","Sucker Punch"],"picked":"Blur","floor":7},{"not_picked":["Slice","Underhanded Strike"],"picked":"Night Terror","floor":8},{"not_picked":["Setup","Caltrops"],"picked":"All Out Attack","floor":11},{"not_picked":["Quick Slash","Sucker Punch"],"picked":"Predator","floor":13},{"not_picked":["Dagger Spray","Slice"],"picked":"Distraction","floor":14}],"player_experience":955675,"relics_obtained":[{"floor":7,"key":"Omamori"},{"floor":9,"key":"Pantograph"},{"floor":11,"key":"Orichalcum"}],"event_choices":[{"damage_healed":0,"gold_gain":0,"player_choice":"Success","damage_taken":12,"relics_obtained":["Letter Opener"],"max_hp_gain":0,"max_hp_loss":0,"event_name":"Scrap Ooze","floor":3,"gold_loss":0},{"damage_healed":16,"gold_gain":0,"player_choice":"Healed","damage_taken":0,"max_hp_gain":0,"max_hp_loss":0,"event_name":"The Cleric","floor":4,"gold_loss":35},{"damage_healed":0,"gold_gain":75,"player_choice":"Touch","damage_taken":6,"max_hp_gain":0,"max_hp_loss":0,"event_name":"FaceTrader","floor":10,"gold_loss":0}],"is_beta":false,"boss_relics":[],"items_purged_floors":[],"is_endless":false,"potions_floor_spawned":[2,5,7,14],"killed_by":"Slime Boss","ascension_level":14}