{"gold_per_floor":[112,129,129,145,42,72,72,88,115,6,6,6,181,181,181,279,279,295,295,310,310,330,330,330],"floor_reached":24,"playtime":964,"items_purged":[],"score":194,"play_id":"d2bd0a2d-0601-4919-8256-32d31c898d1f","local_time":"20190430233823","is_ascension_mode":false,"campfire_choices":[{"floor":7,"key":"REST"},{"data":"Bouncing Flask","floor":11,"key":"SMITH"},{"data":"Neutralize","floor":15,"key":"SMITH"},{"floor":23,"key":"REST"}],"neow_cost":"PERCENT_DAMAGE","seed_source_timestamp":56334559392979,"circlet_count":0,"master_deck":["Defend_G","Defend_G","Defend_G","Defend_G","Defend_G","Strike_G","Strike_G","Survivor","Neutralize+1","Bane","Noxious Fumes","Malaise","Escape Plan","Dagger Spray","Well Laid Plans","Crippling Poison","Bouncing Flask+1","Dagger Throw","Adrenaline","Dodge and Roll","Catalyst","Flying Knee+1","Dagger Throw","Finisher"],"relics":["Ring of the Serpent","Gambling Chip","Juzu Bracelet"],"potions_floor_usage":[6,20,24,24],"damage_taken":[{"damage":7,"enemies":"Small Slimes","floor":1,"turns":4},{"damage":0,"enemies":"Cultist","floor":2,"turns":4},{"damage":0,"enemies":"2 Louse","floor":4,"turns":3},{"damage":11,"enemies":"Gremlin Nob","floor":6,"turns":5},{"damage":1,"enemies":"2 Fungi Beasts","floor":8,"turns":4},{"damage":25,"enemies":"The Guardian","floor":16,"turns":7},{"damage":9,"enemies":"3 Byrds","floor":18,"turns":4},{"damage":15,"enemies":"2 Thieves","floor":20,"turns":4},{"damage":8,"enemies":"Snecko","floor":22,"turns":4},{"damage":68,"enemies":"Gremlin Leader","floor":24,"turns":7}],"seed_played":"-2438441519591472878","potions_obtained":[{"floor":1,"key":"SpeedPotion"},{"floor":4,"key":"FearPotion"},{"floor":16,"key":"SkillPotion"},{"floor":18,"key":"Dexterity Potion"}],"is_trial":false,"path_per_floor":["M","M","?","M","$","E","R","M","T","$","R","$","?","?","R","B",null,"M","?","M","?","M","R","E"],"character_chosen":"THE_SILENT","items_purchased":["Dagger Spray","Well Laid Plans","Bouncing Flask","Dagger Throw"],"campfire_rested":2,"item_purchase_floors":[5,5,10,10],"current_hp_per_floor":[42,42,42,42,42,31,52,51,51,51,51,51,51,44,44,19,70,61,61,46,46,38,59,0],"gold":330,"neow_bonus":"ONE_RARE_RELIC","is_prod":false,"is_daily":false,"chose_seed":false,"campfire_upgraded":2,"win_rate":0,"timestamp":1556631503,"path_taken":["M","M","?","M","$","E","R","M","T","$","R","?","?","?","R","BOSS","M","?","M","?","M","R","E"],"build_version":"2019-01-23","purchased_purges":0,"victory":false,"max_hp_per_floor":[70,70,70,70,70,70,70,70,70,70,70,70,70,70,70,70,70,70,70,70,70,70,70,70],"card_choices":[{"not_picked":["Underhanded Strike","Masterful Stab"],"picked":"Bane","floor":1},{"not_picked":["Prepared","Blade Dance"],"picked":"Noxious Fumes","floor":2},{"not_picked":["Riddle With Holes","Outmaneuver"],"picked":"Escape Plan","floor":4},{"not_picked":["Backflip","Flechettes"],"picked":"Crippling Poison","floor":6},{"not_picked":["Concentrate","Blade Dance","Slice"],"picked":"SKIP","floor":8},{"not_picked":["Envenom","Wraith Form v2"],"picked":"Adrenaline","floor":16},{"not_picked":["Dagger Throw","Outmaneuver"],"picked":"Dodge and Roll","floor":18},{"not_picked":["Dagger Spray","Calculated Gamble"],"picked":"Flying Knee+1","floor":20},{"not_picked":["Terror","Flying Knee","Accuracy+1"],"picked":"SKIP","floor":22}],"player_experience":548565,"relics_obtained":[{"floor":6,"key":"Juzu Bracelet"}],"event_choices":[{"damage_healed":0,"gold_gain":0,"cards_transformed":["Strike_G"],"player_choice":"Transformed","damage_taken":0,"max_hp_gain":0,"max_hp_loss":0,"event_name":"Transmorgrifier","floor":3,"gold_loss":0,"cards_obtained":["Malaise"]},{"damage_healed":0,"gold_gain":175,"player_choice":"AGREE","damage_taken":0,"max_hp_gain":0,"max_hp_loss":0,"event_name":"Liars Game","floor":13,"gold_loss":0,"cards_obtained":["Doubt"]},{"cards_removed":["Doubt"],"damage_healed":0,"gold_gain":0,"player_choice":"Card Removal","damage_taken":7,"max_hp_gain":0,"max_hp_loss":0,"event_name":"Golden Wing","floor":14,"gold_loss":0},{"damage_healed":0,"gold_gain":0,"player_choice":"Read","damage_taken":0,"max_hp_gain":0,"max_hp_loss":0,"event_name":"The Library","floor":19,"gold_loss":0,"cards_obtained":["Catalyst"]},{"damage_healed":0,"gold_gain":0,"cards_transformed":["Strike_G","Strike_G"],"player_choice":"Became Test Subject","damage_taken":0,"max_hp_gain":0,"max_hp_loss":0,"event_name":"Drug Dealer","floor":21,"gold_loss":0,"cards_obtained":["Dagger Throw","Finisher"]}],"is_beta":false,"boss_relics":[{"not_picked":["Snecko Eye","Busted Crown"],"picked":"Ring of the Serpent"}],"items_purged_floors":[],"is_endless":false,"potions_floor_spawned":[1,4,16,18],"killed_by":"Gremlin Leader","ascension_level":0}