{"gold_per_floor":[115,115,115,115,130,157,157,183,183,55,80,95,95,107,107,210,210,225],"floor_reached":18,"playtime":1142,"items_purged":["Defend_R"],"score":196,"play_id":"42e250ca-801f-4793-b845-d8f5fc06bb6f","local_time":"20190711145446","is_ascension_mode":true,"campfire_choices":[{"floor":7,"key":"REST"},{"floor":15,"key":"REST"}],"neow_cost":"NONE","seed_source_timestamp":4706065580927,"circlet_count":0,"master_deck":["Strike_R","Strike_R","Strike_R","Strike_R+1","Strike_R","Defend_R","Defend_R+1","Bash","Blind","Perfected Strike","Fire Breathing","Fiend Fire","Bloodletting","Clash","Perfected Strike","Immolate"],"relics":["Burning Blood","Gremlin Horn","PreservedInsect","Bag of Marbles","Ornamental Fan","Ancient Tea Set","Philosopher\u0027s Stone"],"potions_floor_usage":[6,8],"damage_taken":[{"damage":7,"enemies":"Jaw Worm","floor":1,"turns":5},{"damage":0,"enemies":"Small Slimes","floor":5,"turns":2},{"damage":28,"enemies":"Gremlin Nob","floor":6,"turns":4},{"damage":30,"enemies":"3 Sentries","floor":8,"turns":4},{"damage":3,"enemies":"Cultist","floor":12,"turns":3},{"damage":8,"enemies":"Exordium Thugs","floor":14,"turns":4},{"damage":47,"enemies":"Hexaghost","floor":16,"turns":8},{"damage":5,"enemies":"Chosen","floor":18,"turns":3}],"seed_played":"6964392047840493541","potions_obtained":[{"floor":5,"key":"SteroidPotion"},{"floor":6,"key":"Poison Potion"},{"floor":16,"key":"SmokeBomb"},{"floor":18,"key":"GamblersBrew"}],"is_trial":false,"path_per_floor":["M","?","?","?","M","E","R","E","T","$","T","M","?","M","R","B",null,"M"],"character_chosen":"IRONCLAD","items_purchased":["Clash"],"campfire_rested":2,"item_purchase_floors":[10],"current_hp_per_floor":[79,72,56,49,55,33,57,33,33,33,33,36,41,39,64,23,85,85],"gold":225,"neow_bonus":"RANDOM_COLORLESS","is_prod":false,"is_daily":false,"chose_seed":false,"campfire_upgraded":0,"win_rate":0,"timestamp":1562849686,"path_taken":["M","?","?","?","M","E","R","E","T","$","?","?","?","M","R","BOSS","M"],"build_version":"2019-07-05","purchased_purges":1,"victory":false,"max_hp_per_floor":[80,80,80,80,80,80,80,80,80,80,80,80,85,85,85,85,85,85],"card_choices":[{"not_picked":["Pommel Strike","Wild Strike"],"picked":"Perfected Strike","floor":1},{"not_picked":["True Grit","Anger"],"picked":"Fire Breathing","floor":5},{"not_picked":["Pummel","Searing Blow"],"picked":"Fiend Fire","floor":6},{"not_picked":["Anger","Entrench"],"picked":"Bloodletting","floor":8},{"not_picked":["Whirlwind","Ghostly Armor","Havoc"],"picked":"SKIP","floor":12},{"not_picked":["Heavy Blade","Seeing Red"],"picked":"Perfected Strike","floor":14},{"not_picked":["Brutality","Demon Form"],"picked":"Immolate","floor":16}],"player_experience":118772,"relics_obtained":[{"floor":6,"key":"PreservedInsect"},{"floor":8,"key":"Bag of Marbles"},{"floor":9,"key":"Ornamental Fan"},{"floor":11,"key":"Ancient Tea Set"}],"event_choices":[{"cards_removed":["Defend_R"],"damage_healed":0,"gold_gain":0,"player_choice":"Card Removal","damage_taken":7,"max_hp_gain":0,"max_hp_loss":0,"event_name":"Golden Wing","floor":2,"gold_loss":0},{"damage_healed":0,"gold_gain":0,"player_choice":"Entered Light","damage_taken":16,"max_hp_gain":0,"max_hp_loss":0,"event_name":"Shining Light","floor":3,"gold_loss":0,"cards_upgraded":["Strike_R","Defend_R"]},{"damage_healed":0,"gold_gain":0,"player_choice":"Success","damage_taken":7,"relics_obtained":["Gremlin Horn"],"max_hp_gain":0,"max_hp_loss":0,"event_name":"Scrap Ooze","floor":4,"gold_loss":0},{"damage_healed":0,"gold_gain":0,"player_choice":"Donut","damage_taken":0,"max_hp_gain":5,"max_hp_loss":0,"event_name":"Big Fish","floor":13,"gold_loss":0}],"is_beta":false,"boss_relics":[{"not_picked":["Runic Cube","Lizard Tail"],"picked":"Philosopher\u0027s Stone"}],"items_purged_floors":[10],"is_endless":false,"potions_floor_spawned":[5,6,16,18],"killed_by":"Chosen","ascension_level":3}