{"gold_per_floor":[113,132,109,109,109,119,119,135,135,135,135,166,186,206,206,304,304,323,335,335,434,434,434,465,465,465,90,117,133,133,153,153,248,248,264,0,0,19,19,19,51,51,51,71,71,71,71,3,3,3],"floor_reached":51,"playtime":1738,"items_purged":["Writhe"],"score":891,"play_id":"2a9fd3f8-5cc4-4c06-98a5-35d65cae52e6","local_time":"20190120103918","is_ascension_mode":true,"campfire_choices":[{"data":"Rampage","floor":7.0,"key":"SMITH"},{"data":"Flame Barrier","floor":10.0,"key":"SMITH"},{"data":"Metallicize","floor":15.0,"key":"SMITH"},{"data":"Clash","floor":23.0,"key":"SMITH"},{"floor":25.0,"key":"REST"},{"data":"Headbutt","floor":30.0,"key":"SMITH"},{"floor":32.0,"key":"REST"},{"data":"Bash","floor":40,"key":"SMITH"},{"floor":42,"key":"REST"},{"floor":46,"key":"REST"},{"floor":49,"key":"REST"}],"neow_cost":"NONE","seed_source_timestamp":256513174044070,"circlet_count":0,"master_deck":["Strike_R","Strike_R","Strike_R","Strike_R","Defend_R","Defend_R","Defend_R","Bash+1","Metallicize+1","Headbutt+1","Rampage+1","Flame Barrier+1","Clash+1","Disarm+1","Shrug It Off+1","Metallicize+1","Infernal Blade+1"],"special_seed":0,"relics":["Burning Blood","Strawberry","Letter Opener","Toxic Egg 2","Odd Mushroom","Busted Crown","MutagenicStrength","Kunai","Pantograph","Lantern","Ginger","Bag of Marbles","Sozu","Red Mask","Omamori","Self Forming Clay"],"potions_floor_usage":[33,50,50],"damage_taken":[{"damage":6.0,"enemies":"Cultist","floor":1.0,"turns":4.0},{"damage":13.0,"enemies":"Small Slimes","floor":2.0,"turns":5.0},{"damage":10.0,"enemies":"Jaw Worm","floor":6.0,"turns":5.0},{"damage":7.0,"enemies":"2 Fungi Beasts","floor":8.0,"turns":4.0},{"damage":23.0,"enemies":"3 Sentries","floor":12.0,"turns":9.0},{"damage":13.0,"enemies":"Exordium Thugs","floor":13.0,"turns":6.0},{"damage":15.0,"enemies":"The Mushroom Lair","floor":14.0,"turns":5.0},{"damage":31.0,"enemies":"The Guardian","floor":16.0,"turns":12.0},{"damage":4.0,"enemies":"Shell Parasite","floor":18.0,"turns":4.0},{"damage":15.0,"enemies":"Spheric Guardian","floor":19.0,"turns":5.0},{"damage":55.0,"enemies":"Gremlin Leader","floor":24.0,"turns":5.0},{"damage":32.0,"enemies":"Slavers","floor":28.0,"turns":5.0},{"damage":0.0,"enemies":"Snake Plant","floor":29.0,"turns":2.0},{"damage":0.0,"enemies":"Centurion and Healer","floor":31.0,"turns":4.0},{"damage":48,"enemies":"Automaton","floor":33,"turns":10},{"damage":11,"enemies":"3 Darklings","floor":35,"turns":6},{"damage":8,"enemies":"Orb Walker","floor":38,"turns":4},{"damage":70,"enemies":"Giant Head","floor":41,"turns":9},{"damage":3,"enemies":"Maw","floor":44,"turns":6},{"damage":49,"enemies":"Time Eater","floor":50,"turns":12}],"seed_played":"548452956532849994","potions_obtained":[{"floor":1.0,"key":"Strength Potion"},{"floor":13.0,"key":"FearPotion"},{"floor":16.0,"key":"Energy Potion"},{"floor":31.0,"key":"Regen Potion"},{"floor":33,"key":"GamblersBrew"}],"is_trial":false,"path_per_floor":["M","M","$","?","?","M","R","M","T","R","$","E","M","?","R","B",null,"M","M","?","?","?","R","E","R","T","$","E","M","R","M","R","B",null,"M","?","?","M","?","R","E","R","T","M","?","R","?","$","R","B",null],"character_chosen":"IRONCLAD","items_purchased":["Headbutt","Ginger","Infernal Blade+1"],"campfire_rested":5,"item_purchase_floors":[3,27,48],"current_hp_per_floor":[87,80,80,73,78,74,74,73,73,73,73,56,49,40,40,15,92,92,83,83,83,83,83,34,61,61,61,35,41,41,47,74,50,92,87,87,87,85,85,85,21,48,48,51,51,78,78,78,87,59],"gold":3,"neow_bonus":"RANDOM_COMMON_RELIC","is_prod":false,"is_daily":false,"chose_seed":false,"campfire_upgraded":6,"win_rate":0,"timestamp":1547998758,"path_taken":["M","M","?","?","?","M","R","M","T","R","$","E","M","?","R","BOSS","M","M","?","?","?","R","E","R","T","$","E","M","R","?","R","BOSS","M","?","?","?","?","R","E","R","T","M","?","R","?","$","R","BOSS"],"build_version":"2019-01-17v2","purchased_purges":1,"victory":true,"max_hp_per_floor":[87,87,87,87,92,92,92,92,92,92,92,92,92,92,92,92,92,92,92,92,92,92,92,92,92,92,92,92,92,92,92,92,92,92,92,92,92,92,92,92,92,92,92,92,92,92,87,87,87,87],"card_choices":[{"not_picked":["Carnage","Warcry"],"picked":"Metallicize","floor":1.0},{"not_picked":["Rupture","True Grit","Power Through"],"picked":"SKIP","floor":2.0},{"not_picked":["Shrug It Off","Flame Barrier"],"picked":"Rampage","floor":6.0},{"not_picked":["Anger","Pommel Strike"],"picked":"Flame Barrier","floor":8.0},{"not_picked":["Body Slam","Sword Boomerang","Perfected Strike"],"picked":"SKIP","floor":12.0},{"not_picked":["Wild Strike","Body Slam"],"picked":"Clash","floor":13.0},{"not_picked":["Clash","Flex+1"],"picked":"Disarm+1","floor":14.0},{"not_picked":["Pommel Strike"],"picked":"SKIP","floor":18.0},{"not_picked":["Body Slam"],"picked":"SKIP","floor":19.0},{"not_picked":["Pommel Strike"],"picked":"SKIP","floor":24.0},{"not_picked":["Entrench+1"],"picked":"SKIP","floor":28.0},{"not_picked":["Seeing Red+1"],"picked":"SKIP","floor":29.0},{"not_picked":[],"picked":"Shrug It Off+1","floor":31.0},{"not_picked":["Havoc+1"],"picked":"SKIP","floor":35},{"not_picked":["Heavy Blade+1"],"picked":"SKIP","floor":38},{"not_picked":["Reckless Charge+1"],"picked":"SKIP","floor":41},{"not_picked":["Corruption+1"],"picked":"SKIP","floor":44}],"player_experience":96817,"relics_obtained":[{"floor":9.0,"key":"Letter Opener"},{"floor":12.0,"key":"Toxic Egg 2"},{"floor":14.0,"key":"Odd Mushroom"},{"floor":24.0,"key":"Pantograph"},{"floor":26.0,"key":"Lantern"},{"floor":28.0,"key":"Bag of Marbles"},{"floor":41,"key":"Omamori"},{"floor":43,"key":"Self Forming Clay"}],"event_choices":[{"cards_removed":["Strike_R"],"damage_healed":0.0,"max_hp_gain":0.0,"max_hp_loss":0.0,"gold_gain":0.0,"event_name":"Golden Wing","player_choice":"Card Removal","floor":4.0,"gold_loss":0.0,"damage_taken":7.0},{"damage_healed":0.0,"max_hp_gain":5.0,"max_hp_loss":0.0,"gold_gain":0.0,"event_name":"Big Fish","player_choice":"Donut","floor":5.0,"gold_loss":0.0,"damage_taken":0.0},{"damage_healed":0.0,"max_hp_gain":0.0,"max_hp_loss":0.0,"gold_gain":0.0,"event_name":"Mushrooms","player_choice":"Fought Mushrooms","floor":14.0,"gold_loss":0.0,"damage_taken":0.0},{"damage_healed":0.0,"max_hp_gain":0.0,"max_hp_loss":0.0,"gold_gain":0.0,"event_name":"Drug Dealer","player_choice":"Inject Mutagens","floor":20.0,"gold_loss":0.0,"damage_taken":0.0,"relics_obtained":["MutagenicStrength"]},{"damage_healed":0.0,"max_hp_gain":0.0,"max_hp_loss":0.0,"gold_gain":99.0,"event_name":"Nest","player_choice":"Stole From Cult","floor":21.0,"gold_loss":0.0,"damage_taken":0.0},{"damage_healed":0.0,"max_hp_gain":0.0,"max_hp_loss":0.0,"gold_gain":0.0,"event_name":"The Mausoleum","player_choice":"Opened","floor":22.0,"gold_loss":0.0,"damage_taken":0.0,"relics_obtained":["Kunai"],"cards_obtained":["Writhe"]},{"damage_healed":0,"gold_gain":0,"player_choice":"Paid","damage_taken":0,"relics_obtained":["Red Mask"],"max_hp_gain":0,"max_hp_loss":0,"event_name":"Tomb of Lord Red Mask","floor":36,"gold_loss":264},{"damage_healed":0,"gold_gain":0,"player_choice":"Copied","damage_taken":0,"max_hp_gain":0,"max_hp_loss":0,"event_name":"Duplicator","floor":37,"gold_loss":0,"cards_obtained":["Metallicize"]},{"cards_removed":["Defend_R"],"damage_healed":0,"gold_gain":0,"player_choice":"Removed Skill","damage_taken":0,"max_hp_gain":0,"max_hp_loss":0,"event_name":"Falling","floor":39,"gold_loss":0},{"damage_healed":0,"gold_gain":0,"player_choice":"Memory 1","damage_taken":0,"max_hp_gain":0,"max_hp_loss":0,"event_name":"SensoryStone","floor":45,"gold_loss":0},{"damage_healed":0,"gold_gain":0,"player_choice":"Max HP","damage_taken":0,"max_hp_gain":0,"max_hp_loss":5,"event_name":"Winding Halls","floor":47,"gold_loss":0}],"is_beta":false,"boss_relics":[{"not_picked":["Coffee Dripper","Astrolabe"],"picked":"Busted Crown"},{"not_picked":["Eternal Feather","Cursed Key"],"picked":"Sozu"}],"items_purged_floors":[27],"is_endless":false,"potions_floor_spawned":[1,13,16,18,31,33,41],"ascension_level":4}