{"gold_per_floor":[114,129,144,159,38,38,38,53,78,93,123,123,138,168,168,268,268,283,298,313,313,328,328,343,358,358,358,373,388,403,58,58,158,158,173,188,188,188,203,203,218,248,298,325,352,5,5,35,35,35],"floor_reached":51,"playtime":2296,"items_purged":["Pain"],"score":754,"play_id":"22a0d0c4-e65d-4e52-87b1-20f16ac776ff","local_time":"20190422045328","daily_mods":["Draft","Green Cards","DeadlyEvents"],"is_ascension_mode":false,"campfire_choices":[{"data":"Body Slam","floor":6,"key":"SMITH"},{"data":"Entrench","floor":12,"key":"SMITH"},{"data":"Whirlwind","floor":15,"key":"SMITH"},{"floor":23,"key":"REST"},{"floor":27,"key":"REST"},{"floor":32,"key":"REST"},{"data":"Armaments","floor":40,"key":"SMITH"},{"floor":47,"key":"REST"},{"floor":49,"key":"REST"}],"neow_cost":"","seed_source_timestamp":0,"circlet_count":0,"master_deck":["Bouncing Flask","Deflect","Terror","Dodge and Roll","Bane","Cleave","Whirlwind+1","Poisoned Stab","Choke","Warcry","Spot Weakness","Prepared","Twin Strike","Backstab","Backflip","Entrench+1","Rampage","Catalyst","Cloak And Dagger","Body Slam+1","Reckless Charge","Power Through","Backflip","Deflect","Envenom","Dagger Throw","Shrug It Off","Rampage","Cloak And Dagger","Shrug It Off","Poisoned Stab+1","Whirlwind+1","Shrug It Off+1","Dodge and Roll","Iron Wave","Impervious","Hemokinesis+1","Armaments+1","Disarm+1","Spot Weakness+1","Wild Strike+1","Inflame","Bandage Up","Adrenaline"],"special_seed":18007,"relics":["Burning Blood","WarpedTongs","Bag of Marbles","Bronze Scales","Letter Opener","Runic Dome","Blue Candle","Medical Kit","Black Star","Blood Vial","Question Card","Bottled Flame","MawBank","Toolbox","Ornamental Fan","Lantern"],"potions_floor_usage":[4,4,11,14,25,33,33,39,42,44,50,50,50],"damage_taken":[{"damage":0,"enemies":"Cultist","floor":1,"turns":2},{"damage":0,"enemies":"2 Louse","floor":2,"turns":1},{"damage":0,"enemies":"Small Slimes","floor":3,"turns":2},{"damage":7,"enemies":"Exordium Thugs","floor":4,"turns":3},{"damage":0,"enemies":"2 Fungi Beasts","floor":8,"turns":2},{"damage":0,"enemies":"3 Louse","floor":10,"turns":1},{"damage":12,"enemies":"Lagavulin","floor":11,"turns":3},{"damage":0,"enemies":"Lots of Slimes","floor":13,"turns":1},{"damage":34,"enemies":"3 Sentries","floor":14,"turns":5},{"damage":22,"enemies":"Slime Boss","floor":16,"turns":6},{"damage":5,"enemies":"Spheric Guardian","floor":18,"turns":3},{"damage":11,"enemies":"Shell Parasite","floor":19,"turns":3},{"damage":18,"enemies":"Shelled Parasite and Fungi","floor":20,"turns":2},{"damage":15,"enemies":"Snake Plant","floor":22,"turns":2},{"damage":11,"enemies":"Snecko","floor":24,"turns":4},{"damage":20,"enemies":"Shelled Parasite and Fungi","floor":25,"turns":3},{"damage":9,"enemies":"Centurion and Healer","floor":28,"turns":3},{"damage":9,"enemies":"Cultist and Chosen","floor":29,"turns":4},{"damage":8,"enemies":"3 Cultists","floor":30,"turns":3},{"damage":39,"enemies":"Collector","floor":33,"turns":7},{"damage":6,"enemies":"3 Shapes","floor":35,"turns":1},{"damage":0,"enemies":"Orb Walker","floor":36,"turns":2},{"damage":0,"enemies":"Sphere and 2 Shapes","floor":39,"turns":3},{"damage":8,"enemies":"4 Shapes","floor":41,"turns":2},{"damage":52,"enemies":"Nemesis","floor":42,"turns":7},{"damage":8,"enemies":"Jaw Worm Horde","floor":44,"turns":4},{"damage":15,"enemies":"Transient","floor":45,"turns":5},{"damage":35,"enemies":"Reptomancer","floor":48,"turns":8},{"damage":38,"enemies":"Time Eater","floor":50,"turns":9}],"seed_played":"5562409950653752880","potions_obtained":[{"floor":1,"key":"Explosive Potion"},{"floor":2,"key":"PowerPotion"},{"floor":8,"key":"Energy Potion"},{"floor":11,"key":"SneckoOil"},{"floor":13,"key":"Ancient Potion"},{"floor":16,"key":"GamblersBrew"},{"floor":18,"key":"Fire Potion"},{"floor":20,"key":"SkillPotion"},{"floor":28,"key":"AttackPotion"},{"floor":36,"key":"Swift Potion"},{"floor":41,"key":"Regen Potion"},{"floor":42,"key":"SpeedPotion"},{"floor":44,"key":"Energy Potion"},{"floor":48,"key":"Ancient Potion"}],"is_trial":false,"path_per_floor":["M","M","M","M","$","R","?","M","T","M","E","R","M","E","R","B",null,"M","M","M","?","M","R","M","M","T","R","M","M","M","$","R","B",null,"M","M","?","?","M","R","M","E","T","M","M","$","R","E","R","B",null],"character_chosen":"IRONCLAD","items_purchased":["Body Slam","Reckless Charge","Medical Kit","Dodge and Roll","Iron Wave","Inflame","Bandage Up","Toolbox"],"campfire_rested":5,"item_purchase_floors":[5,5,31,31,31,46,46,46],"current_hp_per_floor":[80,80,80,79,79,79,79,80,80,80,74,74,80,52,52,36,80,80,75,63,48,39,64,59,45,45,70,67,64,62,62,85,52,85,85,85,85,85,85,85,83,39,39,51,44,44,69,46,71,47],"gold":35,"neow_bonus":"","is_prod":false,"is_daily":true,"chose_seed":false,"campfire_upgraded":4,"win_rate":0,"timestamp":1555872808,"path_taken":["M","M","M","M","?","R","?","M","T","M","E","R","M","?","R","BOSS","M","M","M","?","M","R","M","M","T","R","?","M","M","$","R","BOSS","M","M","?","?","M","R","M","E","T","M","M","$","R","E","R","BOSS"],"build_version":"2019-01-23","purchased_purges":1,"victory":true,"max_hp_per_floor":[80,80,80,80,80,80,80,80,80,80,80,80,80,80,80,80,80,80,80,80,85,85,85,85,85,85,85,85,85,85,85,85,85,85,85,85,85,85,85,85,85,85,85,85,85,85,85,85,85,85],"card_choices":[{"not_picked":["Escape Plan","Havoc"],"picked":"Bouncing Flask","floor":0},{"not_picked":["Clash","Escape Plan"],"picked":"Deflect","floor":0},{"not_picked":["Deadly Poison","Blade Dance"],"picked":"Terror","floor":0},{"not_picked":["Quick Slash","Intimidate"],"picked":"Dodge and Roll","floor":0},{"not_picked":["Eviscerate","Outmaneuver"],"picked":"Bane","floor":0},{"not_picked":["Outmaneuver","Deflect"],"picked":"Cleave","floor":0},{"not_picked":["Clash","Dagger Spray"],"picked":"Whirlwind","floor":0},{"not_picked":["Sword Boomerang","Combust"],"picked":"Poisoned Stab","floor":0},{"not_picked":["Calculated Gamble","Deadly Poison"],"picked":"Choke","floor":0},{"not_picked":["Iron Wave","Battle Trance"],"picked":"Warcry","floor":0},{"not_picked":["Flex","Power Through"],"picked":"Spot Weakness","floor":0},{"not_picked":["Flying Knee","Slice"],"picked":"Prepared","floor":0},{"not_picked":["Finisher","Riddle With Holes"],"picked":"Twin Strike","floor":0},{"not_picked":["Burning Pact","Poisoned Stab"],"picked":"Backstab","floor":0},{"not_picked":["Dodge and Roll","Dagger Spray"],"picked":"Backflip","floor":0},{"not_picked":["Finisher","Crippling Poison"],"picked":"Entrench","floor":1},{"not_picked":["Rage","Deadly Poison"],"picked":"Rampage","floor":2},{"not_picked":["Sucker Punch","Cleave"],"picked":"Catalyst","floor":3},{"not_picked":["Rupture","Underhanded Strike"],"picked":"Cloak And Dagger","floor":4},{"not_picked":["Backstab","Havoc","Accuracy"],"picked":"SKIP","floor":8},{"not_picked":["Flying Knee","Dagger Spray","Skewer"],"picked":"SKIP","floor":10},{"not_picked":["Predator","Acrobatics"],"picked":"Power Through","floor":11},{"not_picked":["Tactician","Clash"],"picked":"Backflip","floor":13},{"not_picked":["Glass Knife","Carnage"],"picked":"Deflect","floor":14},{"not_picked":["Fiend Fire","Wraith Form v2"],"picked":"Envenom","floor":16},{"not_picked":["Slice+1","Sucker Punch","Dagger Spray"],"picked":"SKIP","floor":18},{"not_picked":["Bane","Slice"],"picked":"Dagger Throw","floor":19},{"not_picked":["Cleave+1","Heavy Blade+1"],"picked":"Shrug It Off","floor":20},{"not_picked":["Fire Breathing","Sword Boomerang"],"picked":"Rampage","floor":22},{"not_picked":["Entrench+1","Flechettes"],"picked":"Cloak And Dagger","floor":24},{"not_picked":["Wraith Form v2","Underhanded Strike"],"picked":"Shrug It Off","floor":25},{"not_picked":["Searing Blow","Acrobatics+1"],"picked":"Poisoned Stab+1","floor":28},{"not_picked":["Headbutt","Feel No Pain"],"picked":"Whirlwind+1","floor":29},{"not_picked":["Searing Blow","Dagger Throw"],"picked":"Shrug It Off+1","floor":30},{"not_picked":["Brutality","Envenom"],"picked":"Impervious","floor":33},{"not_picked":["Quick Slash+1","Entrench"],"picked":"Hemokinesis+1","floor":35},{"not_picked":["Backstab","Clash+1","Searing Blow"],"picked":"SKIP","floor":36},{"not_picked":["Setup+1","Twin Strike+1"],"picked":"Armaments","floor":39},{"not_picked":["Eviscerate","Hemokinesis","Backflip"],"picked":"SKIP","floor":41},{"not_picked":["True Grit","Infernal Blade"],"picked":"Disarm+1","floor":42},{"not_picked":["Wild Strike","Night Terror","Quick Slash+1"],"picked":"Spot Weakness+1","floor":44},{"not_picked":["Flying Knee","Carnage","Terror+1"],"picked":"Wild Strike+1","floor":45},{"not_picked":["Masterful Stab+1","Pummel","Headbutt"],"picked":"Adrenaline","floor":48}],"player_experience":424779,"relics_obtained":[{"floor":9,"key":"Bag of Marbles"},{"floor":11,"key":"Bronze Scales"},{"floor":14,"key":"Letter Opener"},{"floor":26,"key":"Blue Candle"},{"floor":38,"key":"Blood Vial"},{"floor":42,"key":"Question Card"},{"floor":42,"key":"Bottled Flame"},{"floor":43,"key":"MawBank"},{"floor":48,"key":"Ornamental Fan"},{"floor":48,"key":"Lantern"}],"event_choices":[{"damage_healed":0,"gold_gain":0,"player_choice":"Rummage","damage_taken":0,"relics_obtained":["WarpedTongs"],"max_hp_gain":0,"max_hp_loss":0,"event_name":"Accursed Blacksmith","floor":7,"gold_loss":0,"cards_obtained":["Pain"]},{"damage_healed":0,"gold_gain":0,"player_choice":"Shed Blood","damage_taken":20,"max_hp_gain":5,"max_hp_loss":0,"event_name":"Forgotten Altar","floor":21,"gold_loss":0},{"damage_healed":0,"gold_gain":0,"player_choice":"Ignored","damage_taken":0,"max_hp_gain":0,"max_hp_loss":0,"event_name":"Tomb of Lord Red Mask","floor":37,"gold_loss":0},{"damage_healed":0,"gold_gain":0,"player_choice":"Relic","damage_taken":0,"max_hp_gain":0,"max_hp_loss":0,"event_name":"Wheel of Change","floor":38,"gold_loss":0}],"is_beta":false,"boss_relics":[{"not_picked":["Astrolabe","Snecko Eye"],"picked":"Runic Dome"},{"not_picked":["Lizard Tail","Calling Bell"],"picked":"Black Star"}],"items_purged_floors":[31],"is_endless":false,"potions_floor_spawned":[1,2,8,11,13,16,18,20,22,28,29,30,36,41,42,44,48],"ascension_level":0}