{"gold_per_floor":[119,119,131,141,158,191,202,202,252,282,232,89,89,116,116,220,220,239,204,204,65,84,111,111,130,154,166,166,265,265,276,276,380,380,391,446,22,22,39,39,65,65,65,99,117,117,128,151,151,151,151,151,1,32,32],"floor_reached":55,"playtime":3095,"items_purged":["Strike_B","Amplify","Defend_B","Defend_B"],"score":730,"play_id":"0a6bcb30-019c-4992-b27e-39ce05947056","local_time":"20190110163645","is_ascension_mode":false,"campfire_choices":[{"data":"Defragment","floor":8.0,"key":"SMITH"},{"data":"Blizzard","floor":13.0,"key":"SMITH"},{"floor":15.0,"key":"REST"},{"data":"Chill","floor":24.0,"key":"SMITH"},{"data":"Redo","floor":30.0,"key":"SMITH"},{"data":"Capacitor","floor":32.0,"key":"SMITH"},{"floor":40.0,"key":"REST"},{"floor":42.0,"key":"REST"},{"data":"Echo Form","floor":46.0,"key":"SMITH"},{"floor":49.0,"key":"RECALL"},{"data":"Dualcast","floor":52.0,"key":"SMITH"}],"neow_cost":"NONE","seed_source_timestamp":92550683218918,"circlet_count":0,"master_deck":["Strike_B","Strike_B","Defend_B+1","Zap+1","Dualcast+1","Cold Snap","Lockon","Defragment+1","Capacitor+1","Coolheaded","Rebound","Blizzard+1","Core Surge","Chill+1","Redo+1","Echo Form+1","Redo+1","Loop+1","Seek"],"special_seed":0,"relics":["FrozenCore","Anchor","Bottled Tornado","Boot","Mummified Hand","Odd Mushroom","Regal Pillow","Mango","Nuclear Battery","Unceasing Top","StoneCalendar","PreservedInsect","Letter Opener","Bronze Scales","War Paint","Centennial Puzzle"],"potions_floor_usage":[],"damage_taken":[{"damage":3.0,"enemies":"Jaw Worm","floor":1.0,"turns":4.0},{"damage":4.0,"enemies":"Cultist","floor":3.0,"turns":3.0},{"damage":0.0,"enemies":"Small Slimes","floor":4.0,"turns":2.0},{"damage":0.0,"enemies":"3 Louse","floor":5.0,"turns":3.0},{"damage":16.0,"enemies":"3 Sentries","floor":6.0,"turns":7.0},{"damage":0.0,"enemies":"Looter","floor":7.0,"turns":2.0},{"damage":25.0,"enemies":"Lagavulin","floor":10.0,"turns":6.0},{"damage":24.0,"enemies":"The Mushroom Lair","floor":14.0,"turns":4.0},{"damage":4.0,"enemies":"Slime Boss","floor":16.0,"turns":9.0},{"damage":0.0,"enemies":"Shell Parasite","floor":18.0,"turns":8.0},{"damage":2.0,"enemies":"2 Thieves","floor":19.0,"turns":5.0},{"damage":1.0,"enemies":"Centurion and Healer","floor":22.0,"turns":9.0},{"damage":6.0,"enemies":"Slavers","floor":23.0,"turns":6.0},{"damage":1.0,"enemies":"Chosen and Byrds","floor":25.0,"turns":6.0},{"damage":0.0,"enemies":"Shelled Parasite and Fungi","floor":27.0,"turns":7.0},{"damage":3.0,"enemies":"Snecko","floor":31.0,"turns":5.0},{"damage":17.0,"enemies":"Champ","floor":33.0,"turns":13.0},{"damage":0.0,"enemies":"3 Shapes","floor":35.0,"turns":4.0},{"damage":67.0,"enemies":"2 Orb Walkers","floor":36.0,"turns":8.0},{"damage":5.0,"enemies":"3 Darklings","floor":39.0,"turns":6.0},{"damage":35.0,"enemies":"Nemesis","floor":41.0,"turns":9.0},{"damage":9.0,"enemies":"Giant Head","floor":44.0,"turns":10.0},{"damage":3.0,"enemies":"Sphere and 2 Shapes","floor":45.0,"turns":4.0},{"damage":10.0,"enemies":"4 Shapes","floor":47.0,"turns":3.0},{"damage":33.0,"enemies":"Awakened One","floor":50.0,"turns":16.0},{"damage":28.0,"enemies":"Shield and Spear","floor":54.0,"turns":6.0},{"damage":62,"enemies":"The Heart","floor":55,"turns":12}],"seed_played":"6819846964227634351","potions_obtained":[{"floor":4.0,"key":"GamblersBrew"},{"floor":5.0,"key":"EssenceOfSteel"},{"floor":7.0,"key":"Energy Potion"},{"floor":22.0,"key":"Energy Potion"},{"floor":31.0,"key":"FocusPotion"},{"floor":36.0,"key":"Poison Potion"},{"floor":39.0,"key":"Regen Potion"},{"floor":45.0,"key":"Regen Potion"}],"is_trial":false,"path_per_floor":["M","?","M","M","M","E","M","R","T","E","?","$","R","?","R","B",null,"M","M","?","$","M","E","R","M","T","M","?","?","R","M","R","B",null,"M","?","$","?","M","R","E","R","T","E","M","R","M","T","R","B",null,"R","$","E","B"],"character_chosen":"DEFECT","items_purchased":["Blizzard","Chill","StoneCalendar"],"campfire_rested":3,"item_purchase_floors":[12,21,37],"current_hp_per_floor":[72,72,68,68,68,52,52,52,52,27,27,27,27,3,25,21,75,75,73,73,73,72,80,80,79,79,79,79,79,79,76,76,59,89,89,22,22,22,17,58,23,64,64,55,52,52,42,42,42,64,89,89,89,61,0],"gold":32,"neow_bonus":"RANDOM_COMMON_RELIC","is_prod":false,"is_daily":false,"chose_seed":false,"campfire_upgraded":7,"win_rate":0,"timestamp":1547156205,"path_taken":["M","?","?","M","?","E","M","R","T","E","?","$","R","?","R","BOSS","M","M","?","$","M","E","R","M","T","?","?","?","R","M","R","BOSS","M","?","$","?","M","R","E","R","T","E","?","R","?","?","R","BOSS","R","$","E","BOSS"],"build_version":"2019-01-03v4","purchased_purges":4,"victory":false,"max_hp_per_floor":[75,75,75,75,75,75,75,75,75,75,75,75,75,75,75,75,75,75,75,75,75,75,89,89,89,89,89,89,89,89,89,89,89,89,89,89,89,89,89,89,89,89,89,89,89,89,89,89,89,89,89,89,89,89,89],"card_choices":[{"not_picked":["Ball Lightning","Leap"],"picked":"Cold Snap","floor":1.0},{"not_picked":["Streamline","Aggregate"],"picked":"Defragment","floor":3.0},{"not_picked":["Doom and Gloom","Ball Lightning"],"picked":"Capacitor","floor":4.0},{"not_picked":["Go for the Eyes","Storm"],"picked":"Coolheaded","floor":5.0},{"not_picked":["Hologram","Tempest"],"picked":"Amplify","floor":6.0},{"not_picked":["Barrage","Steam"],"picked":"Rebound","floor":7.0},{"not_picked":["Coolheaded","Beam Cell","Tempest"],"picked":"SKIP","floor":10.0},{"not_picked":["Echo Form","Creative AI"],"picked":"Core Surge","floor":16.0},{"not_picked":["Turbo","Sunder+1","Conserve Battery"],"picked":"SKIP","floor":18.0},{"not_picked":["Rebound+1","Chaos","Capacitor"],"picked":"SKIP","floor":19.0},{"not_picked":["Cold Snap","Steam Power","Barrage+1"],"picked":"SKIP","floor":22.0},{"not_picked":["FTL","Cold Snap","Stack"],"picked":"SKIP","floor":23.0},{"not_picked":["Static Discharge+1","Heatsinks","Sweeping Beam"],"picked":"SKIP","floor":25.0},{"not_picked":["Turbo","Cold Snap"],"picked":"Redo","floor":27.0},{"not_picked":["Coolheaded","Turbo","Steam"],"picked":"SKIP","floor":31.0},{"not_picked":["Machine Learning","Fission"],"picked":"Echo Form","floor":33.0},{"not_picked":["Lockon+1","Hologram","Conserve Battery+1"],"picked":"SKIP","floor":35.0},{"not_picked":["Recycle","Blizzard","Redo"],"picked":"SKIP","floor":39.0},{"not_picked":["Undo","Aggregate+1","Cold Snap"],"picked":"SKIP","floor":41.0},{"not_picked":["Core Surge","Sweeping Beam","Recycle+1"],"picked":"SKIP","floor":44.0},{"not_picked":["Genetic Algorithm","Cold Snap"],"picked":"Redo+1","floor":45.0},{"not_picked":["Conserve Battery+1","Cold Snap+1"],"picked":"Loop+1","floor":47.0},{"not_picked":["Turbo+1","Stack+1"],"picked":"Seek","floor":54.0}],"player_experience":43524,"relics_obtained":[{"floor":6.0,"key":"Bottled Tornado"},{"floor":9.0,"key":"Boot"},{"floor":10.0,"key":"Mummified Hand"},{"floor":14.0,"key":"Odd Mushroom"},{"floor":23.0,"key":"Mango"},{"floor":36.0,"key":"Unceasing Top"},{"floor":41.0,"key":"PreservedInsect"},{"floor":43.0,"key":"Letter Opener"},{"floor":44.0,"key":"Bronze Scales"},{"floor":48.0,"key":"War Paint"},{"floor":54.0,"key":"Centennial Puzzle"}],"event_choices":[{"damage_healed":0.0,"max_hp_gain":0.0,"max_hp_loss":0.0,"gold_gain":0.0,"cards_transformed":["Defend_B"],"event_name":"Transmorgrifier","player_choice":"Transformed","floor":2.0,"gold_loss":0.0,"damage_taken":0.0,"cards_obtained":["Lockon"]},{"cards_removed":["Strike_B"],"damage_healed":0.0,"max_hp_gain":0.0,"max_hp_loss":0.0,"gold_gain":0.0,"event_name":"The Cleric","player_choice":"Card Removal","floor":11.0,"gold_loss":50.0,"damage_taken":0.0},{"damage_healed":0.0,"max_hp_gain":0.0,"max_hp_loss":0.0,"gold_gain":0.0,"event_name":"Mushrooms","player_choice":"Fought Mushrooms","floor":14.0,"gold_loss":0.0,"damage_taken":0.0},{"damage_healed":0.0,"max_hp_gain":0.0,"max_hp_loss":0.0,"gold_gain":0.0,"event_name":"WeMeetAgain","player_choice":"Gave Potion","floor":20.0,"gold_loss":0.0,"damage_taken":0.0,"relics_obtained":["Regal Pillow"]},{"damage_healed":0.0,"max_hp_gain":0.0,"max_hp_loss":0.0,"gold_gain":0.0,"event_name":"Ghosts","player_choice":"Ignored","floor":28.0,"gold_loss":0.0,"damage_taken":0.0},{"damage_healed":0.0,"max_hp_gain":0.0,"max_hp_loss":0.0,"gold_gain":99.0,"event_name":"Nest","player_choice":"Stole From Cult","floor":29.0,"gold_loss":0.0,"damage_taken":0.0},{"damage_healed":0.0,"max_hp_gain":0.0,"max_hp_loss":0.0,"gold_gain":0.0,"event_name":"Mysterious Sphere","player_choice":"Fight","floor":36.0,"gold_loss":0.0,"damage_taken":0.0},{"damage_healed":0.0,"max_hp_gain":0.0,"max_hp_loss":0.0,"gold_gain":0.0,"event_name":"NoteForYourself","player_choice":"Ignored","floor":38.0,"gold_loss":0.0,"damage_taken":0.0}],"is_beta":false,"boss_relics":[{"not_picked":["Lizard Tail","Philosopher\u0027s Stone"],"picked":"FrozenCore"},{"not_picked":["Eternal Feather","Cursed Key"],"picked":"Nuclear Battery"}],"items_purged_floors":[12,21,37,53],"is_endless":false,"potions_floor_spawned":[4,5,7,14,18,19,22,31,36,39,45],"killed_by":"The Heart","ascension_level":0}