{"gold_per_floor":[117,132,144,219,219,219,234,234,261,277,277,303,320,338,338,437,437,447,372,389,488,488,488,502,502,572,572,626,144,144,168,168,265,265,278,1277,942,961,961,989,989,989],"floor_reached":42,"playtime":2003,"items_purged":["Strike_R+1","Normality"],"score":555,"play_id":"060904af-d15c-4615-a608-10576bf63fa2","local_time":"20190516022722","is_ascension_mode":true,"campfire_choices":[{"data":"Uppercut","floor":6,"key":"SMITH"},{"data":"Rampage","floor":8,"key":"SMITH"},{"data":"Metallicize","floor":11,"key":"SMITH"},{"floor":15,"key":"REST"},{"data":"Cleave","floor":23,"key":"SMITH"},{"data":"Offering","floor":25,"key":"SMITH"},{"data":"Berserk","floor":27,"key":"SMITH"},{"data":"Entrench","floor":30,"key":"SMITH"},{"floor":32,"key":"REST"},{"data":"Inflame","floor":41,"key":"SMITH"}],"neow_cost":"NONE","seed_source_timestamp":27225702369685,"circlet_count":0,"master_deck":["Strike_R+1","Strike_R+1","Strike_R+1","Defend_R+1","Defend_R+1","Defend_R+1","Defend_R+1","Bash","Berserk+1","Headbutt","Shrug It Off","Uppercut+1","Rampage+1","Metallicize+1","Twin Strike","Cleave+1","Warcry","Offering+1","Thunderclap+1","Hemokinesis","Battle Trance","Bandage Up","Entrench+1","Bludgeon","Sword Boomerang","Hemokinesis","True Grit+1","Flex","Inflame+1","Normality","Dropkick","Carnage","Writhe"],"relics":["Burning Blood","Potion Belt","Boot","Ancient Tea Set","Busted Crown","Shuriken","Tiny Chest","Membership Card","Paper Frog","Anchor","Orrery","Centennial Puzzle","Letter Opener","Lantern"],"potions_floor_usage":[14,16,33,33,33,33,38,40,40],"damage_taken":[{"damage":10,"enemies":"Small Slimes","floor":1,"turns":4},{"damage":6,"enemies":"Cultist","floor":2,"turns":3},{"damage":13,"enemies":"Jaw Worm","floor":3,"turns":4},{"damage":15,"enemies":"3 Louse","floor":7,"turns":3},{"damage":6,"enemies":"2 Fungi Beasts","floor":10,"turns":4},{"damage":15,"enemies":"Gremlin Nob","floor":12,"turns":5},{"damage":0,"enemies":"Looter","floor":13,"turns":4},{"damage":10,"enemies":"Large Slime","floor":14,"turns":5},{"damage":64,"enemies":"The Guardian","floor":16,"turns":14},{"damage":8,"enemies":"3 Byrds","floor":18,"turns":4},{"damage":9,"enemies":"Chosen","floor":20,"turns":4},{"damage":13,"enemies":"Snecko","floor":24,"turns":4},{"damage":56,"enemies":"Champ","floor":33,"turns":8},{"damage":36,"enemies":"3 Darklings","floor":35,"turns":5},{"damage":23,"enemies":"3 Shapes","floor":38,"turns":6},{"damage":27,"enemies":"Nemesis","floor":40,"turns":7},{"damage":69,"enemies":"Giant Head","floor":42,"turns":5}],"seed_played":"3980157343671057569","potions_obtained":[{"floor":1,"key":"Explosive Potion"},{"floor":3,"key":"Explosive Potion"},{"floor":12,"key":"SpeedPotion"},{"floor":13,"key":"LiquidBronze"},{"floor":16,"key":"Regen Potion"},{"floor":18,"key":"SpeedPotion"},{"floor":33,"key":"BloodPotion"},{"floor":35,"key":"SkillPotion"}],"is_trial":false,"path_per_floor":["M","M","M","?","?","R","M","R","T","M","R","E","M","M","R","B",null,"M","?","M","?","?","R","M","R","T","R","T","$","R","T","R","B",null,"M","?","$","M","?","E","R","E"],"character_chosen":"IRONCLAD","items_purchased":["Membership Card","Paper Frog","Bandage Up","Entrench","Ancient Potion","Dropkick","Centennial Puzzle","Fruit Juice","Letter Opener"],"campfire_rested":2,"item_purchase_floors":[29,29,29,29,29,37,37,37,37],"current_hp_per_floor":[76,76,69,58,58,58,49,49,49,49,49,40,46,42,66,8,62,60,60,57,57,57,57,50,50,50,50,50,50,50,50,74,33,68,42,42,42,29,49,45,45,0],"gold":989,"neow_bonus":"ONE_RANDOM_RARE_CARD","is_prod":false,"is_daily":false,"chose_seed":false,"campfire_upgraded":8,"win_rate":0,"timestamp":1557937642,"path_taken":["M","M","M","?","?","R","M","R","T","?","R","E","M","?","R","BOSS","M","?","M","?","?","R","M","R","T","R","?","$","R","?","R","BOSS","M","?","$","M","?","E","R","E"],"build_version":"2019-01-23","purchased_purges":2,"victory":false,"max_hp_per_floor":[80,80,80,80,80,80,80,80,80,80,80,80,80,80,80,80,80,80,80,80,80,80,80,80,80,80,80,80,80,80,80,80,80,80,80,80,80,80,80,85,85,85],"card_choices":[{"not_picked":["Burning Pact","Rage"],"picked":"Headbutt","floor":1},{"not_picked":["Entrench","Sentinel"],"picked":"Shrug It Off","floor":2},{"not_picked":["Infernal Blade","Armaments"],"picked":"Uppercut","floor":3},{"not_picked":["Feel No Pain","Iron Wave"],"picked":"Rampage","floor":7},{"not_picked":["Feel No Pain","Impervious"],"picked":"Metallicize","floor":10},{"not_picked":["Bloodletting","Feel No Pain"],"picked":"Twin Strike","floor":12},{"not_picked":["Pommel Strike","Bloodletting"],"picked":"Cleave","floor":13},{"not_picked":["Perfected Strike","Second Wind"],"picked":"Warcry","floor":14},{"not_picked":["Dark Embrace","Demon Form"],"picked":"Offering","floor":16},{"not_picked":[],"picked":"Thunderclap+1","floor":18},{"not_picked":[],"picked":"Hemokinesis","floor":20},{"not_picked":[],"picked":"Battle Trance","floor":24},{"not_picked":[],"picked":"Bludgeon","floor":33},{"not_picked":[],"picked":"Sword Boomerang","floor":34},{"not_picked":[],"picked":"Hemokinesis","floor":34},{"not_picked":[],"picked":"True Grit+1","floor":34},{"not_picked":[],"picked":"Flex","floor":34},{"not_picked":[],"picked":"Inflame","floor":35},{"not_picked":[],"picked":"Carnage","floor":38},{"not_picked":["Thunderclap+1"],"picked":"SKIP","floor":40}],"player_experience":616647,"relics_obtained":[{"floor":9,"key":"Boot"},{"floor":12,"key":"Ancient Tea Set"},{"floor":26,"key":"Shuriken"},{"floor":28,"key":"Tiny Chest"},{"floor":31,"key":"Anchor"},{"floor":40,"key":"Lantern"}],"event_choices":[{"damage_healed":0,"gold_gain":75,"player_choice":"Gather Gold","damage_taken":11,"max_hp_gain":0,"max_hp_loss":0,"event_name":"World of Goop","floor":4,"gold_loss":0},{"damage_healed":0,"gold_gain":0,"player_choice":"Gave Potion","damage_taken":0,"relics_obtained":["Potion Belt"],"max_hp_gain":0,"max_hp_loss":0,"event_name":"WeMeetAgain","floor":5,"gold_loss":0},{"cards_removed":["Strike_R"],"damage_healed":0,"gold_gain":0,"player_choice":"Gave Gold","damage_taken":0,"max_hp_gain":0,"max_hp_loss":0,"event_name":"Beggar","floor":19,"gold_loss":75},{"damage_healed":0,"gold_gain":99,"player_choice":"Stole From Cult","damage_taken":0,"max_hp_gain":0,"max_hp_loss":0,"event_name":"Nest","floor":21,"gold_loss":0},{"damage_healed":0,"gold_gain":0,"player_choice":"Simplicity","damage_taken":0,"max_hp_gain":0,"max_hp_loss":0,"event_name":"Back to Basics","floor":22,"gold_loss":0,"cards_upgraded":["Strike_R","Strike_R","Strike_R","Strike_R","Defend_R","Defend_R","Defend_R","Defend_R"]},{"damage_healed":0,"gold_gain":999,"player_choice":"Gold","damage_taken":0,"max_hp_gain":0,"max_hp_loss":0,"event_name":"MindBloom","floor":36,"gold_loss":0,"cards_obtained":["Normality","Normality"]},{"damage_healed":20,"gold_gain":0,"player_choice":"Writhe","damage_taken":0,"max_hp_gain":0,"max_hp_loss":0,"event_name":"Winding Halls","floor":39,"gold_loss":0,"cards_obtained":["Writhe"]}],"is_beta":false,"boss_relics":[{"not_picked":["White Beast Statue","Fusion Hammer"],"picked":"Busted Crown"},{"not_picked":["Tiny House","Black Star"],"picked":"Orrery"}],"items_purged_floors":[29,37],"is_endless":false,"potions_floor_spawned":[1,3,12,13,16,18,33,35],"killed_by":"Giant Head","ascension_level":5}