{"gold_per_floor":[17,17,28,28,42,42,77,77,77,102,117,129,129,11,11,109,109,124,138,138],"floor_reached":20,"playtime":832,"items_purged":["Strike_R"],"score":289,"play_id":"00c745bb-e2b3-45a4-b58e-df54efc65af7","local_time":"20190519012803","is_ascension_mode":true,"campfire_choices":[{"data":"Cleave","floor":6,"key":"SMITH"},{"data":"Metallicize","floor":8,"key":"SMITH"},{"data":"Spot Weakness","floor":13,"key":"SMITH"},{"floor":15,"key":"REST"}],"neow_cost":"NO_GOLD","seed_source_timestamp":23170129744169,"circlet_count":0,"master_deck":["Strike_R","Strike_R","Strike_R","Strike_R","Defend_R","Defend_R","Defend_R","Defend_R","Bash","Cleave+1","Clothesline","Power Through","Metallicize+1","Spot Weakness+1","Shrug It Off","Battle Trance","Pommel Strike","Brutality","Entrench","Flex"],"relics":["Burning Blood","Mango","Mercury Hourglass","Bird Faced Urn","The Courier","Black Star"],"potions_floor_usage":[7,16,20,20],"damage_taken":[{"damage":6,"enemies":"Cultist","floor":1,"turns":3},{"damage":5,"enemies":"2 Louse","floor":3,"turns":2},{"damage":15,"enemies":"Jaw Worm","floor":5,"turns":4},{"damage":25,"enemies":"3 Sentries","floor":7,"turns":13},{"damage":20,"enemies":"Gremlin Nob","floor":10,"turns":5},{"damage":0,"enemies":"Gremlin Gang","floor":11,"turns":3},{"damage":5,"enemies":"Blue Slaver","floor":12,"turns":4},{"damage":44,"enemies":"Slime Boss","floor":16,"turns":12},{"damage":33,"enemies":"Shell Parasite","floor":18,"turns":8},{"damage":16,"enemies":"Spheric Guardian","floor":19,"turns":5},{"damage":17,"enemies":"Colosseum Slavers","floor":20,"turns":4},{"damage":74,"enemies":"Colosseum Nobs","floor":20,"turns":4}],"seed_played":"-4897487875000360259","potions_obtained":[{"floor":1,"key":"EssenceOfSteel"},{"floor":11,"key":"Dexterity Potion"},{"floor":18,"key":"Fire Potion"}],"is_trial":false,"path_per_floor":["M","?","M","?","M","R","E","R","T","E","M","M","R","$","R","B",null,"M","M","?"],"character_chosen":"IRONCLAD","items_purchased":["Pommel Strike","Fire Potion"],"campfire_rested":1,"item_purchase_floors":[14,14],"current_hp_per_floor":[88,90,91,91,82,82,63,63,63,51,59,62,62,62,95,59,97,74,68,0],"gold":138,"neow_bonus":"TWENTY_PERCENT_HP_BONUS","is_prod":false,"is_daily":false,"chose_seed":false,"campfire_upgraded":3,"win_rate":0,"timestamp":1558193283,"path_taken":["M","?","M","?","M","R","E","R","T","E","M","M","R","?","R","BOSS","M","?","?"],"build_version":"2019-01-23","purchased_purges":1,"victory":false,"max_hp_per_floor":[96,110,110,110,110,110,110,110,110,110,110,110,110,110,110,110,110,110,110,110],"card_choices":[{"not_picked":["Warcry","Twin Strike"],"picked":"Cleave","floor":1},{"not_picked":["Warcry","Brutality"],"picked":"Clothesline","floor":3},{"not_picked":["Infernal Blade","Rupture"],"picked":"Power Through","floor":5},{"not_picked":["Dual Wield","Havoc"],"picked":"Metallicize","floor":7},{"not_picked":["Flex","Body Slam"],"picked":"Spot Weakness","floor":10},{"not_picked":["Warcry","Cleave"],"picked":"Shrug It Off","floor":11},{"not_picked":["Reckless Charge","Iron Wave"],"picked":"Battle Trance","floor":12},{"not_picked":["Feed","Exhume"],"picked":"Brutality","floor":16},{"not_picked":["Sword Boomerang","Clothesline"],"picked":"Entrench","floor":18},{"not_picked":["Evolve","Intimidate"],"picked":"Flex","floor":19}],"player_experience":640503,"relics_obtained":[{"floor":7,"key":"Mercury Hourglass"},{"floor":9,"key":"Bird Faced Urn"},{"floor":10,"key":"The Courier"}],"event_choices":[{"damage_healed":0,"gold_gain":0,"player_choice":"Success","damage_taken":12,"relics_obtained":["Mango"],"max_hp_gain":0,"max_hp_loss":0,"event_name":"Scrap Ooze","floor":2,"gold_loss":0},{"damage_healed":0,"gold_gain":0,"player_choice":"Leave","damage_taken":0,"max_hp_gain":0,"max_hp_loss":0,"event_name":"The Cleric","floor":4,"gold_loss":0},{"damage_healed":0,"gold_gain":0,"player_choice":"Fight","damage_taken":0,"max_hp_gain":0,"max_hp_loss":0,"event_name":"Colosseum","floor":20,"gold_loss":0},{"damage_healed":0,"gold_gain":0,"player_choice":"Fought Nobs","damage_taken":0,"max_hp_gain":0,"max_hp_loss":0,"event_name":"Colosseum","floor":20,"gold_loss":0}],"is_beta":false,"boss_relics":[{"not_picked":["Coffee Dripper","Tiny House"],"picked":"Black Star"}],"items_purged_floors":[14],"is_endless":false,"potions_floor_spawned":[1,11,18,20],"killed_by":"Colosseum Nobs","ascension_level":6}