{"gold_per_floor":[112,122,122,132,132,132,132,146,173,173,186,217,228,68,68,169,169,136,136,136,147,147],"floor_reached":22,"playtime":1066,"items_purged":[],"score":211,"play_id":"ee16ea8c-31e7-44b6-8e71-986837bbe466","local_time":"20190327194122","is_ascension_mode":false,"campfire_choices":[{"floor":6,"key":"RECALL"},{"data":"Pommel Strike","floor":10,"key":"SMITH"},{"data":"Metallicize","floor":15,"key":"SMITH"}],"neow_cost":"CURSE","seed_source_timestamp":32395214674153,"circlet_count":0,"master_deck":["Strike_R","Strike_R","Strike_R","Strike_R","Strike_R","Defend_R","Defend_R","Defend_R","Defend_R","Bash","Evolve+1","Sever Soul","Burning Pact","Pommel Strike+1","Metallicize+1","Uppercut","Power Through","Finesse","Warcry","Shrug It Off","Barricade","Perfected Strike","Shame","Ghostly","Ghostly","Ghostly","Ghostly","Ghostly","Second Wind"],"relics":["Burning Blood","Bag of Marbles","Bottled Tornado","Black Star","Dream Catcher"],"potions_floor_usage":[12,12,16,16,16,18,18,21],"damage_taken":[{"damage":1,"enemies":"Jaw Worm","floor":1,"turns":3},{"damage":5,"enemies":"Small Slimes","floor":2,"turns":3},{"damage":11,"enemies":"Cultist","floor":4,"turns":4},{"damage":9,"enemies":"Exordium Wildlife","floor":8,"turns":4},{"damage":8,"enemies":"Blue Slaver","floor":11,"turns":5},{"damage":11,"enemies":"Gremlin Nob","floor":12,"turns":4},{"damage":9,"enemies":"2 Fungi Beasts","floor":13,"turns":5},{"damage":24,"enemies":"The Guardian","floor":16,"turns":15},{"damage":39,"enemies":"2 Thieves","floor":18,"turns":5},{"damage":39,"enemies":"3 Byrds","floor":21,"turns":11},{"damage":15,"enemies":"Centurion and Healer","floor":22,"turns":5}],"seed_played":"3264858693995846183","potions_obtained":[{"floor":2,"key":"Weak Potion"},{"floor":4,"key":"Explosive Potion"},{"floor":8,"key":"EntropicBrew"},{"floor":12,"key":"Block Potion"},{"floor":18,"key":"Strength Potion"}],"is_trial":false,"path_per_floor":["M","M","?","M","?","R","?","M","T","R","M","E","M","$","R","B",null,"M","?","?","M","M"],"character_chosen":"IRONCLAD","items_purchased":["Finesse","Warcry","Shrug It Off"],"campfire_rested":0,"item_purchase_floors":[14,14,14],"current_hp_per_floor":[96,96,96,91,91,91,91,88,88,88,86,81,78,78,78,60,96,63,63,48,15,0],"gold":147,"neow_bonus":"TWENTY_PERCENT_HP_BONUS","is_prod":false,"is_daily":false,"chose_seed":false,"campfire_upgraded":2,"win_rate":0,"timestamp":1553679682,"path_taken":["M","M","?","M","?","R","?","?","T","R","M","E","M","$","R","BOSS","M","?","?","M","M"],"build_version":"2019-01-23","purchased_purges":0,"victory":false,"max_hp_per_floor":[96,96,96,96,96,96,96,96,96,96,96,96,96,96,96,96,96,96,96,48,48,48],"card_choices":[{"not_picked":["Seeing Red","Dual Wield"],"picked":"Evolve","floor":1},{"not_picked":["True Grit","Clash"],"picked":"Sever Soul","floor":2},{"not_picked":["Clothesline","Second Wind"],"picked":"Burning Pact","floor":4},{"not_picked":["Thunderclap","Shrug It Off"],"picked":"Pommel Strike","floor":8},{"not_picked":["Havoc","Sword Boomerang"],"picked":"Metallicize","floor":11},{"not_picked":["Bloodletting","Clash"],"picked":"Uppercut","floor":12},{"not_picked":["Fire Breathing","Iron Wave"],"picked":"Power Through","floor":13},{"not_picked":["Exhume","Offering"],"picked":"Barricade","floor":16},{"not_picked":["Flex+1","Clothesline"],"picked":"Perfected Strike","floor":18},{"not_picked":["Perfected Strike+1","Shrug It Off"],"picked":"Second Wind","floor":21}],"player_experience":206595,"relics_obtained":[{"floor":12,"key":"Bottled Tornado"}],"event_choices":[{"damage_healed":0,"gold_gain":0,"player_choice":"Box","damage_taken":0,"relics_obtained":["Bag of Marbles"],"max_hp_gain":0,"max_hp_loss":0,"event_name":"Big Fish","floor":3,"gold_loss":0,"cards_obtained":["Regret"]},{"damage_healed":0,"gold_gain":0,"player_choice":"Grow","damage_taken":0,"max_hp_gain":0,"max_hp_loss":0,"event_name":"Living Wall","floor":5,"gold_loss":0,"cards_upgraded":["Evolve"]},{"cards_removed":["Regret","Shame"],"damage_healed":0,"gold_gain":0,"player_choice":"Removed Curses","damage_taken":0,"max_hp_gain":0,"max_hp_loss":0,"event_name":"Fountain of Cleansing","floor":7,"gold_loss":0},{"damage_healed":0,"gold_gain":0,"player_choice":"Stole Relic","damage_taken":0,"relics_obtained":["Dream Catcher"],"max_hp_gain":0,"max_hp_loss":0,"event_name":"Addict","floor":19,"gold_loss":0,"cards_obtained":["Shame"]},{"damage_healed":0,"gold_gain":0,"player_choice":"Became a Ghost","damage_taken":0,"max_hp_gain":0,"max_hp_loss":48,"event_name":"Ghosts","floor":20,"gold_loss":0,"cards_obtained":["Ghostly","Ghostly","Ghostly","Ghostly","Ghostly"]}],"is_beta":false,"boss_relics":[{"not_picked":["Runic Cube","Empty Cage"],"picked":"Black Star"}],"items_purged_floors":[],"is_endless":false,"potions_floor_spawned":[2,4,8,12,18],"killed_by":"Centurion and Healer","ascension_level":0}