{"gold_per_floor":[14,114,39,52,63,63,76,76,99,74,92,92,92,109,109,109],"floor_reached":16,"playtime":514,"items_purged":["Strike_R"],"score":106,"play_id":"b14f9a2c-f826-49bd-bb65-1f1fdab6c3f7","local_time":"20190119180539","is_ascension_mode":true,"campfire_choices":[{"data":"Rupture","floor":6,"key":"SMITH"},{"data":"Pommel Strike","floor":8,"key":"SMITH"},{"data":"Heavy Blade","floor":12,"key":"SMITH"},{"data":"Flex","floor":15,"key":"SMITH"}],"neow_cost":"NO_GOLD","seed_source_timestamp":198293330454529,"circlet_count":0,"master_deck":["Strike_R","Strike_R","Strike_R","Strike_R","Defend_R","Defend_R","Defend_R","Defend_R","Bash","Dark Shackles","Secret Technique","Whirlwind","Rupture+1","Heavy Blade+1","Pommel Strike+1","Shrug It Off","Flex+1"],"relics":["Burning Blood","Juzu Bracelet"],"potions_floor_usage":[16],"damage_taken":[{"damage":5,"enemies":"Jaw Worm","floor":1,"turns":3},{"damage":8,"enemies":"Cultist","floor":4,"turns":6},{"damage":4,"enemies":"Small Slimes","floor":5,"turns":4},{"damage":1,"enemies":"Looter","floor":7,"turns":4},{"damage":19,"enemies":"Gremlin Gang","floor":11,"turns":4},{"damage":18,"enemies":"Lots of Slimes","floor":14,"turns":7},{"damage":56,"enemies":"Hexaghost","floor":16,"turns":10}],"seed_played":"-5863235328153739498","potions_obtained":[{"floor":1,"key":"SpeedPotion"},{"floor":11,"key":"PowerPotion"}],"is_trial":false,"path_per_floor":["M","?","$","M","M","R","M","R","T","$","M","R","$","M","R","B"],"character_chosen":"IRONCLAD","items_purchased":["Shrug It Off"],"campfire_rested":0,"item_purchase_floors":[10],"current_hp_per_floor":[80,80,80,78,80,80,80,80,80,80,67,67,67,55,55,0],"gold":109,"neow_bonus":"RANDOM_COLORLESS_2","is_prod":false,"is_daily":false,"chose_seed":false,"campfire_upgraded":4,"win_rate":0,"timestamp":1547939139,"path_taken":["M","?","$","?","?","R","M","R","T","$","M","R","?","M","R","BOSS"],"build_version":"2019-01-17v2","purchased_purges":1,"victory":false,"max_hp_per_floor":[80,80,80,80,80,80,80,80,80,80,80,80,80,80,80,80],"card_choices":[{"not_picked":["Sword Boomerang","Bloodletting"],"picked":"Whirlwind","floor":1},{"not_picked":["Warcry","Sever Soul"],"picked":"Rupture","floor":4},{"not_picked":["Fire Breathing","Flame Barrier"],"picked":"Heavy Blade","floor":5},{"not_picked":["Infernal Blade","Twin Strike"],"picked":"Pommel Strike","floor":7},{"not_picked":["Second Wind","Body Slam","Flex"],"picked":"SKIP","floor":11},{"not_picked":["Ghostly Armor","Entrench"],"picked":"Flex","floor":14}],"player_experience":92217,"relics_obtained":[{"floor":9,"key":"Juzu Bracelet"}],"event_choices":[{"damage_healed":0,"gold_gain":100,"player_choice":"Pray","damage_taken":0,"max_hp_gain":0,"max_hp_loss":0,"event_name":"Golden Shrine","floor":2,"gold_loss":0}],"is_beta":false,"boss_relics":[],"items_purged_floors":[3],"is_endless":false,"potions_floor_spawned":[1,11],"killed_by":"Hexaghost","ascension_level":3}