{"gold_per_floor":[114,129,145,145,158,158,191,208,234,261,261,261,274,336,336,407,407,418,428,123,123,142,176,176,176,232,232,53,73,73,73,73,73],"floor_reached":33,"playtime":1840,"items_purged":["Strike_R"],"score":481,"play_id":"773c8c43-7d00-40f2-9673-d81172e9eb1c","local_time":"20190716220115","is_ascension_mode":true,"campfire_choices":[{"data":"Bash","floor":6,"key":"SMITH"},{"data":"Uppercut","floor":12,"key":"SMITH"},{"floor":15,"key":"REST"},{"data":"Limit Break","floor":25,"key":"SMITH"},{"floor":27,"key":"REST"},{"data":"Apotheosis","floor":30,"key":"SMITH"},{"floor":32,"key":"REST"}],"neow_cost":"NONE","seed_source_timestamp":458105850716941,"circlet_count":0,"master_deck":["AscendersBane","Strike_R","Strike_R","Strike_R+1","Defend_R","Defend_R","Defend_R","Defend_R+1","Bash+1","Inflame","Ghostly Armor","Headbutt","Uppercut+1","Shrug It Off","Limit Break+1","Sword Boomerang","Shockwave","Inflame","Heavy Blade+1","Apotheosis+1"],"relics":["Burning Blood","Happy Flower","Omamori","Bronze Scales","Orichalcum","Sozu","Frozen Eye","Enchiridion","Charon\u0027s Ashes","Matryoshka","Tiny Chest","PreservedInsect","MutagenicStrength"],"potions_floor_usage":[7,8,33],"damage_taken":[{"damage":11,"enemies":"Jaw Worm","floor":1,"turns":4},{"damage":0,"enemies":"Small Slimes","floor":2,"turns":3},{"damage":9,"enemies":"2 Louse","floor":3,"turns":3},{"damage":5,"enemies":"Large Slime","floor":5,"turns":6},{"damage":22,"enemies":"Lagavulin","floor":7,"turns":7},{"damage":0,"enemies":"Exordium Wildlife","floor":8,"turns":3},{"damage":24,"enemies":"Gremlin Nob","floor":10,"turns":4},{"damage":14,"enemies":"3 Louse","floor":13,"turns":4},{"damage":14,"enemies":"3 Sentries","floor":14,"turns":8},{"damage":12,"enemies":"The Guardian","floor":16,"turns":9},{"damage":3,"enemies":"Shell Parasite","floor":18,"turns":4},{"damage":0,"enemies":"3 Byrds","floor":19,"turns":3},{"damage":15,"enemies":"Shelled Parasite and Fungi","floor":22,"turns":5},{"damage":15,"enemies":"Gremlin Leader","floor":23,"turns":6},{"damage":12,"enemies":"Snake Plant","floor":29,"turns":2},{"damage":73,"enemies":"Collector","floor":33,"turns":7}],"seed_played":"-568706738035964499","potions_obtained":[{"floor":2,"key":"Strength Potion"},{"floor":3,"key":"Explosive Potion"},{"floor":14,"key":"Weak Potion"},{"floor":16,"key":"SpeedPotion"}],"is_trial":false,"path_per_floor":["M","M","M","?","M","R","E","M","T","E","?","R","M","?","R","B",null,"M","M","$","?","M","E","?","R","T","R","$","M","R","?","R","B"],"character_chosen":"IRONCLAD","items_purchased":["Frozen Eye","Inflame","Apotheosis"],"campfire_rested":3,"item_purchase_floors":[20,20,28],"current_hp_per_floor":[63,69,66,43,44,44,28,34,34,16,34,34,26,18,40,34,65,68,74,74,53,44,35,35,35,35,57,57,51,51,51,73,0],"gold":73,"neow_bonus":"REMOVE_CARD","is_prod":false,"is_daily":false,"chose_seed":false,"campfire_upgraded":4,"win_rate":0,"timestamp":1563282075,"path_taken":["M","M","M","?","M","R","E","M","T","E","?","R","M","?","R","BOSS","M","M","$","?","M","E","?","R","T","R","?","M","R","?","R","BOSS"],"build_version":"2019-07-01","purchased_purges":1,"victory":false,"max_hp_per_floor":[75,75,75,75,75,75,75,75,75,75,75,75,75,75,75,75,75,75,75,75,75,75,75,75,75,75,75,75,75,75,75,75,75],"card_choices":[{"not_picked":["Clash","Power Through","Second Wind"],"picked":"SKIP","floor":1},{"not_picked":["True Grit","Perfected Strike"],"picked":"Inflame","floor":2},{"not_picked":["Dropkick","Flex"],"picked":"Ghostly Armor","floor":3},{"not_picked":["Rupture","Corruption"],"picked":"Headbutt","floor":5},{"not_picked":["Searing Blow","Sever Soul"],"picked":"Uppercut","floor":7},{"not_picked":["Armaments","Reckless Charge","Dual Wield"],"picked":"SKIP","floor":8},{"not_picked":["Second Wind","Dark Embrace","Clothesline"],"picked":"SKIP","floor":10},{"not_picked":["Cleave","Evolve","Second Wind"],"picked":"SKIP","floor":13},{"not_picked":["Anger","Hemokinesis"],"picked":"Shrug It Off","floor":14},{"not_picked":["Exhume","Double Tap"],"picked":"Limit Break","floor":16},{"not_picked":["Armaments","Bloodletting+1"],"picked":"Sword Boomerang","floor":18},{"not_picked":["Shrug It Off","Clothesline"],"picked":"Shockwave","floor":19},{"not_picked":["Bloodletting+1","Uppercut"],"picked":"Heavy Blade+1","floor":22},{"not_picked":["Havoc","Pummel","Body Slam"],"picked":"SKIP","floor":23},{"not_picked":["True Grit","Exhume","Spot Weakness"],"picked":"SKIP","floor":29}],"player_experience":1146230,"relics_obtained":[{"floor":7,"key":"Happy Flower"},{"floor":9,"key":"Omamori"},{"floor":10,"key":"Bronze Scales"},{"floor":14,"key":"Orichalcum"},{"floor":21,"key":"Enchiridion"},{"floor":23,"key":"Charon\u0027s Ashes"},{"floor":26,"key":"Tiny Chest"},{"floor":26,"key":"PreservedInsect"}],"event_choices":[{"damage_healed":0,"gold_gain":0,"player_choice":"Entered Light","damage_taken":23,"max_hp_gain":0,"max_hp_loss":0,"event_name":"Shining Light","floor":4,"gold_loss":0,"cards_upgraded":["Strike_R","Defend_R"]},{"damage_healed":18,"gold_gain":0,"player_choice":"Healed and dodged fight","damage_taken":0,"max_hp_gain":0,"max_hp_loss":0,"event_name":"Mushrooms","floor":11,"gold_loss":0,"cards_obtained":["Parasite"]},{"damage_healed":0,"gold_gain":30,"player_choice":"Searched \u00273\u0027 times","damage_taken":0,"max_hp_gain":0,"max_hp_loss":0,"event_name":"Dead Adventurer","floor":14,"gold_loss":0},{"damage_healed":0,"gold_gain":0,"player_choice":"Obtained Book","damage_taken":21,"max_hp_gain":0,"max_hp_loss":0,"event_name":"Cursed Tome","floor":21,"gold_loss":0},{"damage_healed":0,"gold_gain":0,"player_choice":"Opened","damage_taken":0,"relics_obtained":["Matryoshka"],"max_hp_gain":0,"max_hp_loss":0,"event_name":"The Mausoleum","floor":24,"gold_loss":0,"cards_obtained":["Writhe"]},{"damage_healed":0,"gold_gain":0,"player_choice":"Inject Mutagens","damage_taken":0,"relics_obtained":["MutagenicStrength"],"max_hp_gain":0,"max_hp_loss":0,"event_name":"Drug Dealer","floor":31,"gold_loss":0}],"is_beta":false,"boss_relics":[{"not_picked":["Mark of Pain","Runic Pyramid"],"picked":"Sozu"}],"items_purged_floors":[20],"is_endless":false,"potions_floor_spawned":[2,3,14,16,18,22,29],"killed_by":"Collector","ascension_level":15}