{"gold_per_floor":[118,118,118,40,40,40,70,70,70,70,90,123,138,138,138,233,233,249,260,260,185,20,20,20],"floor_reached":24,"playtime":614,"items_purged":[],"score":225,"play_id":"69d59c22-4079-4e0e-a188-bf469c0672fe","local_time":"20190329022448","is_ascension_mode":false,"campfire_choices":[{"data":"Perfected Strike","floor":6,"key":"SMITH"},{"data":"Perfected Strike","floor":8,"key":"SMITH"},{"floor":15,"key":"REST"},{"floor":23,"key":"RECALL"}],"neow_cost":"NONE","seed_source_timestamp":44735521476077,"circlet_count":0,"master_deck":["Strike_R","Strike_R","Strike_R","Strike_R","Defend_R","Defend_R","Defend_R+1","Defend_R","Bash","Twin Strike","Perfected Strike+1","Flex","Perfected Strike+1","Immolate","Pommel Strike","Cleave","Twin Strike","Iron Wave","Exhume","Wild Strike","Wild Strike","RitualDagger","Rampage","Panacea"],"relics":["Black Blood","NeowsBlessing","Bag of Preparation","Dream Catcher","Blue Candle","Letter Opener"],"potions_floor_usage":[16,18],"damage_taken":[{"damage":0,"enemies":"Small Slimes","floor":1,"turns":1},{"damage":5,"enemies":"3 Sentries","floor":7,"turns":2},{"damage":0,"enemies":"Jaw Worm","floor":11,"turns":1},{"damage":33,"enemies":"Lagavulin","floor":12,"turns":4},{"damage":5,"enemies":"2 Louse","floor":13,"turns":2},{"damage":53,"enemies":"Hexaghost","floor":16,"turns":9},{"damage":19,"enemies":"3 Byrds","floor":18,"turns":5},{"damage":38,"enemies":"Chosen","floor":19,"turns":6},{"damage":39,"enemies":"Shelled Parasite and Fungi","floor":24,"turns":5}],"seed_played":"4049497681886797542","potions_obtained":[{"floor":1,"key":"Regen Potion"},{"floor":16,"key":"SteroidPotion"}],"is_trial":false,"path_per_floor":["M","?","?","$","?","R","E","R","T","?","M","E","M","T","R","B",null,"M","M","?","?","$","R","M"],"character_chosen":"IRONCLAD","items_purchased":["Perfected Strike","Flex","Rampage","Panacea"],"campfire_rested":1,"item_purchase_floors":[4,4,22,22],"current_hp_per_floor":[80,64,64,64,64,64,65,65,65,65,71,44,45,45,69,36,80,71,43,37,37,37,37,0],"gold":20,"neow_bonus":"THREE_ENEMY_KILL","is_prod":false,"is_daily":false,"chose_seed":false,"campfire_upgraded":2,"win_rate":0,"timestamp":1553790288,"path_taken":["M","?","?","$","?","R","E","R","T","?","?","E","M","?","R","BOSS","M","?","?","?","$","R","M"],"build_version":"2019-01-23","purchased_purges":0,"victory":false,"max_hp_per_floor":[80,80,80,80,80,80,80,80,80,80,80,80,80,80,80,80,80,80,80,80,80,80,80,80],"card_choices":[{"not_picked":["Clash","Blood for Blood"],"picked":"Twin Strike","floor":1},{"not_picked":["Warcry","Sword Boomerang"],"picked":"Perfected Strike","floor":7},{"not_picked":["Body Slam","Sever Soul"],"picked":"Pommel Strike","floor":11},{"not_picked":["Warcry","Havoc"],"picked":"Cleave","floor":12},{"not_picked":["Thunderclap","Rupture"],"picked":"Twin Strike","floor":13},{"not_picked":["Thunderclap","Warcry"],"picked":"Iron Wave","floor":15},{"not_picked":["Feed","Bludgeon"],"picked":"Exhume","floor":16},{"not_picked":["True Grit","Flex+1"],"picked":"Wild Strike","floor":18},{"not_picked":["Heavy Blade","Perfected Strike"],"picked":"Wild Strike","floor":19}],"player_experience":269032,"relics_obtained":[{"floor":7,"key":"Dream Catcher"},{"floor":12,"key":"Blue Candle"},{"floor":14,"key":"Letter Opener"}],"event_choices":[{"damage_healed":0,"gold_gain":0,"player_choice":"Entered Light","damage_taken":16,"max_hp_gain":0,"max_hp_loss":0,"event_name":"Shining Light","floor":2,"gold_loss":0,"cards_upgraded":["Strike_R","Defend_R"]},{"damage_healed":0,"gold_gain":0,"player_choice":"Ignored","damage_taken":0,"max_hp_gain":0,"max_hp_loss":0,"event_name":"Golden Wing","floor":3,"gold_loss":0},{"damage_healed":0,"gold_gain":0,"player_choice":"Box","damage_taken":0,"relics_obtained":["Bag of Preparation"],"max_hp_gain":0,"max_hp_loss":0,"event_name":"Big Fish","floor":5,"gold_loss":0,"cards_obtained":["Regret"]},{"damage_healed":0,"gold_gain":0,"cards_transformed":["Strike_R"],"player_choice":"Transformed","damage_taken":0,"max_hp_gain":0,"max_hp_loss":0,"event_name":"Transmorgrifier","floor":10,"gold_loss":0,"cards_obtained":["Immolate"]},{"damage_healed":0,"gold_gain":0,"player_choice":"Joined the Cult","damage_taken":6,"max_hp_gain":0,"max_hp_loss":0,"event_name":"Nest","floor":20,"gold_loss":0,"cards_obtained":["RitualDagger"]},{"cards_removed":["Regret"],"damage_healed":0,"gold_gain":0,"player_choice":"Gave Gold","damage_taken":0,"max_hp_gain":0,"max_hp_loss":0,"event_name":"Beggar","floor":21,"gold_loss":75}],"is_beta":false,"boss_relics":[{"not_picked":["Black Star","White Beast Statue"],"picked":"Black Blood"}],"items_purged_floors":[],"is_endless":false,"potions_floor_spawned":[1,16],"killed_by":"Shelled Parasite and Fungi","ascension_level":0}