{"gold_per_floor":[119,119,134,95,109,140,156,166,166,178,194,210,227,227,227,328,328,339,61,71,86,86],"floor_reached":22,"playtime":3197,"items_purged":[],"score":194,"play_id":"47610e1a-ce86-4dbb-a1ce-a4baa61e7275","local_time":"20190708115605","is_ascension_mode":false,"campfire_choices":[{"data":"Metallicize","floor":15,"key":"SMITH"}],"neow_cost":"","seed_source_timestamp":2401187607970,"circlet_count":0,"master_deck":["Strike_R","Strike_R","Strike_R","Defend_R","Defend_R","Defend_R","Defend_R","Bash","Metallicize+1","Pommel Strike","Metallicize+1","Rampage","Battle Trance","Pummel","Anger","Fiend Fire","Warcry","Rage","Sever Soul","Barricade","Disarm+1","Armaments+1","Infernal Blade+1","Enlightenment+1","Rampage","Inflame","Headbutt+1"],"relics":["Burning Blood","Vajra","Bottled Tornado","Toxic Egg 2","Empty Cage"],"potions_floor_usage":[10,16,16,16,22],"damage_taken":[{"damage":5,"enemies":"Cultist","floor":1,"turns":4},{"damage":12,"enemies":"2 Louse","floor":3,"turns":3},{"damage":1,"enemies":"Jaw Worm","floor":5,"turns":5},{"damage":17,"enemies":"Gremlin Nob","floor":6,"turns":5},{"damage":5,"enemies":"Looter","floor":7,"turns":4},{"damage":8,"enemies":"Exordium Thugs","floor":8,"turns":4},{"damage":1,"enemies":"Exordium Wildlife","floor":10,"turns":3},{"damage":4,"enemies":"Large Slime","floor":11,"turns":6},{"damage":4,"enemies":"Lots of Slimes","floor":12,"turns":5},{"damage":0,"enemies":"3 Louse","floor":13,"turns":4},{"damage":21,"enemies":"The Guardian","floor":16,"turns":10},{"damage":10,"enemies":"Chosen","floor":18,"turns":6},{"damage":23,"enemies":"2 Thieves","floor":20,"turns":5},{"damage":16,"enemies":"Centurion and Healer","floor":21,"turns":7},{"damage":69,"enemies":"3 Cultists","floor":22,"turns":7}],"seed_played":"7638110369666303921","potions_obtained":[{"floor":3,"key":"Fire Potion"},{"floor":6,"key":"Poison Potion"},{"floor":8,"key":"PowerPotion"},{"floor":11,"key":"Dexterity Potion"},{"floor":16,"key":"BloodPotion"},{"floor":18,"key":"Block Potion"},{"floor":21,"key":"SteroidPotion"}],"is_trial":false,"path_per_floor":["M","?","M","$","M","E","M","M","T","M","M","M","M","T","R","B",null,"M","$","M","M","M"],"character_chosen":"IRONCLAD","items_purchased":["Metallicize","Armaments+1","Infernal Blade+1","Enlightenment+1","Rampage"],"campfire_rested":0,"item_purchase_floors":[4,19,19,19,19],"current_hp_per_floor":[80,80,74,74,79,68,69,67,67,72,74,76,80,80,80,65,80,76,76,59,49,0],"gold":86,"neow_bonus":"","is_prod":false,"is_daily":false,"chose_seed":false,"campfire_upgraded":1,"win_rate":0.0,"timestamp":1562579765,"path_taken":["M","?","M","?","M","E","M","M","T","M","M","M","?","?","R","BOSS","M","$","M","M","M"],"build_version":"2019-07-05","purchased_purges":0,"victory":false,"max_hp_per_floor":[80,80,80,80,80,80,80,80,80,80,80,80,80,80,80,80,80,80,80,80,80,80],"card_choices":[{"not_picked":["Cleave","Headbutt"],"picked":"Metallicize","floor":1},{"not_picked":["Headbutt","Power Through"],"picked":"Pommel Strike","floor":3},{"not_picked":["Perfected Strike","Uppercut"],"picked":"Rampage","floor":5},{"not_picked":["Armaments","Perfected Strike"],"picked":"Battle Trance","floor":6},{"not_picked":["Headbutt","Dual Wield"],"picked":"Pummel","floor":7},{"not_picked":["Flex","Clash"],"picked":"Anger","floor":8},{"not_picked":["Pommel Strike","Second Wind"],"picked":"Fiend Fire","floor":10},{"not_picked":["Twin Strike","Whirlwind"],"picked":"Warcry","floor":11},{"not_picked":["Warcry","Flex"],"picked":"Rage","floor":12},{"not_picked":["Anger","Warcry"],"picked":"Sever Soul","floor":13},{"not_picked":["Offering+1","Brutality"],"picked":"Barricade","floor":16},{"not_picked":["Sever Soul","Second Wind+1"],"picked":"Disarm+1","floor":18},{"not_picked":["Clothesline","Flex+1"],"picked":"Inflame","floor":20},{"not_picked":["Twin Strike","Cleave"],"picked":"Headbutt+1","floor":21}],"player_experience":0,"relics_obtained":[{"floor":6,"key":"Vajra"},{"floor":9,"key":"Bottled Tornado"},{"floor":14,"key":"Toxic Egg 2"}],"event_choices":[{"damage_healed":0,"gold_gain":0,"player_choice":"Forge","damage_taken":0,"max_hp_gain":0,"max_hp_loss":0,"event_name":"Accursed Blacksmith","floor":2,"gold_loss":0,"cards_upgraded":["Metallicize"]}],"is_beta":false,"boss_relics":[{"not_picked":["Runic Pyramid","Calling Bell"],"picked":"Empty Cage"}],"items_purged_floors":[],"is_endless":false,"potions_floor_spawned":[3,6,8,11,12,16,18,21],"killed_by":"3 Cultists","ascension_level":0}