{"gold_per_floor":[119,97,107,117,117,142,142,207,234,249,249,249,249,13,13,90,90,101,61,77,77],"floor_reached":21,"playtime":796,"items_purged":[],"score":309,"play_id":"54fd013a-029c-4e6c-8077-f40de4e506ef","local_time":"20190705001835","is_ascension_mode":true,"campfire_choices":[{"data":"Berserk","floor":7,"key":"SMITH"},{"floor":11,"key":"REST"},{"data":"Inflame","floor":13,"key":"SMITH"},{"floor":15,"key":"REST"}],"neow_cost":"CURSE","seed_source_timestamp":12875892935468,"circlet_count":0,"master_deck":["AscendersBane","Strike_R","Strike_R","Strike_R","Strike_R","Strike_R+1","Defend_R","Defend_R","Defend_R","Defend_R","Bash","Berserk+1","Battle Trance+1","Clothesline","Inflame+1","Shrug It Off","Dual Wield","Headbutt","Disarm","Pommel Strike+1","Immolate","Wild Strike"],"relics":["Burning Blood","PreservedInsect","Tiny Chest","Strawberry","Pen Nib","Eternal Feather"],"potions_floor_usage":[6,20],"damage_taken":[{"damage":15,"enemies":"2 Louse","floor":1,"turns":3},{"damage":7,"enemies":"Small Slimes","floor":3,"turns":3},{"damage":1,"enemies":"Cultist","floor":4,"turns":3},{"damage":41,"enemies":"Lagavulin","floor":6,"turns":6},{"damage":15,"enemies":"Gremlin Nob","floor":8,"turns":3},{"damage":28,"enemies":"Exordium Wildlife","floor":10,"turns":5},{"damage":35,"enemies":"Hexaghost","floor":16,"turns":10},{"damage":17,"enemies":"Shell Parasite","floor":18,"turns":6},{"damage":29,"enemies":"2 Thieves","floor":20,"turns":4},{"damage":43,"enemies":"Snake Plant","floor":21,"turns":2}],"seed_played":"5806113085326107120","potions_obtained":[{"floor":1,"key":"LiquidBronze"},{"floor":4,"key":"BloodPotion"},{"floor":6,"key":"Strength Potion"}],"is_trial":false,"path_per_floor":["M","?","M","M","?","E","R","E","T","M","R","?","R","$","R","B",null,"M","?","M","M"],"character_chosen":"IRONCLAD","items_purchased":["Pen Nib","Disarm","Pommel Strike"],"campfire_rested":2,"item_purchase_floors":[14,14,14],"current_hp_per_floor":[63,63,62,67,51,36,36,27,34,12,38,38,38,38,64,35,74,63,63,40,0],"gold":77,"neow_bonus":"THREE_RARE_CARDS","is_prod":false,"is_daily":false,"chose_seed":false,"campfire_upgraded":2,"win_rate":0,"timestamp":1562249915,"path_taken":["M","?","M","M","?","E","R","E","T","M","R","?","R","$","R","BOSS","M","?","M","?"],"build_version":"2019-07-01","purchased_purges":0,"victory":false,"max_hp_per_floor":[80,80,80,80,80,80,80,80,87,87,87,87,87,87,87,87,87,87,87,87,87],"card_choices":[{"not_picked":["Fiend Fire","Bludgeon"],"picked":"Berserk","floor":0},{"not_picked":["Perfected Strike","Ghostly Armor"],"picked":"Battle Trance","floor":1},{"not_picked":["Headbutt","Wild Strike"],"picked":"Clothesline","floor":3},{"not_picked":["Perfected Strike","Shrug It Off"],"picked":"Inflame","floor":4},{"not_picked":["Headbutt","Second Wind"],"picked":"Shrug It Off","floor":6},{"not_picked":["Burning Pact","Barricade"],"picked":"Dual Wield","floor":8},{"not_picked":["Flex","Warcry"],"picked":"Headbutt","floor":10},{"not_picked":["Limit Break","Barricade"],"picked":"Immolate","floor":16},{"not_picked":["Bloodletting","Pommel Strike","Shrug It Off"],"picked":"SKIP","floor":18},{"not_picked":["Thunderclap","True Grit"],"picked":"Wild Strike","floor":20}],"player_experience":922276,"relics_obtained":[{"floor":6,"key":"PreservedInsect"},{"floor":8,"key":"Tiny Chest"},{"floor":9,"key":"Strawberry"}],"event_choices":[{"damage_healed":0,"gold_gain":0,"player_choice":"Left Gold","damage_taken":0,"max_hp_gain":0,"max_hp_loss":0,"event_name":"World of Goop","floor":2,"gold_loss":22},{"damage_healed":0,"gold_gain":0,"player_choice":"Entered Light","damage_taken":16,"max_hp_gain":0,"max_hp_loss":0,"event_name":"Shining Light","floor":5,"gold_loss":0,"cards_upgraded":["Battle Trance","Strike_R"]},{"cards_removed":["Clumsy"],"damage_healed":0,"gold_gain":0,"player_choice":"Forget","damage_taken":0,"max_hp_gain":0,"max_hp_loss":0,"event_name":"Living Wall","floor":12,"gold_loss":0},{"damage_healed":0,"gold_gain":0,"player_choice":"Upgrade","damage_taken":0,"max_hp_gain":0,"max_hp_loss":0,"event_name":"Designer","floor":19,"gold_loss":40,"cards_upgraded":["Pommel Strike"]}],"is_beta":false,"boss_relics":[{"not_picked":["Black Star","Velvet Choker"],"picked":"Eternal Feather"}],"items_purged_floors":[],"is_endless":false,"potions_floor_spawned":[1,4,6,16],"killed_by":"Snake Plant","ascension_level":13}