{"gold_per_floor":[111,131,151,151,165,165,182,202,227,227,260,260,275,288,288,362,362,378],"floor_reached":18,"playtime":1152,"items_purged":[],"score":294,"play_id":"43bbfcfb-82f0-4d76-b9c4-ebcd8a6d2196","local_time":"20190704180305","is_ascension_mode":true,"campfire_choices":[{"data":"Shockwave","floor":6,"key":"SMITH"},{"data":"Cleave","floor":10,"key":"SMITH"},{"data":"Metallicize","floor":12,"key":"SMITH"},{"data":"Dark Embrace","floor":15,"key":"SMITH"}],"neow_cost":"NONE","seed_source_timestamp":1745708282185393,"circlet_count":0,"master_deck":["AscendersBane","Strike_R","Strike_R","Strike_R","Strike_R","Strike_R","Defend_R","Defend_R","Defend_R","Defend_R","Bash","Purity","Cleave+1","Ghostly Armor","Warcry","Shockwave+1","Headbutt","Shrug It Off","Metallicize+1","Pommel Strike","Dark Embrace+1","Immolate"],"relics":["Burning Blood","Bag of Marbles","Ancient Tea Set","Velvet Choker"],"potions_floor_usage":[5,7,11,16,16,18],"damage_taken":[{"damage":2,"enemies":"Jaw Worm","floor":1,"turns":3},{"damage":1,"enemies":"Cultist","floor":2,"turns":4},{"damage":7,"enemies":"Small Slimes","floor":3,"turns":4},{"damage":0,"enemies":"3 Louse","floor":5,"turns":2},{"damage":4,"enemies":"Blue Slaver","floor":7,"turns":2},{"damage":0,"enemies":"2 Fungi Beasts","floor":8,"turns":4},{"damage":14,"enemies":"3 Sentries","floor":11,"turns":6},{"damage":6,"enemies":"Red Slaver","floor":13,"turns":4},{"damage":4,"enemies":"Looter","floor":14,"turns":3},{"damage":43,"enemies":"Slime Boss","floor":16,"turns":10},{"damage":13,"enemies":"3 Byrds","floor":18,"turns":4}],"seed_played":"4618231039911494326","potions_obtained":[{"floor":1,"key":"SkillPotion"},{"floor":4,"key":"FearPotion"},{"floor":5,"key":"SkillPotion"},{"floor":11,"key":"Poison Potion"},{"floor":13,"key":"Poison Potion"},{"floor":16,"key":"Weak Potion"}],"is_trial":false,"path_per_floor":["M","M","M","?","M","R","M","M","T","R","E","R","M","M","R","B",null,"M"],"character_chosen":"IRONCLAD","items_purchased":[],"campfire_rested":0,"item_purchase_floors":[],"current_hp_per_floor":[72,75,74,74,75,75,75,75,75,75,67,67,67,69,69,32,64,57],"gold":378,"neow_bonus":"RANDOM_COLORLESS","is_prod":false,"is_daily":false,"chose_seed":false,"campfire_upgraded":4,"win_rate":0,"timestamp":1562230985,"path_taken":["M","M","M","?","M","R","M","M","T","R","E","R","M","M","R","BOSS","M"],"build_version":"2019-07-01","purchased_purges":0,"victory":false,"max_hp_per_floor":[75,75,75,75,75,75,75,75,75,75,75,75,75,75,75,75,75,75],"card_choices":[{"not_picked":["Thunderclap","Warcry"],"picked":"Cleave","floor":1},{"not_picked":["Perfected Strike","Sword Boomerang"],"picked":"Ghostly Armor","floor":2},{"not_picked":["Sentinel","Dropkick"],"picked":"Warcry","floor":3},{"not_picked":["Headbutt","Brutality"],"picked":"Shockwave","floor":5},{"not_picked":["Sever Soul","Twin Strike"],"picked":"Headbutt","floor":7},{"not_picked":["Clothesline","Perfected Strike"],"picked":"Shrug It Off","floor":8},{"not_picked":["Pommel Strike","Twin Strike"],"picked":"Metallicize","floor":11},{"not_picked":["Seeing Red","Cleave"],"picked":"Pommel Strike","floor":13},{"not_picked":["Rupture","Evolve"],"picked":"Dark Embrace","floor":14},{"not_picked":["Bludgeon","Exhume"],"picked":"Immolate","floor":16}],"player_experience":1074479,"relics_obtained":[{"floor":9,"key":"Bag of Marbles"},{"floor":11,"key":"Ancient Tea Set"}],"event_choices":[{"damage_healed":0,"gold_gain":0,"player_choice":"Got Potions","damage_taken":0,"max_hp_gain":0,"max_hp_loss":0,"event_name":"Lab","floor":4,"gold_loss":0}],"is_beta":false,"boss_relics":[{"not_picked":["Busted Crown","Ectoplasm"],"picked":"Velvet Choker"}],"items_purged_floors":[],"is_endless":false,"potions_floor_spawned":[1,5,11,13,16],"killed_by":"3 Byrds","ascension_level":15}