{"gold_per_floor":[116,116,1,1,15,15,75,101,125,144,0,0,19,29,29,124,124,134,134,37,136,146,160,189,189],"floor_reached":25,"playtime":2135,"items_purged":["Regret"],"score":221,"play_id":"c05b6a13-41dc-430f-9772-ab8a5666084b","local_time":"20190322050959","is_ascension_mode":false,"campfire_choices":[{"data":"Pommel Strike","floor":6,"key":"SMITH"},{"data":"Body Slam","floor":15,"key":"SMITH"}],"neow_cost":"NONE","seed_source_timestamp":47715335472440,"circlet_count":0,"master_deck":["Strike_R","Strike_R","Strike_R","Defend_R","Defend_R","Defend_R","Defend_R","Bash","Pommel Strike+1","Metallicize","Limit Break","Twin Strike","Rage","Entrench","Fire Breathing","Inflame","Shrug It Off","Body Slam+1","Iron Wave","Bloodletting","Sword Boomerang","Barricade","Infernal Blade","Anger","Shrug It Off","Blood for Blood+1","Flame Barrier","Rupture"],"relics":["Burning Blood","NeowsBlessing","Peace Pipe","Blood Vial","Ginger","PreservedInsect","Runic Cube","Paper Frog"],"potions_floor_usage":[8,14,14,16,24,25],"damage_taken":[{"damage":0,"enemies":"2 Louse","floor":1,"turns":1},{"damage":0,"enemies":"Cultist","floor":5,"turns":1},{"damage":0,"enemies":"Gremlin Nob","floor":7,"turns":1},{"damage":28,"enemies":"3 Sentries","floor":8,"turns":10},{"damage":1,"enemies":"Jaw Worm","floor":10,"turns":3},{"damage":2,"enemies":"2 Fungi Beasts","floor":13,"turns":4},{"damage":12,"enemies":"Exordium Thugs","floor":14,"turns":4},{"damage":45,"enemies":"Slime Boss","floor":16,"turns":10},{"damage":25,"enemies":"Spheric Guardian","floor":18,"turns":5},{"damage":15,"enemies":"Shell Parasite","floor":22,"turns":9},{"damage":34,"enemies":"Snake Plant","floor":23,"turns":4},{"damage":17,"enemies":"Gremlin Leader","floor":24,"turns":8},{"damage":23,"enemies":"Centurion and Healer","floor":25,"turns":5}],"seed_played":"-8170084490465706423","potions_obtained":[{"floor":7,"key":"LiquidBronze"},{"floor":8,"key":"Fire Potion"},{"floor":13,"key":"FearPotion"},{"floor":14,"key":"LiquidBronze"},{"floor":23,"key":"GamblersBrew"},{"floor":24,"key":"LiquidBronze"}],"is_trial":false,"path_per_floor":["M","?","$","?","M","R","?","E","T","M","$","?","M","M","R","B",null,"M","?","$","?","M","M","E","M"],"character_chosen":"IRONCLAD","items_purchased":["Metallicize","Inflame","Shrug It Off","Body Slam","Anger","Shrug It Off"],"campfire_rested":0,"item_purchase_floors":[3,11,11,11,20,20],"current_hp_per_floor":[80,80,80,80,80,80,80,58,58,65,65,65,71,67,67,30,80,61,61,61,61,54,28,19,0],"gold":189,"neow_bonus":"THREE_ENEMY_KILL","is_prod":false,"is_daily":false,"chose_seed":false,"campfire_upgraded":2,"win_rate":0.0,"timestamp":1553195399,"path_taken":["M","?","$","?","?","R","?","E","T","M","$","?","?","M","R","BOSS","M","?","$","?","M","M","E","?"],"build_version":"2019-01-23","purchased_purges":1,"victory":false,"max_hp_per_floor":[80,80,80,80,80,80,80,80,80,80,80,80,80,80,80,80,80,80,80,80,80,80,80,80,80],"card_choices":[{"not_picked":["Clash","Intimidate"],"picked":"Pommel Strike","floor":1},{"not_picked":["Searing Blow","True Grit"],"picked":"Twin Strike","floor":5},{"not_picked":["Searing Blow","True Grit"],"picked":"Rage","floor":7},{"not_picked":["Corruption","Searing Blow"],"picked":"Entrench","floor":8},{"not_picked":["Heavy Blade","Clothesline"],"picked":"Fire Breathing","floor":10},{"not_picked":["Body Slam","Battle Trance"],"picked":"Bloodletting","floor":13},{"not_picked":["Armaments","Searing Blow"],"picked":"Sword Boomerang","floor":14},{"not_picked":["Double Tap","Demon Form"],"picked":"Barricade","floor":16},{"not_picked":["Twin Strike","Perfected Strike"],"picked":"Infernal Blade","floor":18},{"not_picked":["Combust+1","Iron Wave"],"picked":"Blood for Blood+1","floor":22},{"not_picked":["Clash","Uppercut"],"picked":"Flame Barrier","floor":23},{"not_picked":["Clothesline","Armaments"],"picked":"Rupture","floor":24}],"player_experience":7287,"relics_obtained":[{"floor":7,"key":"Blood Vial"},{"floor":8,"key":"Ginger"},{"floor":9,"key":"PreservedInsect"},{"floor":24,"key":"Paper Frog"}],"event_choices":[{"damage_healed":0,"gold_gain":0,"player_choice":"Box","damage_taken":0,"relics_obtained":["Peace Pipe"],"max_hp_gain":0,"max_hp_loss":0,"event_name":"Big Fish","floor":2,"gold_loss":0,"cards_obtained":["Regret"]},{"damage_healed":0,"gold_gain":0,"cards_transformed":["Strike_R"],"player_choice":"Transformed","damage_taken":0,"max_hp_gain":0,"max_hp_loss":0,"event_name":"Transmorgrifier","floor":4,"gold_loss":0,"cards_obtained":["Limit Break"]},{"damage_healed":0,"gold_gain":30,"player_choice":"Searched \u00272\u0027 times","damage_taken":0,"max_hp_gain":0,"max_hp_loss":0,"event_name":"Dead Adventurer","floor":7,"gold_loss":0},{"cards_removed":["Strike_R"],"damage_healed":0,"gold_gain":0,"player_choice":"Took Card","damage_taken":0,"max_hp_gain":0,"max_hp_loss":0,"event_name":"NoteForYourself","floor":12,"gold_loss":0,"cards_obtained":["Iron Wave"]},{"damage_healed":0,"gold_gain":0,"player_choice":"Ignored","damage_taken":0,"max_hp_gain":0,"max_hp_loss":0,"event_name":"Ghosts","floor":19,"gold_loss":0},{"damage_healed":0,"gold_gain":99,"player_choice":"Stole From Cult","damage_taken":0,"max_hp_gain":0,"max_hp_loss":0,"event_name":"Nest","floor":21,"gold_loss":0}],"is_beta":false,"boss_relics":[{"not_picked":["Empty Cage","Busted Crown"],"picked":"Runic Cube"}],"items_purged_floors":[3],"is_endless":false,"potions_floor_spawned":[7,8,13,14,23,24],"killed_by":"Centurion and Healer","ascension_level":0}