{"gold_per_floor":[115,190,190,190,210,210,242,242,291,291,308,233,243,258,258,362,362,374,13,13,29,29,40,40,40,40,54,89,100,100,113,113,113],"floor_reached":33,"playtime":1025,"items_purged":["Defend_R","Body Slam"],"score":336,"play_id":"0f4107c9-54f8-4861-8cea-e310a10abf88","local_time":"20190117182723","is_ascension_mode":true,"campfire_choices":[{"floor":6,"key":"REST"},{"data":"Defend_R","floor":8,"key":"SMITH"},{"data":"Strike_R","floor":15,"key":"SMITH"},{"data":"Anger","floor":25,"key":"SMITH"},{"floor":32,"key":"REST"}],"neow_cost":"NONE","seed_source_timestamp":26277330655574,"circlet_count":0,"master_deck":["Bash+1","Infernal Blade","Berserk","Seeing Red","Battle Trance","Rage","True Grit","Anger+1","Dropkick"],"relics":["Burning Blood","NeowsBlessing","Self Forming Clay","Juzu Bracelet","Gremlin Horn","Pandora\u0027s Box","Paper Frog","Singing Bowl","Anchor","MutagenicStrength"],"potions_floor_usage":[18,18,23,27,33],"damage_taken":[{"damage":0,"enemies":"2 Louse","floor":1,"turns":1},{"damage":0,"enemies":"Jaw Worm","floor":5,"turns":1},{"damage":0,"enemies":"Lagavulin","floor":7,"turns":1},{"damage":4,"enemies":"Small Slimes","floor":11,"turns":3},{"damage":0,"enemies":"3 Louse","floor":13,"turns":4},{"damage":7,"enemies":"2 Fungi Beasts","floor":14,"turns":3},{"damage":58,"enemies":"The Guardian","floor":16,"turns":12},{"damage":35,"enemies":"3 Byrds","floor":18,"turns":7},{"damage":9,"enemies":"Chosen","floor":21,"turns":4},{"damage":16,"enemies":"Centurion and Healer","floor":23,"turns":4},{"damage":0,"enemies":"3 Cultists","floor":27,"turns":3},{"damage":34,"enemies":"Gremlin Leader","floor":28,"turns":4},{"damage":17,"enemies":"Snake Plant","floor":29,"turns":3},{"damage":0,"enemies":"Cultist and Chosen","floor":31,"turns":4},{"damage":73,"enemies":"Automaton","floor":33,"turns":6}],"seed_played":"3859610495132673866","potions_obtained":[{"floor":7,"key":"GamblersBrew"},{"floor":11,"key":"Swift Potion"},{"floor":14,"key":"BloodPotion"},{"floor":23,"key":"BloodPotion"},{"floor":27,"key":"Ancient Potion"},{"floor":28,"key":"Dexterity Potion"},{"floor":31,"key":"Fire Potion"}],"is_trial":false,"path_per_floor":["M","?","?","?","M","R","E","R","T","?","M","$","M","M","R","B",null,"M","$","?","M","?","M","$","R","T","M","E","M","?","M","R","B"],"character_chosen":"IRONCLAD","items_purchased":["Paper Frog"],"campfire_rested":2,"item_purchase_floors":[19],"current_hp_per_floor":[80,69,69,53,59,80,80,80,80,73,75,75,80,79,79,27,80,51,51,36,33,33,31,31,31,31,47,19,10,10,18,45,0],"gold":113,"neow_bonus":"THREE_ENEMY_KILL","is_prod":false,"is_daily":false,"chose_seed":false,"campfire_upgraded":3,"win_rate":0,"timestamp":1547767643,"path_taken":["M","?","?","?","M","R","E","R","T","?","M","$","M","M","R","BOSS","M","$","?","M","?","M","$","R","T","M","E","M","?","M","R","BOSS"],"build_version":"2019-01-10","purchased_purges":2,"victory":false,"max_hp_per_floor":[80,80,80,80,80,80,80,80,80,80,80,80,80,80,80,80,80,80,80,85,85,85,85,85,85,85,87,87,89,89,91,91,91],"card_choices":[{"not_picked":["Havoc","Combust","Disarm"],"picked":"SKIP","floor":1},{"not_picked":["Metallicize","Iron Wave","Armaments"],"picked":"SKIP","floor":5},{"not_picked":["Flex","Combust","Iron Wave"],"picked":"SKIP","floor":7},{"not_picked":["Armaments","Thunderclap","Headbutt"],"picked":"SKIP","floor":11},{"not_picked":["Evolve","Sword Boomerang","Armaments"],"picked":"SKIP","floor":13},{"not_picked":["Clothesline","Hemokinesis","Shockwave"],"picked":"SKIP","floor":14},{"not_picked":["Headbutt","Heavy Blade"],"picked":"Anger","floor":18},{"not_picked":["Warcry","Clash+1","Pommel Strike"],"picked":"SKIP","floor":21},{"not_picked":["Infernal Blade","Sword Boomerang","Whirlwind"],"picked":"SKIP","floor":23},{"not_picked":["Sword Boomerang","Rage","Uppercut+1"],"picked":"Singing Bowl","floor":27},{"not_picked":["Havoc","Twin Strike+1"],"picked":"Dropkick","floor":28},{"not_picked":["Anger","Cleave","Dark Embrace"],"picked":"Singing Bowl","floor":29},{"not_picked":["Havoc+1","Perfected Strike+1","Sever Soul"],"picked":"Singing Bowl","floor":31}],"player_experience":87063,"relics_obtained":[{"floor":7,"key":"Self Forming Clay"},{"floor":9,"key":"Juzu Bracelet"},{"floor":26,"key":"Singing Bowl"},{"floor":28,"key":"Anchor"}],"event_choices":[{"damage_healed":0,"gold_gain":75,"player_choice":"Gather Gold","damage_taken":11,"max_hp_gain":0,"max_hp_loss":0,"event_name":"World of Goop","floor":2,"gold_loss":0},{"cards_removed":["Strike_R"],"damage_healed":0,"gold_gain":0,"player_choice":"Forget","damage_taken":0,"max_hp_gain":0,"max_hp_loss":0,"event_name":"Living Wall","floor":3,"gold_loss":0},{"damage_healed":0,"gold_gain":0,"player_choice":"Entered Light","damage_taken":16,"max_hp_gain":0,"max_hp_loss":0,"event_name":"Shining Light","floor":4,"gold_loss":0,"cards_upgraded":["Strike_R","Bash"]},{"damage_healed":0,"gold_gain":0,"player_choice":"Success","damage_taken":7,"relics_obtained":["Gremlin Horn"],"max_hp_gain":0,"max_hp_loss":0,"event_name":"Scrap Ooze","floor":10,"gold_loss":0},{"damage_healed":0,"gold_gain":0,"player_choice":"Shed Blood","damage_taken":20,"max_hp_gain":5,"max_hp_loss":0,"event_name":"Forgotten Altar","floor":20,"gold_loss":0},{"damage_healed":0,"gold_gain":0,"player_choice":"Ignored","damage_taken":0,"max_hp_gain":0,"max_hp_loss":0,"event_name":"Vampires","floor":22,"gold_loss":0},{"damage_healed":0,"gold_gain":0,"player_choice":"Inject Mutagens","damage_taken":0,"relics_obtained":["MutagenicStrength"],"max_hp_gain":0,"max_hp_loss":0,"event_name":"Drug Dealer","floor":30,"gold_loss":0}],"is_beta":false,"boss_relics":[{"not_picked":["White Beast Statue","Black Star"],"picked":"Pandora\u0027s Box"}],"items_purged_floors":[12,19],"is_endless":false,"potions_floor_spawned":[7,11,14,23,27,28,31],"killed_by":"Automaton","ascension_level":3}