{"gold_per_floor":[116,130,146,1,11,37,37,212,238,238,248,228,228],"floor_reached":13,"playtime":497,"items_purged":[],"score":104,"play_id":"9ce95712-eca1-49aa-a489-5cf86fb106b4","local_time":"20190424051903","is_ascension_mode":true,"campfire_choices":[{"floor":7,"key":"REST"},{"floor":10,"key":"REST"}],"neow_cost":"CURSE","seed_source_timestamp":71073930000386,"circlet_count":0,"master_deck":["Defend_G","Defend_G","Defend_G","Defend_G","Defend_G","Strike_G","Strike_G","Strike_G","Strike_G","Strike_G","Survivor","Neutralize","Regret","Heel Hook","Poisoned Stab","Poisoned Stab","Dagger Spray","Leg Sweep","Prepared","Doubt","Leg Sweep","Endless Agony","Footwork"],"relics":["Ring of the Snake","The Specimen","Dream Catcher","Juzu Bracelet","Orichalcum"],"potions_floor_usage":[6,12],"damage_taken":[{"damage":19,"enemies":"Jaw Worm","floor":1,"turns":7},{"damage":6,"enemies":"2 Louse","floor":2,"turns":3},{"damage":5,"enemies":"Cultist","floor":3,"turns":4},{"damage":6,"enemies":"Large Slime","floor":5,"turns":8},{"damage":24,"enemies":"3 Sentries","floor":6,"turns":9},{"damage":7,"enemies":"3 Louse","floor":11,"turns":4},{"damage":11,"enemies":"Exordium Thugs","floor":12,"turns":5},{"damage":41,"enemies":"Gremlin Nob","floor":13,"turns":4}],"seed_played":"-5922942370211998211","potions_obtained":[{"floor":2,"key":"Explosive Potion"},{"floor":6,"key":"EssenceOfSteel"}],"is_trial":false,"path_per_floor":["M","M","M","$","M","E","R","?","T","R","M","M","E"],"character_chosen":"THE_SILENT","items_purchased":["Dream Catcher"],"campfire_rested":2,"item_purchase_floors":[4],"current_hp_per_floor":[51,45,40,40,34,10,31,31,31,52,45,34,0],"gold":228,"neow_bonus":"ONE_RARE_RELIC","is_prod":false,"is_daily":false,"chose_seed":false,"campfire_upgraded":0,"win_rate":0,"timestamp":1556047143,"path_taken":["M","M","M","$","M","E","R","?","T","R","M","M","E"],"build_version":"2019-01-23","purchased_purges":0,"victory":false,"max_hp_per_floor":[70,70,70,70,70,70,70,70,70,70,70,70,70],"card_choices":[{"not_picked":["Accuracy","Underhanded Strike"],"picked":"Heel Hook","floor":1},{"not_picked":["Endless Agony","Choke"],"picked":"Poisoned Stab","floor":2},{"not_picked":["Deadly Poison","PiercingWail"],"picked":"Poisoned Stab","floor":3},{"not_picked":["Bullet Time","Blade Dance"],"picked":"Dagger Spray","floor":5},{"not_picked":["PiercingWail","Prepared"],"picked":"Leg Sweep","floor":6},{"not_picked":["Outmaneuver","Doppelganger"],"picked":"Prepared","floor":7},{"not_picked":["Deadly Poison","Outmaneuver"],"picked":"Leg Sweep","floor":10},{"not_picked":["Acrobatics","Sucker Punch"],"picked":"Endless Agony","floor":11},{"not_picked":["Dodge and Roll","Acrobatics"],"picked":"Footwork","floor":12}],"player_experience":448316,"relics_obtained":[{"floor":6,"key":"Juzu Bracelet"},{"floor":9,"key":"Orichalcum"}],"event_choices":[{"damage_healed":0,"gold_gain":175,"player_choice":"AGREE","damage_taken":0,"max_hp_gain":0,"max_hp_loss":0,"event_name":"Liars Game","floor":8,"gold_loss":0,"cards_obtained":["Doubt"]}],"is_beta":false,"boss_relics":[],"items_purged_floors":[],"is_endless":false,"potions_floor_spawned":[2,6],"killed_by":"Gremlin Nob","ascension_level":4}