{"gold_per_floor":[117,117,132,147,166,198,198,17,17,31,31,43,43,54,54,149,149,162,174,194,213,233,233,247,247,247,22,42,58,71,71,71,174,174,185,185,185,185,21,51,51,69,69,89,107,107,125,137,137,137],"floor_reached":50,"playtime":8808,"items_purged":["Parasite"],"score":509,"play_id":"b374ae93-8301-409e-9b41-e40ece861950","local_time":"20190707135807","is_ascension_mode":false,"campfire_choices":[{"floor":7,"key":"REST"},{"data":"Self Repair","floor":13,"key":"SMITH"},{"data":"Chaos","floor":15,"key":"SMITH"},{"floor":23,"key":"REST"},{"floor":25,"key":"REST"},{"floor":32,"key":"REST"},{"data":"Master of Strategy","floor":46,"key":"SMITH"},{"data":"Skim","floor":49,"key":"SMITH"}],"neow_cost":"NONE","seed_source_timestamp":5995724929100,"circlet_count":0,"master_deck":["Defend_B","Defend_B","Defend_B","Defend_B","Zap","Dualcast","Gash","Self Repair+1","Leap","Rebound","Leap","Chaos+1","Leap","Gash+1","Compile Driver","Seek","Scrape","Gash+1","Beam Cell","Steam","Reprogram+1","Streamline+1","Gash","FTL+1","Gash","Echo Form+1","Skim+1","Buffer+1","Magnetism+1","Forethought","Master of Strategy+1","Stack+1"],"relics":["Cracked Core","Matryoshka","Regal Pillow","Lantern","Frozen Egg 2","White Beast Statue","Whetstone","Bottled Tornado","Pen Nib","Busted Crown","Centennial Puzzle","Pantograph"],"potions_floor_usage":[5,16,16,16,21,22,24,24,29,29,33,33,40,40,42,44,44,45,48,50,50],"damage_taken":[{"damage":12,"enemies":"Small Slimes","floor":1,"turns":4},{"damage":0,"enemies":"2 Louse","floor":3,"turns":2},{"damage":1,"enemies":"Jaw Worm","floor":4,"turns":3},{"damage":33,"enemies":"Gremlin Gang","floor":5,"turns":8},{"damage":34,"enemies":"3 Sentries","floor":6,"turns":9},{"damage":0,"enemies":"Blue Slaver","floor":10,"turns":3},{"damage":5,"enemies":"3 Louse","floor":12,"turns":3},{"damage":0,"enemies":"Large Slime","floor":14,"turns":6},{"damage":28,"enemies":"Hexaghost","floor":16,"turns":9},{"damage":25,"enemies":"3 Byrds","floor":18,"turns":7},{"damage":18,"enemies":"Spheric Guardian","floor":19,"turns":6},{"damage":24,"enemies":"Centurion and Healer","floor":20,"turns":9},{"damage":26,"enemies":"3 Cultists","floor":21,"turns":6},{"damage":21,"enemies":"Sentry and Sphere","floor":22,"turns":8},{"damage":15,"enemies":"Snecko","floor":24,"turns":6},{"damage":59,"enemies":"Shelled Parasite and Fungi","floor":28,"turns":9},{"damage":14,"enemies":"Snake Plant","floor":29,"turns":3},{"damage":10,"enemies":"3 Cultists","floor":30,"turns":5},{"damage":12,"enemies":"Champ","floor":33,"turns":6},{"damage":0,"enemies":"3 Shapes","floor":35,"turns":4},{"damage":8,"enemies":"Giant Head","floor":40,"turns":7},{"damage":5,"enemies":"3 Darklings","floor":42,"turns":6},{"damage":18,"enemies":"Jaw Worm Horde","floor":44,"turns":7},{"damage":10,"enemies":"Spire Growth","floor":45,"turns":5},{"damage":4,"enemies":"Maw","floor":47,"turns":6},{"damage":4,"enemies":"Jaw Worm Horde","floor":48,"turns":5},{"damage":82,"enemies":"Awakened One","floor":50,"turns":10}],"seed_played":"-4809195810721041816","potions_obtained":[{"floor":4,"key":"EssenceOfSteel"},{"floor":5,"key":"SteroidPotion"},{"floor":12,"key":"FearPotion"},{"floor":14,"key":"SteroidPotion"},{"floor":18,"key":"Ancient Potion"},{"floor":19,"key":"SpeedPotion"},{"floor":20,"key":"Poison Potion"},{"floor":21,"key":"FocusPotion"},{"floor":22,"key":"Poison Potion"},{"floor":24,"key":"Strength Potion"},{"floor":28,"key":"EssenceOfSteel"},{"floor":29,"key":"Energy Potion"},{"floor":30,"key":"EssenceOfSteel"},{"floor":33,"key":"FocusPotion"},{"floor":35,"key":"Energy Potion"},{"floor":40,"key":"Weak Potion"},{"floor":42,"key":"GamblersBrew"},{"floor":44,"key":"PowerPotion"},{"floor":45,"key":"EssenceOfSteel"},{"floor":47,"key":"Poison Potion"},{"floor":48,"key":"Weak Potion"}],"is_trial":false,"path_per_floor":["M","?","M","M","M","E","R","$","T","M","?","M","R","M","R","B",null,"M","M","M","M","M","R","M","R","T","$","M","M","M","?","R","B",null,"M","?","?","?","$","E","?","M","T","M","M","R","M","M","R","B"],"character_chosen":"DEFECT","items_purchased":["Chaos","Regal Pillow","Pen Nib","Master of Strategy"],"campfire_rested":4,"item_purchase_floors":[8,8,27,39],"current_hp_per_floor":[70,63,63,69,43,16,40,40,40,47,67,69,69,79,79,51,82,67,59,45,29,18,57,52,82,82,79,30,26,26,26,64,62,79,79,69,69,69,69,71,71,76,76,68,68,68,74,79,79,0],"gold":137,"neow_bonus":"TEN_PERCENT_HP_BONUS","is_prod":false,"is_daily":false,"chose_seed":false,"campfire_upgraded":4,"win_rate":0.0,"timestamp":1562497087,"path_taken":["M","?","M","M","M","E","R","$","T","M","?","?","R","M","R","BOSS","M","M","M","M","M","R","M","R","T","$","M","M","?","?","R","BOSS","M","?","?","?","$","E","?","M","T","M","M","R","M","M","R","BOSS"],"build_version":"2019-07-05","purchased_purges":1,"victory":false,"max_hp_per_floor":[82,82,82,82,82,82,82,82,82,82,82,82,82,82,82,82,82,82,82,82,82,82,82,82,82,82,79,79,79,79,79,79,79,79,79,79,79,79,79,79,79,79,79,79,79,79,79,79,79,79],"card_choices":[{"not_picked":["Coolheaded","Chill"],"picked":"Gash","floor":1},{"not_picked":["Darkness","Melter"],"picked":"Self Repair","floor":3},{"not_picked":["Redo","Rip and Tear"],"picked":"Leap","floor":4},{"not_picked":["Go for the Eyes","Conserve Battery"],"picked":"Rebound","floor":5},{"not_picked":["Genetic Algorithm","Fusion"],"picked":"Leap","floor":6},{"not_picked":["Sweeping Beam","Ball Lightning"],"picked":"Leap","floor":10},{"not_picked":["Seek","Leap"],"picked":"Gash","floor":12},{"not_picked":["Loop+1","Rip and Tear"],"picked":"Compile Driver","floor":14},{"not_picked":["Electrodynamics+1","Buffer+1"],"picked":"Seek","floor":16},{"not_picked":["Beam Cell","Rebound"],"picked":"Scrape","floor":18},{"not_picked":["Conserve Battery+1","Sweeping Beam"],"picked":"Gash+1","floor":19},{"not_picked":["Thunder Strike","Compile Driver"],"picked":"Beam Cell","floor":20},{"not_picked":["Compile Driver","Capacitor+1"],"picked":"Steam","floor":21},{"not_picked":["Storm+1","Compile Driver+1"],"picked":"Reprogram+1","floor":22},{"not_picked":["Darkness","Reinforced Body"],"picked":"Streamline+1","floor":24},{"not_picked":["Beam Cell","Leap"],"picked":"Gash","floor":28},{"not_picked":["Static Discharge+1","Go for the Eyes"],"picked":"FTL+1","floor":29},{"not_picked":["Glacier+1","Genetic Algorithm+1"],"picked":"Gash","floor":30},{"not_picked":["Amplify","Echo Form+1"],"picked":"Buffer+1","floor":33},{"not_picked":["Compile Driver"],"picked":"SKIP","floor":35},{"not_picked":[],"picked":"Magnetism+1","floor":36},{"not_picked":[],"picked":"Forethought","floor":36},{"not_picked":["Chill+1"],"picked":"SKIP","floor":40},{"not_picked":["Double Energy"],"picked":"SKIP","floor":42},{"not_picked":[],"picked":"Stack+1","floor":44},{"not_picked":["Defragment+1"],"picked":"SKIP","floor":45},{"not_picked":["Defragment+1"],"picked":"SKIP","floor":45},{"not_picked":["Aggregate+1"],"picked":"SKIP","floor":47},{"not_picked":["Barrage+1"],"picked":"SKIP","floor":48}],"player_experience":96872,"relics_obtained":[{"floor":6,"key":"Matryoshka"},{"floor":9,"key":"Lantern"},{"floor":9,"key":"Frozen Egg 2"},{"floor":26,"key":"Whetstone"},{"floor":26,"key":"Bottled Tornado"},{"floor":40,"key":"Centennial Puzzle"},{"floor":43,"key":"Pantograph"}],"event_choices":[{"cards_removed":["Strike_B"],"damage_healed":0,"gold_gain":0,"player_choice":"Card Removal","damage_taken":7,"max_hp_gain":0,"max_hp_loss":0,"event_name":"Golden Wing","floor":2,"gold_loss":0},{"damage_healed":20,"gold_gain":0,"player_choice":"Healed and dodged fight","damage_taken":0,"max_hp_gain":0,"max_hp_loss":0,"event_name":"Mushrooms","floor":11,"gold_loss":0,"cards_obtained":["Parasite"]},{"damage_healed":0,"gold_gain":0,"cards_transformed":["Strike_B","Strike_B"],"player_choice":"Became Test Subject","damage_taken":0,"max_hp_gain":0,"max_hp_loss":0,"event_name":"Drug Dealer","floor":31,"gold_loss":0,"cards_obtained":["Echo Form","Skim"]},{"damage_healed":0,"gold_gain":0,"player_choice":"Memory 3","damage_taken":10,"max_hp_gain":0,"max_hp_loss":0,"event_name":"SensoryStone","floor":36,"gold_loss":0},{"damage_healed":0,"gold_gain":0,"player_choice":"Ignored","damage_taken":0,"max_hp_gain":0,"max_hp_loss":0,"event_name":"Tomb of Lord Red Mask","floor":37,"gold_loss":0},{"damage_healed":0,"gold_gain":0,"player_choice":"Ignored","damage_taken":0,"max_hp_gain":0,"max_hp_loss":0,"event_name":"Mysterious Sphere","floor":38,"gold_loss":0},{"cards_removed":["Strike_B"],"damage_healed":0,"gold_gain":0,"player_choice":"Removed Attack","damage_taken":0,"max_hp_gain":0,"max_hp_loss":0,"event_name":"Falling","floor":41,"gold_loss":0}],"is_beta":false,"boss_relics":[{"not_picked":["Ectoplasm","FrozenCore"],"picked":"White Beast Statue"},{"not_picked":["Sozu","Nuclear Battery"],"picked":"Busted Crown"}],"items_purged_floors":[27],"is_endless":false,"potions_floor_spawned":[4,5,12,14,18,19,20,21,22,24,28,29,30,33,35,40,42,44,45,47,48],"killed_by":"Awakened One","ascension_level":0}