{"gold_per_floor":[115,128,146,146,170,170,210,210,210,235,235,200,535,556,556,652,652,671,2,17,57,71,71,95,130,130,130,146,146,0,0,0,93,93,112,17,17,36,61,61,61,97,143,162,181,194,194,31,31,31],"floor_reached":50,"playtime":2593,"items_purged":["Injury","Strike_G"],"score":957,"play_id":"4d126229-8c87-44de-8e19-f0d0df77e806","local_time":"20190717023456","is_ascension_mode":true,"campfire_choices":[{"data":"Bouncing Flask","floor":6,"key":"SMITH"},{"floor":8,"key":"REST"},{"data":"Crippling Poison","floor":11,"key":"SMITH"},{"floor":15,"key":"REST"},{"floor":23,"key":"REST"},{"floor":29,"key":"REST"},{"floor":32,"key":"REST"},{"floor":40,"key":"REST"},{"floor":47,"key":"REST"},{"floor":49,"key":"REST"}],"neow_cost":"NONE","seed_source_timestamp":71794315236170,"circlet_count":0,"master_deck":["AscendersBane","Strike_G+1","Defend_G+1","Defend_G+1","Defend_G+1","Defend_G+1","Defend_G+1","Survivor","Neutralize","Dodge and Roll","Bouncing Flask+1","Crippling Poison+1","Dash","Backflip","Crippling Poison","Cloak And Dagger","A Thousand Cuts","Tools of the Trade","Caltrops","Noxious Fumes","PiercingWail","Tactician","Well Laid Plans","J.A.X.+1","Setup+1","Blur+1","Dodge and Roll+1","Concentrate+1","Venomology+1","Noxious Fumes+1","Heel Hook+1","Corpse Explosion+1","PiercingWail+1","Cloak And Dagger+1","Dodge and Roll+1","Acrobatics+1","Envenom","Cloak And Dagger+1","PiercingWail+1","Cloak And Dagger+1","Tactician+1","Footwork","Bandage Up+1","Crippling Poison+1"],"relics":["Ring of the Snake","Bag of Marbles","Golden Idol","Centennial Puzzle","Letter Opener","Old Coin","Philosopher\u0027s Stone","Dream Catcher","War Paint","ClockworkSouvenir","Red Mask","Bag of Preparation","Toxic Egg 2","Astrolabe","Ancient Tea Set","Art of War"],"potions_floor_usage":[10,13,16,21,21,33,42,42,44,46,50,50,50],"damage_taken":[{"damage":0,"enemies":"Cultist","floor":1,"turns":4},{"damage":0,"enemies":"Small Slimes","floor":2,"turns":4},{"damage":3,"enemies":"Jaw Worm","floor":3,"turns":4},{"damage":27,"enemies":"Large Slime","floor":5,"turns":11},{"damage":18,"enemies":"Lagavulin","floor":7,"turns":6},{"damage":0,"enemies":"2 Fungi Beasts","floor":10,"turns":3},{"damage":36,"enemies":"Gremlin Nob","floor":13,"turns":6},{"damage":8,"enemies":"Exordium Wildlife","floor":14,"turns":4},{"damage":5,"enemies":"Hexaghost","floor":16,"turns":9},{"damage":0,"enemies":"Spheric Guardian","floor":18,"turns":3},{"damage":21,"enemies":"2 Thieves","floor":20,"turns":4},{"damage":11,"enemies":"Masked Bandits","floor":21,"turns":4},{"damage":3,"enemies":"Chosen and Byrds","floor":22,"turns":6},{"damage":4,"enemies":"Snake Plant","floor":24,"turns":5},{"damage":8,"enemies":"Gremlin Leader","floor":25,"turns":7},{"damage":18,"enemies":"Centurion and Healer","floor":28,"turns":5},{"damage":44,"enemies":"Collector","floor":33,"turns":9},{"damage":22,"enemies":"3 Darklings","floor":35,"turns":4},{"damage":7,"enemies":"Orb Walker","floor":38,"turns":4},{"damage":5,"enemies":"Jaw Worm Horde","floor":39,"turns":4},{"damage":26,"enemies":"Nemesis","floor":42,"turns":7},{"damage":18,"enemies":"Transient","floor":44,"turns":5},{"damage":15,"enemies":"4 Shapes","floor":45,"turns":3},{"damage":0,"enemies":"3 Darklings","floor":46,"turns":2},{"damage":69,"enemies":"Awakened One","floor":50,"turns":12}],"seed_played":"-7092542763228490806","potions_obtained":[{"floor":1,"key":"Swift Potion"},{"floor":2,"key":"Explosive Potion"},{"floor":13,"key":"PowerPotion"},{"floor":18,"key":"Block Potion"},{"floor":21,"key":"Weak Potion"},{"floor":22,"key":"Ancient Potion"}],"is_trial":false,"path_per_floor":["M","M","M","?","M","R","E","R","T","M","R","?","E","M","R","B",null,"M","$","M","?","M","R","M","E","T","?","M","R","$","?","R","B",null,"M","$","?","M","M","R","?","E","T","M","M","M","R","$","R","B"],"character_chosen":"THE_SILENT","items_purchased":["Dream Catcher","Noxious Fumes","War Paint","ClockworkSouvenir","SkillPotion","Dodge and Roll+1","PiercingWail+1","PowerPotion","Footwork","Bandage Up+1"],"campfire_rested":8,"item_purchase_floors":[19,19,19,19,19,30,36,36,48,48],"current_hp_per_floor":[59,59,56,56,29,29,11,30,30,30,30,46,10,2,21,16,54,54,54,33,22,19,38,34,26,26,26,8,27,27,27,46,2,50,28,28,28,21,16,35,76,50,50,32,17,17,39,39,61,0],"gold":31,"neow_bonus":"RANDOM_COMMON_RELIC","is_prod":false,"is_daily":false,"chose_seed":true,"campfire_upgraded":2,"win_rate":0,"timestamp":1563294896,"path_taken":["M","M","?","?","M","R","E","R","T","M","R","?","E","M","R","BOSS","M","$","M","?","M","R","M","E","T","?","M","R","?","?","R","BOSS","M","$","?","?","M","R","?","E","T","M","M","M","R","$","R","BOSS"],"build_version":"2019-07-05","purchased_purges":2,"victory":false,"max_hp_per_floor":[66,66,66,66,66,66,66,66,66,66,66,66,66,66,66,66,66,66,66,66,66,66,66,66,66,66,66,66,66,66,66,66,66,66,66,66,66,66,66,66,76,76,76,76,76,76,76,76,76,76],"card_choices":[{"not_picked":["Tactician","Dagger Spray"],"picked":"Dodge and Roll","floor":1},{"not_picked":["Reflex","Poisoned Stab"],"picked":"Bouncing Flask","floor":2},{"not_picked":["Dagger Spray","Endless Agony"],"picked":"Crippling Poison","floor":3},{"not_picked":["Blade Dance","Deflect"],"picked":"Dash","floor":5},{"not_picked":["Envenom","Riddle With Holes"],"picked":"Backflip","floor":7},{"not_picked":["Skewer","Slice"],"picked":"Crippling Poison","floor":10},{"not_picked":["Tactician","Choke"],"picked":"Cloak And Dagger","floor":13},{"not_picked":["Slice","Dagger Throw"],"picked":"A Thousand Cuts","floor":14},{"not_picked":["Night Terror","Venomology"],"picked":"Tools of the Trade","floor":16},{"not_picked":["Deadly Poison","Slice"],"picked":"Caltrops","floor":18},{"not_picked":["Blur","Bane"],"picked":"PiercingWail","floor":20},{"not_picked":["PiercingWail","Prepared"],"picked":"Tactician","floor":22},{"not_picked":["Sucker Punch","Dagger Throw"],"picked":"Well Laid Plans","floor":23},{"not_picked":["Eviscerate","Deadly Poison","Dash"],"picked":"SKIP","floor":24},{"not_picked":["Prepared","Dash"],"picked":"Malaise","floor":25},{"not_picked":["Poisoned Stab","Leg Sweep+1"],"picked":"Setup+1","floor":28},{"not_picked":["Quick Slash","Flying Knee"],"picked":"Blur+1","floor":29},{"not_picked":["Acrobatics+1","Bane"],"picked":"Concentrate+1","floor":32},{"not_picked":["Unload","Glass Knife"],"picked":"Venomology+1","floor":33},{"not_picked":["Dagger Spray","Slice","Sucker Punch"],"picked":"SKIP","floor":35},{"not_picked":["Bane+1","Slice"],"picked":"Cloak And Dagger+1","floor":38},{"not_picked":["Underhanded Strike","Deflect+1"],"picked":"Dodge and Roll+1","floor":39},{"not_picked":["Masterful Stab","Bane"],"picked":"Acrobatics+1","floor":40},{"not_picked":["Acrobatics+1","Backflip+1"],"picked":"Envenom","floor":42},{"not_picked":["Acrobatics+1","Eviscerate"],"picked":"Cloak And Dagger+1","floor":44},{"not_picked":["Deadly Poison+1","Masterful Stab+1"],"picked":"PiercingWail+1","floor":45},{"not_picked":["Finisher","Underhanded Strike"],"picked":"Cloak And Dagger+1","floor":46},{"not_picked":["Bane","Accuracy"],"picked":"Tactician+1","floor":47},{"not_picked":["Predator","Poisoned Stab"],"picked":"Crippling Poison+1","floor":49}],"player_experience":998494,"relics_obtained":[{"floor":7,"key":"Centennial Puzzle"},{"floor":9,"key":"Letter Opener"},{"floor":13,"key":"Old Coin"},{"floor":21,"key":"Red Mask"},{"floor":25,"key":"Bag of Preparation"},{"floor":26,"key":"Toxic Egg 2"},{"floor":42,"key":"Ancient Tea Set"},{"floor":43,"key":"Art of War"}],"event_choices":[{"damage_healed":0,"gold_gain":0,"player_choice":"Take Wound","damage_taken":0,"relics_obtained":["Golden Idol"],"max_hp_gain":0,"max_hp_loss":0,"event_name":"Golden Idol","floor":4,"gold_loss":0,"cards_obtained":["Injury"]},{"damage_healed":16,"gold_gain":0,"player_choice":"Healed","damage_taken":0,"max_hp_gain":0,"max_hp_loss":0,"event_name":"The Cleric","floor":12,"gold_loss":35},{"damage_healed":0,"gold_gain":0,"player_choice":"Fought Bandits","damage_taken":0,"max_hp_gain":0,"max_hp_loss":0,"event_name":"Masked Bandits","floor":21,"gold_loss":0},{"damage_healed":0,"gold_gain":0,"player_choice":"Obtain J.A.X.","damage_taken":0,"max_hp_gain":0,"max_hp_loss":0,"event_name":"Drug Dealer","floor":27,"gold_loss":0,"cards_obtained":["J.A.X."]},{"damage_healed":0,"gold_gain":0,"player_choice":"Simplicity","damage_taken":0,"max_hp_gain":0,"max_hp_loss":0,"event_name":"Back to Basics","floor":31,"gold_loss":0,"cards_upgraded":["Strike_G","Strike_G","Strike_G","Strike_G","Defend_G","Defend_G","Defend_G"]},{"damage_healed":0,"gold_gain":0,"player_choice":"Got Potions","damage_taken":0,"max_hp_gain":0,"max_hp_loss":0,"event_name":"Lab","floor":37,"gold_loss":0},{"cards_removed":["Malaise"],"damage_healed":31,"gold_gain":0,"player_choice":"Offered Rare","damage_taken":0,"max_hp_gain":10,"max_hp_loss":0,"event_name":"Bonfire Elementals","floor":41,"gold_loss":0}],"is_beta":false,"boss_relics":[{"not_picked":["Tiny House","HoveringKite"],"picked":"Philosopher\u0027s Stone"},{"not_picked":["Snecko Eye","Velvet Choker"],"picked":"Astrolabe"}],"items_purged_floors":[19,30],"is_endless":false,"potions_floor_spawned":[1,2,5,13,18,20,21,22,35,38,39,46],"killed_by":"Awakened One","ascension_level":15}