{"gold_per_floor":[113,113,131,148,113,113,13,47,47,47,72,72,87,12,12,117,167,177,177,188,200,200,200,51,51,75,75,92,15,15],"floor_reached":30,"playtime":817,"items_purged":["Strike_R"],"score":236,"play_id":"9b8766e7-5aa6-47e3-9ac9-56a721c27ac0","local_time":"20190329005735","is_ascension_mode":false,"campfire_choices":[{"data":"Demon Form","floor":6,"key":"SMITH"},{"data":"Searing Blow","floor":10,"key":"SMITH"},{"data":"Searing Blow+1","floor":12,"key":"SMITH"},{"floor":15,"key":"REST"},{"data":"Searing Blow+2","floor":23,"key":"SMITH"},{"data":"Searing Blow+3","floor":27,"key":"SMITH"}],"neow_cost":"PERCENT_DAMAGE","seed_source_timestamp":39301785771446,"circlet_count":0,"master_deck":["Strike_R+1","Strike_R+1","Strike_R+1","Defend_R+1","Defend_R+1","Defend_R+1","Defend_R+1","Bash","Demon Form+1","Whirlwind","Pommel Strike","Anger+1","Heavy Blade+1","Armaments","Searing Blow+4","Flame Barrier","Ghostly Armor","Berserk","Spot Weakness","Second Wind","Dropkick+1","Wild Strike","Power Through"],"relics":["Burning Blood","Paper Frog","Dodecahedron","Tiny House","Whetstone","Strawberry"],"potions_floor_usage":[4,8,13,20,30],"damage_taken":[{"damage":15,"enemies":"Jaw Worm","floor":1,"turns":4},{"damage":1,"enemies":"Cultist","floor":3,"turns":3},{"damage":5,"enemies":"Small Slimes","floor":4,"turns":3},{"damage":10,"enemies":"3 Sentries","floor":8,"turns":4},{"damage":45,"enemies":"Lagavulin","floor":11,"turns":6},{"damage":11,"enemies":"Gremlin Gang","floor":13,"turns":5},{"damage":17,"enemies":"Slime Boss","floor":16,"turns":7},{"damage":14,"enemies":"Shell Parasite","floor":18,"turns":6},{"damage":5,"enemies":"3 Byrds","floor":20,"turns":4},{"damage":35,"enemies":"Snake Plant","floor":21,"turns":4},{"damage":41,"enemies":"Shelled Parasite and Fungi","floor":28,"turns":4},{"damage":25,"enemies":"Gremlin Leader","floor":30,"turns":4}],"seed_played":"3685541903055263657","potions_obtained":[{"floor":1,"key":"Explosive Potion"},{"floor":3,"key":"Block Potion"},{"floor":11,"key":"AttackPotion"},{"floor":17,"key":"Swift Potion"},{"floor":28,"key":"Swift Potion"}],"is_trial":false,"path_per_floor":["M","?","M","M","?","R","$","E","T","R","E","R","M","$","R","B",null,"M","?","M","M","?","R","$","?","T","R","M","$","E"],"character_chosen":"IRONCLAD","items_purchased":["Heavy Blade","Armaments","Whetstone","Power Through"],"campfire_rested":1,"item_purchase_floors":[7,7,24,29],"current_hp_per_floor":[47,47,52,53,73,73,73,69,69,69,30,30,25,25,49,38,85,77,77,78,49,49,49,49,49,56,56,21,21,0],"gold":15,"neow_bonus":"THREE_RARE_CARDS","is_prod":false,"is_daily":false,"chose_seed":false,"campfire_upgraded":5,"win_rate":0,"timestamp":1553785055,"path_taken":["M","?","?","M","?","R","$","E","T","R","E","R","M","$","R","BOSS","M","?","?","M","?","R","$","?","T","R","M","?","E"],"build_version":"2019-01-23","purchased_purges":1,"victory":false,"max_hp_per_floor":[80,80,80,80,80,80,80,80,80,80,80,80,80,80,80,80,85,85,85,85,85,85,85,85,85,92,92,92,92,92],"card_choices":[{"not_picked":["Dark Embrace","Offering"],"picked":"Demon Form","floor":0},{"not_picked":["Dropkick","Searing Blow"],"picked":"Whirlwind","floor":1},{"not_picked":["Armaments","Clash"],"picked":"Pommel Strike","floor":3},{"not_picked":["Havoc","Whirlwind"],"picked":"Anger","floor":4},{"not_picked":["Pummel","Clothesline"],"picked":"Searing Blow","floor":8},{"not_picked":["Rage","Shockwave"],"picked":"Flame Barrier","floor":11},{"not_picked":["Iron Wave","Clash"],"picked":"Ghostly Armor","floor":13},{"not_picked":["Dark Embrace","Feed"],"picked":"Berserk","floor":16},{"not_picked":["Whirlwind","Evolve+1"],"picked":"Spot Weakness","floor":18},{"not_picked":["Bloodletting+1","Corruption+1"],"picked":"Dropkick","floor":20},{"not_picked":["Clothesline","Second Wind+1"],"picked":"Wild Strike","floor":21},{"not_picked":["Combust+1","Flex","Whirlwind"],"picked":"SKIP","floor":28}],"player_experience":263661,"relics_obtained":[{"floor":8,"key":"Paper Frog"},{"floor":11,"key":"Dodecahedron"},{"floor":26,"key":"Strawberry"}],"event_choices":[{"damage_healed":0,"gold_gain":0,"player_choice":"Ignored","damage_taken":0,"max_hp_gain":0,"max_hp_loss":0,"event_name":"NoteForYourself","floor":2,"gold_loss":0},{"damage_healed":20,"gold_gain":0,"player_choice":"Healed","damage_taken":0,"max_hp_gain":0,"max_hp_loss":0,"event_name":"The Cleric","floor":5,"gold_loss":35},{"damage_healed":0,"gold_gain":0,"cards_transformed":["Strike_R"],"player_choice":"Transformed","damage_taken":0,"max_hp_gain":0,"max_hp_loss":0,"event_name":"Transmorgrifier","floor":19,"gold_loss":0,"cards_obtained":["Second Wind"]},{"damage_healed":0,"gold_gain":0,"player_choice":"Simplicity","damage_taken":0,"max_hp_gain":0,"max_hp_loss":0,"event_name":"Back to Basics","floor":22,"gold_loss":0,"cards_upgraded":["Strike_R","Strike_R","Strike_R","Defend_R","Defend_R","Defend_R","Defend_R"]},{"damage_healed":0,"gold_gain":0,"player_choice":"Ignored","damage_taken":0,"max_hp_gain":0,"max_hp_loss":0,"event_name":"Ghosts","floor":25,"gold_loss":0}],"is_beta":false,"boss_relics":[{"not_picked":["Coffee Dripper","Ectoplasm"],"picked":"Tiny House"}],"items_purged_floors":[14],"is_endless":false,"potions_floor_spawned":[1,3,11,28],"killed_by":"Gremlin Leader","ascension_level":0}