{"gold_per_floor":[112,17,17,17,37,37,50,50,97,130,142,173,219,251,263,354,366,392,424,486,512,541,38,38,38,38,128,146,146,165,177,177,177],"floor_reached":33,"playtime":1589,"items_purged":["Strike_R"],"score":453,"play_id":"c4b336dc-d4a3-4433-a3ea-8c14d3c16fe8","local_time":"20190713154822","is_ascension_mode":true,"campfire_choices":[{"data":"Iron Wave","floor":6,"key":"SMITH"},{"data":"Inflame","floor":11,"key":"SMITH"},{"data":"Whirlwind","floor":15,"key":"SMITH"},{"data":"Limit Break","floor":24,"key":"SMITH"},{"floor":29,"key":"REST"},{"data":"Double Tap","floor":32,"key":"SMITH"}],"neow_cost":"NONE","seed_source_timestamp":176764409776341,"circlet_count":0,"master_deck":["AscendersBane","Strike_R","Strike_R","Strike_R","Defend_R","Defend_R","Defend_R","Defend_R","Bash","Headbutt","Shrug It Off","Iron Wave+1","Inflame+1","Double Tap+1","Metallicize","Whirlwind+1","Iron Wave","Immolate","Headbutt","Limit Break+1","Evolve","Reaper","Heavy Blade+1","Disarm"],"relics":["Burning Blood","Potion Belt","Centennial Puzzle","MawBank","Bronze Scales","Mark of Pain","Anchor","Red Skull"],"potions_floor_usage":[16,21,28,28,33,33,33],"damage_taken":[{"damage":1,"enemies":"Cultist","floor":1,"turns":4},{"damage":0,"enemies":"Small Slimes","floor":5,"turns":5},{"damage":2,"enemies":"Jaw Worm","floor":7,"turns":3},{"damage":35,"enemies":"3 Sentries","floor":10,"turns":9},{"damage":2,"enemies":"Red Slaver","floor":12,"turns":3},{"damage":12,"enemies":"Lagavulin","floor":13,"turns":8},{"damage":4,"enemies":"Looter","floor":14,"turns":3},{"damage":35,"enemies":"Slime Boss","floor":16,"turns":7},{"damage":7,"enemies":"Chosen","floor":18,"turns":3},{"damage":0,"enemies":"3 Byrds","floor":19,"turns":2},{"damage":17,"enemies":"Shelled Parasite and Fungi","floor":21,"turns":4},{"damage":6,"enemies":"Chosen and Byrds","floor":22,"turns":4},{"damage":14,"enemies":"Snecko","floor":28,"turns":4},{"damage":14,"enemies":"Shelled Parasite and Fungi","floor":30,"turns":6},{"damage":15,"enemies":"Cultist and Chosen","floor":31,"turns":6},{"damage":61,"enemies":"Automaton","floor":33,"turns":8}],"seed_played":"1981053378618694527","potions_obtained":[{"floor":1,"key":"Strength Potion"},{"floor":12,"key":"PowerPotion"},{"floor":16,"key":"Fire Potion"},{"floor":19,"key":"PowerPotion"},{"floor":21,"key":"Swift Potion"},{"floor":22,"key":"AttackPotion"},{"floor":28,"key":"Dexterity Potion"}],"is_trial":false,"path_per_floor":["M","$","?","?","M","R","M","$","T","E","R","M","E","M","R","B",null,"M","M","?","M","M","$","R","$","T","?","M","R","M","M","R","B"],"character_chosen":"IRONCLAD","items_purchased":["Headbutt","Shrug It Off","Limit Break","Evolve","Reaper","Anchor"],"campfire_rested":1,"item_purchase_floors":[2,2,23,23,23,23],"current_hp_per_floor":[73,73,78,71,77,77,80,80,80,51,51,55,49,51,51,22,66,65,71,71,60,60,60,60,60,60,44,42,66,68,59,59,0],"gold":177,"neow_bonus":"RANDOM_COMMON_RELIC","is_prod":false,"is_daily":false,"chose_seed":false,"campfire_upgraded":5,"win_rate":0,"timestamp":1563000502,"path_taken":["M","$","?","?","M","R","M","?","T","E","R","M","E","M","R","BOSS","M","M","?","M","M","$","R","$","T","?","?","R","M","M","R","BOSS"],"build_version":"2019-07-01","purchased_purges":1,"victory":false,"max_hp_per_floor":[75,75,80,80,80,80,80,80,80,80,80,80,80,80,80,80,80,80,80,80,80,80,80,80,80,80,80,80,80,80,80,80,80],"card_choices":[{"not_picked":["Fire Breathing","Rupture","Blood for Blood"],"picked":"SKIP","floor":1},{"not_picked":["Pummel","Pommel Strike"],"picked":"Iron Wave","floor":5},{"not_picked":["Sentinel","Headbutt"],"picked":"Inflame","floor":7},{"not_picked":["Pommel Strike","Shrug It Off"],"picked":"Double Tap","floor":10},{"not_picked":["Clash","Feel No Pain"],"picked":"Metallicize","floor":12},{"not_picked":["Metallicize","Wild Strike"],"picked":"Whirlwind","floor":13},{"not_picked":["Iron Wave","Evolve","Sever Soul"],"picked":"SKIP","floor":14},{"not_picked":["Evolve","Sever Soul"],"picked":"Iron Wave","floor":14},{"not_picked":["Brutality","Juggernaut"],"picked":"Immolate","floor":16},{"not_picked":["Twin Strike+1","True Grit","Dual Wield"],"picked":"SKIP","floor":18},{"not_picked":["Rage","Rampage"],"picked":"Headbutt","floor":19},{"not_picked":["Combust+1","Corruption","Clash"],"picked":"SKIP","floor":21},{"not_picked":["Headbutt","Cleave","Sever Soul"],"picked":"SKIP","floor":22},{"not_picked":["Blood for Blood","Hemokinesis+1"],"picked":"Heavy Blade+1","floor":28},{"not_picked":["Perfected Strike","Warcry","Flex"],"picked":"SKIP","floor":30},{"not_picked":["Burning Pact+1","Havoc"],"picked":"Disarm","floor":31}],"player_experience":1114810,"relics_obtained":[{"floor":9,"key":"Centennial Puzzle"},{"floor":10,"key":"MawBank"},{"floor":13,"key":"Bronze Scales"},{"floor":26,"key":"Red Skull"}],"event_choices":[{"damage_healed":0,"gold_gain":0,"player_choice":"Donut","damage_taken":0,"max_hp_gain":5,"max_hp_loss":0,"event_name":"Big Fish","floor":3,"gold_loss":0},{"cards_removed":["Strike_R"],"damage_healed":0,"gold_gain":0,"player_choice":"Card Removal","damage_taken":7,"max_hp_gain":0,"max_hp_loss":0,"event_name":"Golden Wing","floor":4,"gold_loss":0},{"damage_healed":0,"gold_gain":50,"player_choice":"Stole From Cult","damage_taken":0,"max_hp_gain":0,"max_hp_loss":0,"event_name":"Nest","floor":20,"gold_loss":0},{"damage_healed":0,"gold_gain":90,"player_choice":"GOLD ","damage_taken":16,"max_hp_gain":0,"max_hp_loss":0,"event_name":"Knowing Skull","floor":27,"potions_obtained":[],"gold_loss":0,"cards_obtained":[]}],"is_beta":false,"boss_relics":[{"not_picked":["White Beast Statue","Astrolabe"],"picked":"Mark of Pain"}],"items_purged_floors":[23],"is_endless":false,"potions_floor_spawned":[1,12,16,19,21,22,28],"killed_by":"Automaton","ascension_level":15}