{"gold_per_floor":[112,112,187,187,201,201,230,247,274,301,266,266,266,21,21,111,111,130,55,5,30,5,49,49,83,134,179,207,240,252,284,296,398,410,436,466,478,503,515,527,4,44,95,95,110,110,145,168,168,168,168,168,168,21,61,61],"floor_reached":57,"playtime":3609,"items_purged":["Pain","Strike_R","Strike_R"],"score":3002,"play_id":"3bf06f4f-306f-42f7-bc82-6f1c646651a7","local_time":"20190701153558","is_ascension_mode":true,"campfire_choices":[{"data":"Bash","floor":6.0,"key":"SMITH"},{"data":"Rampage","floor":12.0,"key":"SMITH"},{"data":"Double Tap","floor":15.0,"key":"SMITH"},{"floor":24.0,"key":"REST"},{"floor":32.0,"key":"REST"},{"floor":40.0,"key":"RECALL"},{"data":"Feel No Pain","floor":46.0,"key":"SMITH"},{"data":"Barricade","floor":49.0,"key":"SMITH"},{"data":"True Grit","floor":53.0,"key":"SMITH"}],"neow_cost":"NONE","seed_source_timestamp":0,"circlet_count":0,"master_deck":["AscendersBane","Defend_R","Defend_R","Defend_R","Defend_R","Bash+1","Whirlwind","Battle Trance","Clothesline","Rampage+1","Offering","Double Tap+1","Seeing Red","Fiend Fire+1","Shrug It Off","Barricade+1","Carnage+1","Power Through","True Grit+1","Burning Pact","Disarm+1","Body Slam","Headbutt","Body Slam+1","Uppercut","Ghostly Armor+1","Second Wind+1","Entrench+1","Finesse+1","Sadistic Nature","Feel No Pain+1","Magnetism","Finesse+1","Sentinel+1","Body Slam","Shrug It Off+1","Headbutt","Headbutt+1","Feel No Pain","Exhume+1"],"special_seed":0,"relics":["Burning Blood","Anchor","WarpedTongs","Potion Belt","Smiling Mask","Happy Flower","Golden Idol","Mark of Pain","Mummified Hand","Toxic Egg 2","MawBank","Whetstone","Coffee Dripper","Strawberry","Bag of Marbles","Mercury Hourglass"],"potions_floor_usage":[56,56,56],"damage_taken":[{"damage":0.0,"enemies":"Small Slimes","floor":1.0,"turns":3.0},{"damage":1.0,"enemies":"2 Louse","floor":5.0,"turns":2.0},{"damage":10.0,"enemies":"Gremlin Nob","floor":7.0,"turns":3.0},{"damage":4.0,"enemies":"Cultist","floor":8.0,"turns":3.0},{"damage":22.0,"enemies":"3 Sentries","floor":10.0,"turns":7.0},{"damage":41.0,"enemies":"The Guardian","floor":16.0,"turns":9.0},{"damage":3.0,"enemies":"3 Byrds","floor":18.0,"turns":5.0},{"damage":6.0,"enemies":"Spheric Guardian","floor":21.0,"turns":4.0},{"damage":25.0,"enemies":"Book of Stabbing","floor":23.0,"turns":4.0},{"damage":27.0,"enemies":"Slavers","floor":25.0,"turns":4.0},{"damage":6.0,"enemies":"Book of Stabbing","floor":27.0,"turns":4.0},{"damage":9.0,"enemies":"Chosen and Byrds","floor":28.0,"turns":7.0},{"damage":21.0,"enemies":"Snecko","floor":29.0,"turns":6.0},{"damage":13.0,"enemies":"Shelled Parasite and Fungi","floor":31.0,"turns":4.0},{"damage":6.0,"enemies":"Collector","floor":33.0,"turns":12.0},{"damage":13.0,"enemies":"3 Darklings","floor":35.0,"turns":8.0},{"damage":0.0,"enemies":"Orb Walker","floor":36.0,"turns":3.0},{"damage":4.0,"enemies":"4 Shapes","floor":38.0,"turns":6.0},{"damage":15.0,"enemies":"Reptomancer","floor":42.0,"turns":9.0},{"damage":22.0,"enemies":"Writhing Mass","floor":45.0,"turns":9.0},{"damage":6.0,"enemies":"Nemesis","floor":47.0,"turns":11.0},{"damage":6.0,"enemies":"Sphere and 2 Shapes","floor":48.0,"turns":4.0},{"damage":6.0,"enemies":"Time Eater","floor":50.0,"turns":9.0},{"damage":28.0,"enemies":"Donu and Deca","floor":51.0,"turns":11.0},{"damage":5.0,"enemies":"Shield and Spear","floor":55.0,"turns":5.0},{"damage":65,"enemies":"The Heart","floor":56,"turns":12}],"seed_played":"908556972218987","potions_obtained":[{"floor":5.0,"key":"Energy Potion"},{"floor":7.0,"key":"Weak Potion"},{"floor":16.0,"key":"GamblersBrew"},{"floor":21.0,"key":"PowerPotion"},{"floor":23.0,"key":"FearPotion"},{"floor":27.0,"key":"SneckoOil"},{"floor":29.0,"key":"Fire Potion"},{"floor":31.0,"key":"Regen Potion"},{"floor":36.0,"key":"Weak Potion"},{"floor":45.0,"key":"Weak Potion"},{"floor":47.0,"key":"LiquidBronze"}],"is_trial":false,"path_per_floor":["M","?","?","?","M","R","E","M","T","E","?","R","?","$","R","B",null,"M","?","$","M","$","E","R","E","T","E","M","M","?","M","R","B",null,"M","M","?","M","?","R","$","E","T","?","M","R","E","M","R","B","B",null,"R","$","E","B",null],"character_chosen":"IRONCLAD","items_purchased":["Double Tap","Seeing Red","True Grit","Feel No Pain","Magnetism","Finesse+1","Sentinel+1","Feel No Pain","SkillPotion"],"campfire_rested":2,"item_purchase_floors":[14,14,22,41,41,41,41,54,54],"current_hp_per_floor":[74,79,68,68,73,73,69,71,71,55,75,75,72,72,72,37,63,66,66,66,66,66,47,68,47,47,47,44,29,29,22,43,43,65,58,64,54,56,70,70,70,79,79,79,63,63,63,63,63,63,41,70,70,70,71,12],"gold":61,"neow_bonus":"RANDOM_COMMON_RELIC","is_prod":false,"is_daily":false,"chose_seed":false,"campfire_upgraded":6,"win_rate":0,"timestamp":1562009758,"path_taken":["M","?","?","?","?","R","E","M","T","E","?","R","?","$","R","BOSS","M","?","$","M","?","E","R","E","T","E","M","M","?","M","R","BOSS","M","M","?","M","?","R","$","E","T","?","M","R","E","?","R","BOSS","BOSS","R","$","E","BOSS"],"build_version":"2019-06-30","purchased_purges":3,"victory":true,"max_hp_per_floor":[75,80,80,80,80,80,80,80,80,80,80,80,72,72,72,72,72,72,72,72,72,72,72,72,72,72,72,72,72,72,72,72,72,72,72,72,72,72,72,72,72,79,79,79,79,79,79,79,79,79,79,79,79,79,79,79],"card_choices":[{"not_picked":["True Grit","Flex"],"picked":"Whirlwind","floor":1.0},{"not_picked":["Body Slam","Bloodletting"],"picked":"Battle Trance","floor":5.0},{"not_picked":["Flex","Perfected Strike"],"picked":"Clothesline","floor":7.0},{"not_picked":["Clash","Dual Wield"],"picked":"Rampage","floor":8.0},{"not_picked":["Sword Boomerang","Anger"],"picked":"Offering","floor":10.0},{"not_picked":["Berserk","Dark Embrace"],"picked":"Fiend Fire","floor":16.0},{"not_picked":["Twin Strike","Iron Wave"],"picked":"Shrug It Off","floor":18.0},{"not_picked":["Headbutt","Immolate"],"picked":"Power Through","floor":21.0},{"not_picked":["Thunderclap+1","Hemokinesis"],"picked":"Burning Pact","floor":23.0},{"not_picked":["Thunderclap+1","Heavy Blade"],"picked":"Disarm","floor":25.0},{"not_picked":["True Grit+1","Twin Strike"],"picked":"Body Slam","floor":27.0},{"not_picked":["Infernal Blade+1","Rupture"],"picked":"Headbutt","floor":28.0},{"not_picked":["Havoc+1","Corruption"],"picked":"Body Slam+1","floor":29.0},{"not_picked":["Iron Wave","True Grit+1"],"picked":"Ghostly Armor+1","floor":31.0},{"not_picked":["Searing Blow","Heavy Blade"],"picked":"Second Wind+1","floor":35.0},{"not_picked":["Warcry+1","Fire Breathing"],"picked":"Entrench+1","floor":36.0},{"not_picked":["Jack Of All Trades+1","Magnetism"],"picked":"Finesse+1","floor":37.0},{"not_picked":["Purity+1","Mind Blast"],"picked":"Sadistic Nature","floor":37.0},{"not_picked":["Cleave","Pummel+1","Iron Wave"],"picked":"SKIP","floor":38.0},{"not_picked":["Feed","Headbutt+1"],"picked":"Body Slam","floor":42.0},{"not_picked":["Heavy Blade","Body Slam+1"],"picked":"Shrug It Off+1","floor":45.0},{"not_picked":["Iron Wave+1","Flex+1"],"picked":"Headbutt","floor":47.0},{"not_picked":["Fire Breathing","True Grit+1"],"picked":"Headbutt+1","floor":48.0},{"not_picked":["Clash","Pommel Strike+1"],"picked":"Exhume+1","floor":55.0}],"player_experience":3128937,"relics_obtained":[{"floor":7.0,"key":"Potion Belt"},{"floor":9.0,"key":"Smiling Mask"},{"floor":10.0,"key":"Happy Flower"},{"floor":23.0,"key":"Mummified Hand"},{"floor":25.0,"key":"Toxic Egg 2"},{"floor":26.0,"key":"MawBank"},{"floor":27.0,"key":"Whetstone"},{"floor":42.0,"key":"Strawberry"},{"floor":47.0,"key":"Bag of Marbles"},{"floor":55.0,"key":"Mercury Hourglass"}],"event_choices":[{"damage_healed":0.0,"max_hp_gain":5.0,"max_hp_loss":0.0,"gold_gain":0.0,"event_name":"Big Fish","player_choice":"Donut","floor":2.0,"gold_loss":0.0,"damage_taken":0.0},{"damage_healed":0.0,"max_hp_gain":0.0,"max_hp_loss":0.0,"gold_gain":75.0,"event_name":"World of Goop","player_choice":"Gather Gold","floor":3.0,"gold_loss":0.0,"damage_taken":11.0},{"damage_healed":0.0,"max_hp_gain":0.0,"max_hp_loss":0.0,"gold_gain":0.0,"event_name":"Accursed Blacksmith","player_choice":"Rummage","floor":4.0,"gold_loss":0.0,"damage_taken":0.0,"relics_obtained":["WarpedTongs"],"cards_obtained":["Pain"]},{"damage_healed":20.0,"max_hp_gain":0.0,"max_hp_loss":0.0,"gold_gain":0.0,"event_name":"The Cleric","player_choice":"Healed","floor":11.0,"gold_loss":35.0,"damage_taken":0.0},{"damage_healed":0.0,"max_hp_gain":0.0,"max_hp_loss":8.0,"gold_gain":0.0,"event_name":"Golden Idol","player_choice":"Lose Max HP","floor":13.0,"gold_loss":0.0,"damage_taken":0.0,"relics_obtained":["Golden Idol"]},{"damage_healed":0.0,"max_hp_gain":0.0,"max_hp_loss":0.0,"gold_gain":0.0,"cards_transformed":["Strike_R","Strike_R"],"event_name":"Designer","player_choice":"Transformed Cards","floor":19.0,"gold_loss":75.0,"damage_taken":0.0,"cards_obtained":["Barricade","Carnage"]},{"damage_healed":0.0,"max_hp_gain":0.0,"max_hp_loss":0.0,"gold_gain":0.0,"cards_transformed":["Strike_R"],"event_name":"Transmorgrifier","player_choice":"Transformed","floor":30.0,"gold_loss":0.0,"damage_taken":0.0,"cards_obtained":["Uppercut"]},{"damage_healed":0.0,"max_hp_gain":0.0,"max_hp_loss":0.0,"gold_gain":0.0,"event_name":"SensoryStone","player_choice":"Memory 3","floor":37.0,"gold_loss":0.0,"damage_taken":10.0},{"damage_healed":14.0,"max_hp_gain":0.0,"max_hp_loss":0.0,"gold_gain":0.0,"event_name":"Winding Halls","player_choice":"Writhe","floor":39.0,"gold_loss":0.0,"damage_taken":0.0,"cards_obtained":["Writhe"]},{"cards_removed":["Writhe"],"damage_healed":0.0,"max_hp_gain":0.0,"max_hp_loss":0.0,"gold_gain":0.0,"event_name":"Purifier","player_choice":"Purged","floor":44.0,"gold_loss":0.0,"damage_taken":0.0}],"is_beta":true,"boss_relics":[{"not_picked":["Black Blood","White Beast Statue"],"picked":"Mark of Pain"},{"not_picked":["Orrery","Calling Bell"],"picked":"Coffee Dripper"}],"items_purged_floors":[14,20,41],"is_endless":false,"potions_floor_spawned":[5,7,16,21,23,27,29,31,36,45,47],"ascension_level":20}