{"gold_per_floor":[111,111,127,147,147,147,179,179,205,233,233,233,233,272,272,272],"floor_reached":16,"playtime":9192,"items_purged":[],"score":151,"play_id":"eff4e96a-9e1b-4fba-a5e6-d8aaab3d8a00","local_time":"20190519181928","is_ascension_mode":true,"campfire_choices":[{"data":"Neutralize","floor":6,"key":"SMITH"},{"data":"Dodge and Roll","floor":8,"key":"SMITH"},{"floor":11,"key":"REST"},{"floor":15,"key":"REST"}],"neow_cost":"NONE","seed_source_timestamp":14475088109320,"circlet_count":0,"master_deck":["Defend_G+1","Defend_G","Defend_G+1","Defend_G","Defend_G","Strike_G","Strike_G","Strike_G","Strike_G","Survivor+1","Neutralize+1","Madness","Backflip","Night Terror","Poisoned Stab","Corpse Explosion","Dodge and Roll+1","Poisoned Stab+1","Injury","Cloak And Dagger"],"relics":["Ring of the Snake","War Paint","Juzu Bracelet","Pen Nib","Calipers","Golden Idol","Tough Bandages"],"potions_floor_usage":[10,14],"damage_taken":[{"damage":0,"enemies":"Small Slimes","floor":1,"turns":5},{"damage":0,"enemies":"2 Louse","floor":3,"turns":3},{"damage":3,"enemies":"Cultist","floor":4,"turns":4},{"damage":12,"enemies":"3 Sentries","floor":7,"turns":4},{"damage":10,"enemies":"Lagavulin","floor":10,"turns":7},{"damage":5,"enemies":"Gremlin Nob","floor":14,"turns":4},{"damage":44,"enemies":"Hexaghost","floor":16,"turns":14}],"seed_played":"-7720265278335463791","potions_obtained":[{"floor":1,"key":"Ancient Potion"},{"floor":3,"key":"SneckoOil"},{"floor":10,"key":"Poison Potion"}],"is_trial":false,"path_per_floor":["M","?","M","M","?","R","E","R","T","E","R","?","?","E","R","B"],"character_chosen":"THE_SILENT","items_purchased":[],"campfire_rested":2,"item_purchase_floors":[],"current_hp_per_floor":[63,63,63,60,42,42,30,30,30,20,41,41,27,22,43,0],"gold":272,"neow_bonus":"RANDOM_COLORLESS","is_prod":false,"is_daily":false,"chose_seed":false,"campfire_upgraded":2,"win_rate":0,"timestamp":1558253968,"path_taken":["M","?","M","M","?","R","E","R","T","E","R","?","?","E","R","BOSS"],"build_version":"2019-01-23","purchased_purges":0,"victory":false,"max_hp_per_floor":[70,70,70,70,70,70,70,70,70,70,70,70,70,70,70,70],"card_choices":[{"not_picked":["Bane","Tactician"],"picked":"Backflip","floor":1},{"not_picked":["Flechettes","Sucker Punch"],"picked":"Poisoned Stab","floor":3},{"not_picked":["Poisoned Stab","Outmaneuver"],"picked":"Corpse Explosion","floor":4},{"not_picked":["Outmaneuver","Calculated Gamble"],"picked":"Dodge and Roll","floor":7},{"not_picked":["Flechettes","Dodge and Roll"],"picked":"Poisoned Stab","floor":10},{"not_picked":["Setup","Deadly Poison"],"picked":"Cloak And Dagger","floor":14}],"player_experience":655924,"relics_obtained":[{"floor":7,"key":"Juzu Bracelet"},{"floor":9,"key":"Pen Nib"},{"floor":10,"key":"Calipers"},{"floor":14,"key":"Tough Bandages"}],"event_choices":[{"damage_healed":0,"gold_gain":0,"cards_transformed":["Strike_G"],"player_choice":"Change","damage_taken":0,"max_hp_gain":0,"max_hp_loss":0,"event_name":"Living Wall","floor":2,"gold_loss":0,"cards_obtained":["Night Terror"]},{"damage_healed":0,"gold_gain":0,"player_choice":"Success","damage_taken":18,"relics_obtained":["War Paint"],"max_hp_gain":0,"max_hp_loss":0,"event_name":"Scrap Ooze","floor":5,"gold_loss":0},{"damage_healed":0,"gold_gain":0,"player_choice":"Take Wound","damage_taken":0,"relics_obtained":["Golden Idol"],"max_hp_gain":0,"max_hp_loss":0,"event_name":"Golden Idol","floor":12,"gold_loss":0,"cards_obtained":["Injury"]},{"damage_healed":0,"gold_gain":0,"player_choice":"Entered Light","damage_taken":14,"max_hp_gain":0,"max_hp_loss":0,"event_name":"Shining Light","floor":13,"gold_loss":0,"cards_upgraded":["Poisoned Stab","Defend_G"]}],"is_beta":false,"boss_relics":[],"items_purged_floors":[],"is_endless":false,"potions_floor_spawned":[1,3,10],"killed_by":"Hexaghost","ascension_level":6}