{"gold_per_floor":[109,129,141,141,165,13,26,26,26,26,60,85,121,196,196,292,292,317,18,18,18,36,75,75,119,143,179,195,228,228,278,278,373,373,396,420,435,435,285,328,328,328,328,42,80,103,136,136,136,136,136,136,136,31,62,62],"floor_reached":57,"playtime":4140,"items_purged":["Strike_G","Strike_G"],"score":3052,"play_id":"d1c47cc6-2abf-4670-b743-993d234c778e","local_time":"20190618124114","is_ascension_mode":true,"campfire_choices":[{"data":"Noxious Fumes","floor":8.0,"key":"SMITH"},{"data":"Wraith Form v2","floor":10.0,"key":"SMITH"},{"data":"Footwork","floor":15.0,"key":"SMITH"},{"data":"Malaise","floor":24.0,"key":"SMITH"},{"data":"Catalyst","floor":30.0,"key":"SMITH"},{"data":"Wraith Form v2","floor":32.0,"key":"SMITH"},{"data":"Well Laid Plans","floor":41.0,"key":"SMITH"},{"floor":49,"key":"RECALL"},{"data":"Wraith Form v2","floor":53,"key":"SMITH"}],"neow_cost":"NONE","seed_source_timestamp":0,"circlet_count":0,"master_deck":["AscendersBane","Strike_G","Strike_G","Strike_G","Defend_G+1","Defend_G","Defend_G","Defend_G+1","Defend_G","Survivor","Neutralize+1","Backflip","Wraith Form v2+1","Noxious Fumes+1","Footwork+1","Noxious Fumes","Adrenaline","Malaise+1","Backflip","Infinite Blades","Cloak And Dagger","Blur","Catalyst+1","Noxious Fumes+1","Wraith Form v2+1","Escape Plan+1","Wraith Form v2+1","Dodge and Roll+1","Concentrate+1","Cloak And Dagger","Well Laid Plans+1","Decay","Injury","Backflip","Acrobatics","Backflip","Dark Shackles","Panache","Cloak And Dagger","Venomology"],"special_seed":0,"relics":["Ring of the Snake","Bronze Scales","Golden Idol","Mercury Hourglass","Pear","Bottled Tornado","Philosopher\u0027s Stone","Mummified Hand","Centennial Puzzle","Matryoshka","Vajra","Snake Skull","Tingsha","Ninja Scroll","Cursed Key","Strawberry","Bag of Preparation","Paper Crane","Ornamental Fan","Orichalcum","War Paint","Unceasing Top"],"potions_floor_usage":[50,55,56,56],"damage_taken":[{"damage":0.0,"enemies":"Cultist","floor":1.0,"turns":4.0},{"damage":0.0,"enemies":"Small Slimes","floor":2.0,"turns":5.0},{"damage":0.0,"enemies":"2 Louse","floor":3.0,"turns":2.0},{"damage":25.0,"enemies":"Exordium Thugs","floor":5.0,"turns":7.0},{"damage":3.0,"enemies":"Red Slaver","floor":7.0,"turns":6.0},{"damage":8.0,"enemies":"Lagavulin","floor":11.0,"turns":8.0},{"damage":2.0,"enemies":"Blue Slaver","floor":12.0,"turns":4.0},{"damage":57.0,"enemies":"Gremlin Nob","floor":13.0,"turns":6.0},{"damage":4.0,"enemies":"Hexaghost","floor":16.0,"turns":9.0},{"damage":2.0,"enemies":"3 Byrds","floor":18.0,"turns":4.0},{"damage":2.0,"enemies":"Spheric Guardian","floor":22.0,"turns":6.0},{"damage":1.0,"enemies":"Book of Stabbing","floor":23.0,"turns":6.0},{"damage":3.0,"enemies":"Gremlin Leader","floor":25.0,"turns":7.0},{"damage":1.0,"enemies":"Slavers","floor":27.0,"turns":5.0},{"damage":0.0,"enemies":"Centurion and Healer","floor":28.0,"turns":4.0},{"damage":1.0,"enemies":"Book of Stabbing","floor":29.0,"turns":5.0},{"damage":10.0,"enemies":"Champ","floor":33.0,"turns":10.0},{"damage":2.0,"enemies":"Orb Walker","floor":35.0,"turns":4.0},{"damage":0.0,"enemies":"3 Shapes","floor":36.0,"turns":5.0},{"damage":11.0,"enemies":"Spire Growth","floor":37.0,"turns":6.0},{"damage":6.0,"enemies":"Nemesis","floor":40.0,"turns":7.0},{"damage":6.0,"enemies":"Giant Head","floor":45.0,"turns":9.0},{"damage":0.0,"enemies":"3 Darklings","floor":46.0,"turns":5.0},{"damage":0,"enemies":"Nemesis","floor":47,"turns":7},{"damage":0,"enemies":"Donu and Deca","floor":50,"turns":10},{"damage":12,"enemies":"Awakened One","floor":51,"turns":15},{"damage":0,"enemies":"Shield and Spear","floor":55,"turns":7},{"damage":48,"enemies":"The Heart","floor":56,"turns":12}],"seed_played":"908556972218917","potions_obtained":[{"floor":7.0,"key":"Regen Potion"},{"floor":11.0,"key":"Regen Potion"},{"floor":13.0,"key":"FearPotion"},{"floor":16.0,"key":"FearPotion"},{"floor":22.0,"key":"Poison Potion"},{"floor":23.0,"key":"Block Potion"},{"floor":33.0,"key":"Regen Potion"},{"floor":36.0,"key":"GhostInAJar"},{"floor":40.0,"key":"AttackPotion"},{"floor":47,"key":"Regen Potion"}],"is_trial":false,"path_per_floor":["M","M","M","?","M","$","M","R","T","R","E","M","E","?","R","B",null,"M","$","?","$","M","E","R","E","T","E","M","E","R","?","R","B",null,"M","M","M","?","$","E","R","T","T","$","E","M","E","?","R","B","B",null,"R","$","E","B",null],"character_chosen":"THE_SILENT","items_purchased":["Footwork","Mummified Hand","Infinite Blades","Cloak And Dagger","Ornamental Fan","GamblersBrew","Cloak And Dagger"],"campfire_rested":0,"item_purchase_floors":[6,19,19,39,44,54,54],"current_hp_per_floor":[59,59,59,59,34,34,31,31,31,31,33,31,19,8,8,4,54,52,52,52,52,50,49,49,46,46,45,45,44,44,44,44,34,61,59,59,48,48,48,64,64,64,64,64,58,58,58,48,48,63,51,71,71,71,71,23],"gold":62,"neow_bonus":"RANDOM_COMMON_RELIC","is_prod":false,"is_daily":false,"chose_seed":false,"campfire_upgraded":8,"win_rate":0,"timestamp":1560876074,"path_taken":["M","M","?","?","M","$","M","R","T","R","E","M","E","?","R","BOSS","M","$","?","?","?","E","R","E","T","E","M","E","R","?","R","BOSS","M","?","M","?","$","E","R","?","T","?","E","?","E","?","R","BOSS","BOSS","R","$","E","BOSS"],"build_version":"2019-06-17v2","purchased_purges":2,"victory":true,"max_hp_per_floor":[66,66,66,60,60,60,60,60,60,60,70,70,70,70,70,70,70,70,70,70,70,70,70,70,70,70,70,70,70,70,70,70,70,70,70,70,70,70,70,77,77,77,77,77,77,77,77,77,77,77,77,77,77,77,77,77],"card_choices":[{"not_picked":["PiercingWail","Acrobatics"],"picked":"Backflip","floor":1.0},{"not_picked":["Bane","Deadly Poison"],"picked":"Skewer","floor":2.0},{"not_picked":["Slice","Dagger Throw"],"picked":"Wraith Form v2","floor":3.0},{"not_picked":["Cloak And Dagger","Leg Sweep"],"picked":"Noxious Fumes","floor":5.0},{"not_picked":["Quick Slash","Bane","Tactician"],"picked":"SKIP","floor":7.0},{"not_picked":["Blur","Quick Slash"],"picked":"Noxious Fumes","floor":11.0},{"not_picked":["Flying Knee","Terror","Deadly Poison"],"picked":"SKIP","floor":12.0},{"not_picked":["Bane","Dash"],"picked":"Adrenaline","floor":13.0},{"not_picked":["Glass Knife","Adrenaline"],"picked":"Malaise","floor":16.0},{"not_picked":["Endless Agony","Flying Knee"],"picked":"Backflip","floor":18.0},{"not_picked":["PiercingWail","Masterful Stab"],"picked":"Cloak And Dagger","floor":22.0},{"not_picked":["Expertise","Flechettes+1"],"picked":"Blur","floor":23.0},{"not_picked":["Acrobatics","Sucker Punch+1"],"picked":"Catalyst","floor":25.0},{"not_picked":["Choke","Backflip"],"picked":"Noxious Fumes+1","floor":27.0},{"not_picked":["Acrobatics","Underhanded Strike"],"picked":"Wraith Form v2","floor":28.0},{"not_picked":["Outmaneuver","Bane"],"picked":"Escape Plan+1","floor":29.0},{"not_picked":["Venomology","Grand Finale"],"picked":"Wraith Form v2","floor":33.0},{"not_picked":["Blade Dance","Slice","Endless Agony"],"picked":"SKIP","floor":35.0},{"not_picked":["Escape Plan","Dagger Spray"],"picked":"Dodge and Roll+1","floor":36.0},{"not_picked":["Reflex+1","Adrenaline"],"picked":"Concentrate+1","floor":37.0},{"not_picked":["Poisoned Stab","Quick Slash"],"picked":"Well Laid Plans","floor":40.0},{"not_picked":["Acrobatics","PiercingWail+1"],"picked":"Backflip","floor":45.0},{"not_picked":["Dagger Spray","Heel Hook"],"picked":"Acrobatics","floor":46.0},{"not_picked":["Terror","Calculated Gamble"],"picked":"Backflip","floor":47},{"not_picked":["Impatience","Forethought"],"picked":"Dark Shackles","floor":48},{"not_picked":["Bandage Up","Blind"],"picked":"Panache","floor":48},{"not_picked":["Heel Hook","Deadly Poison"],"picked":"Venomology","floor":55}],"player_experience":2978120,"relics_obtained":[{"floor":9.0,"key":"Mercury Hourglass"},{"floor":11.0,"key":"Pear"},{"floor":13.0,"key":"Bottled Tornado"},{"floor":23.0,"key":"Centennial Puzzle"},{"floor":25.0,"key":"Matryoshka"},{"floor":26.0,"key":"Vajra"},{"floor":26.0,"key":"Snake Skull"},{"floor":27.0,"key":"Tingsha"},{"floor":29.0,"key":"Ninja Scroll"},{"floor":40.0,"key":"Strawberry"},{"floor":42.0,"key":"Bag of Preparation"},{"floor":43.0,"key":"Paper Crane"},{"floor":45.0,"key":"Orichalcum"},{"floor":47,"key":"War Paint"},{"floor":55,"key":"Unceasing Top"}],"event_choices":[{"damage_healed":0.0,"max_hp_gain":0.0,"max_hp_loss":6.0,"gold_gain":0.0,"event_name":"Golden Idol","player_choice":"Lose Max HP","floor":4.0,"gold_loss":0.0,"damage_taken":0.0,"relics_obtained":["Golden Idol"]},{"damage_healed":0.0,"max_hp_gain":0.0,"max_hp_loss":0.0,"gold_gain":75.0,"event_name":"World of Goop","player_choice":"Gather Gold","floor":14.0,"gold_loss":0.0,"damage_taken":11.0},{"damage_healed":0.0,"max_hp_gain":0.0,"max_hp_loss":0.0,"gold_gain":0.0,"event_name":"Accursed Blacksmith","player_choice":"Forge","floor":20.0,"gold_loss":0.0,"damage_taken":0.0,"cards_upgraded":["Neutralize"]},{"damage_healed":0.0,"max_hp_gain":0.0,"max_hp_loss":0.0,"gold_gain":50.0,"event_name":"Golden Shrine","player_choice":"Pray","floor":31.0,"gold_loss":0.0,"damage_taken":0.0},{"cards_removed":["Skewer"],"damage_healed":0.0,"max_hp_gain":0.0,"max_hp_loss":0.0,"gold_gain":0.0,"event_name":"Falling","player_choice":"Removed Attack","floor":38.0,"gold_loss":0.0,"damage_taken":0.0},{"damage_healed":0,"gold_gain":0,"player_choice":"Memory 3","damage_taken":10,"max_hp_gain":0,"max_hp_loss":0,"event_name":"SensoryStone","floor":48,"gold_loss":0}],"is_beta":true,"boss_relics":[{"not_picked":["Runic Pyramid","Ectoplasm"],"picked":"Philosopher\u0027s Stone"},{"not_picked":["Tiny House","Runic Dome"],"picked":"Cursed Key"}],"items_purged_floors":[6,39],"is_endless":false,"potions_floor_spawned":[7,11,13,16,22,23,33,36,37,40,47],"ascension_level":20}