{"gold_per_floor":[17,30,30,40,40,71,89,118,118,118,118,131,166,7,7,80,80,99,99,99,14,26,60,60,70,94,117,148,168,200,124,124,199,199,215,231,231,251,270,298,298,298,298,309,334,334,334,363,363,363,363,363,363,14,14],"floor_reached":55,"playtime":5170,"items_purged":["Strike_B","Defend_B"],"score":2266,"play_id":"b03100a0-3470-4e70-bd84-9315f528690f","local_time":"20190711135340","is_ascension_mode":true,"campfire_choices":[{"floor":10.0,"key":"REST"},{"data":"Defragment","floor":15.0,"key":"SMITH"},{"data":"Coolheaded","floor":24.0,"key":"SMITH"},{"data":"Loop","floor":32.0,"key":"SMITH"},{"data":"Fission","floor":42.0,"key":"SMITH"},{"data":"Capacitor","floor":46.0,"key":"SMITH"},{"floor":49.0,"key":"RECALL"},{"data":"Loop","floor":53.0,"key":"SMITH"}],"neow_cost":"NO_GOLD","seed_source_timestamp":0,"circlet_count":0,"master_deck":["AscendersBane","Strike_B","Defend_B","Defend_B","Defend_B","Zap","Dualcast","Glacier","Loop+1","Ball Lightning","Steam","Undo","Ball Lightning","Defragment+1","Coolheaded+1","FTL","Self Repair","Core Surge","Coolheaded","Capacitor+1","Electrodynamics","Doom and Gloom","Cold Snap","BootSequence","Go for the Eyes+1","Compile Driver","Undo","Loop+1","Coolheaded","Steam","Glacier","Fission+1","Coolheaded","Coolheaded+1","Coolheaded","Pain","Loop+1","Stack","Skim","Coolheaded+1","Reinforced Body+1","Darkness","Loop","Lockon"],"special_seed":0,"relics":["Cracked Core","Incense Burner","Emotion Chip","Prayer Wheel","Nunchaku","Potion Belt","Sozu","Happy Flower","Orichalcum","Anchor","Strawberry","Gambling Chip","Coffee Dripper","WarpedTongs","Blood Vial","Bottled Flame","Boot","PreservedInsect"],"potions_floor_usage":[],"damage_taken":[{"damage":0.0,"enemies":"Cultist","floor":1.0,"turns":3.0},{"damage":4.0,"enemies":"2 Louse","floor":2.0,"turns":3.0},{"damage":5.0,"enemies":"Small Slimes","floor":4.0,"turns":4.0},{"damage":25.0,"enemies":"Gremlin Nob","floor":6.0,"turns":4.0},{"damage":7.0,"enemies":"Looter","floor":7.0,"turns":3.0},{"damage":11.0,"enemies":"Lagavulin","floor":8.0,"turns":6.0},{"damage":0.0,"enemies":"2 Fungi Beasts","floor":12.0,"turns":4.0},{"damage":17.0,"enemies":"Gremlin Nob","floor":13.0,"turns":4.0},{"damage":0.0,"enemies":"The Guardian","floor":16.0,"turns":13.0},{"damage":13.0,"enemies":"Chosen","floor":18.0,"turns":5.0},{"damage":1.0,"enemies":"3 Byrds","floor":22.0,"turns":4.0},{"damage":21.0,"enemies":"Gremlin Leader","floor":23.0,"turns":7.0},{"damage":0.0,"enemies":"Centurion and Healer","floor":25.0,"turns":5.0},{"damage":14.0,"enemies":"Slavers","floor":28.0,"turns":12.0},{"damage":0.0,"enemies":"Snake Plant","floor":29.0,"turns":5.0},{"damage":16.0,"enemies":"Gremlin Leader","floor":30.0,"turns":6.0},{"damage":9.0,"enemies":"Champ","floor":33.0,"turns":11.0},{"damage":0.0,"enemies":"3 Shapes","floor":35.0,"turns":2.0},{"damage":0.0,"enemies":"Orb Walker","floor":36.0,"turns":4.0},{"damage":36.0,"enemies":"Jaw Worm Horde","floor":38.0,"turns":6.0},{"damage":11.0,"enemies":"3 Darklings","floor":39.0,"turns":8.0},{"damage":4.0,"enemies":"Reptomancer","floor":40.0,"turns":8.0},{"damage":4.0,"enemies":"Spire Growth","floor":44.0,"turns":8.0},{"damage":23.0,"enemies":"Giant Head","floor":45.0,"turns":9.0},{"damage":2.0,"enemies":"Nemesis","floor":48.0,"turns":7.0},{"damage":53.0,"enemies":"Awakened One","floor":50.0,"turns":27.0},{"damage":4.0,"enemies":"Time Eater","floor":51.0,"turns":37.0},{"damage":76,"enemies":"Shield and Spear","floor":55,"turns":5}],"seed_played":"908556972219051","potions_obtained":[{"floor":4.0,"key":"Poison Potion"},{"floor":8.0,"key":"Strength Potion"},{"floor":13.0,"key":"AttackPotion"},{"floor":16.0,"key":"FocusPotion"}],"is_trial":false,"path_per_floor":["M","M","?","M","?","E","M","E","T","R","?","M","E","$","R","B",null,"M","?","?","?","M","E","R","M","T","T","E","M","E","$","R","B",null,"M","M","?","M","M","E","?","R","T","M","E","R","?","E","R","B","B",null,"R","$","E"],"character_chosen":"DEFECT","items_purchased":["Self Repair","Glacier","Darkness","Loop","Lockon"],"campfire_rested":1,"item_purchase_floors":[14,31,54,54,54],"current_hp_per_floor":[78,74,74,69,69,44,37,26,26,51,33,33,16,16,16,23,70,64,64,81,81,85,71,71,78,78,78,78,85,76,76,76,74,88,88,92,92,63,52,55,55,55,55,60,46,46,46,56,56,15,20,74,74,74,0],"gold":14,"neow_bonus":"TWENTY_PERCENT_HP_BONUS","is_prod":false,"is_daily":false,"chose_seed":false,"campfire_upgraded":6,"win_rate":0,"timestamp":1562867620,"path_taken":["M","M","?","M","?","E","M","E","T","R","?","M","E","$","R","BOSS","M","?","?","?","M","E","R","M","T","?","E","?","E","?","R","BOSS","M","M","?","M","?","E","?","R","T","M","E","R","?","E","R","BOSS","BOSS","R","$","E"],"build_version":"2019-07-10","purchased_purges":2,"victory":false,"max_hp_per_floor":[85,85,85,85,85,85,85,85,85,85,85,85,85,85,85,85,85,85,85,85,85,85,85,85,85,85,85,92,92,92,92,92,92,92,92,92,92,92,92,92,92,92,92,92,92,92,92,92,92,92,92,92,92,92,92],"card_choices":[{"not_picked":["Sweeping Beam","Turbo"],"picked":"Glacier","floor":1.0},{"not_picked":["White Noise","Blizzard"],"picked":"Loop","floor":2.0},{"not_picked":["Recycle","Double Energy"],"picked":"Ball Lightning","floor":4.0},{"not_picked":["Sweeping Beam","Conserve Battery"],"picked":"Steam","floor":6.0},{"not_picked":["Beam Cell","Aggregate"],"picked":"Undo","floor":7.0},{"not_picked":["White Noise","Stack"],"picked":"Ball Lightning","floor":8.0},{"not_picked":["Consume","Gash"],"picked":"Defragment","floor":12.0},{"not_picked":["Multi-Cast","Heatsinks"],"picked":"Coolheaded","floor":12.0},{"not_picked":["Redo","Steam"],"picked":"FTL","floor":13.0},{"not_picked":["Thunder Strike","Reboot"],"picked":"Core Surge","floor":16.0},{"not_picked":["Sweeping Beam","Cold Snap"],"picked":"Coolheaded","floor":18.0},{"not_picked":["Hologram","Scrape"],"picked":"Capacitor","floor":18.0},{"not_picked":["Conserve Battery","Undo"],"picked":"Cold Snap","floor":22.0},{"not_picked":["Auto Shields","Chaos"],"picked":"BootSequence","floor":22.0},{"not_picked":["Conserve Battery","All For One"],"picked":"Go for the Eyes+1","floor":23.0},{"not_picked":["Sweeping Beam","Turbo"],"picked":"Compile Driver","floor":25.0},{"not_picked":["Go for the Eyes","Conserve Battery"],"picked":"Undo","floor":25.0},{"not_picked":["Hologram","BootSequence"],"picked":"Loop","floor":28.0},{"not_picked":["Compile Driver","Blizzard"],"picked":"Coolheaded","floor":29.0},{"not_picked":["Chaos+1","Hello World","Darkness"],"picked":"SKIP","floor":29.0},{"not_picked":["Sunder+1","Scrape"],"picked":"Steam","floor":30.0},{"not_picked":["Machine Learning","All For One"],"picked":"Fission","floor":33.0},{"not_picked":["Steam","Rip and Tear"],"picked":"Coolheaded","floor":35.0},{"not_picked":["Beam Cell","Undo"],"picked":"Coolheaded+1","floor":35.0},{"not_picked":["Beam Cell","White Noise"],"picked":"Coolheaded","floor":36.0},{"not_picked":["Sweeping Beam","White Noise","Chill"],"picked":"SKIP","floor":36.0},{"not_picked":["Genetic Algorithm","Turbo"],"picked":"Loop","floor":38.0},{"not_picked":["Darkness","Beam Cell+1"],"picked":"Stack","floor":38.0},{"not_picked":["Ball Lightning","Stack"],"picked":"Skim","floor":39.0},{"not_picked":["Barrage","Hyperbeam","Gash"],"picked":"SKIP","floor":39.0},{"not_picked":["Reprogram","Double Energy","Electrodynamics"],"picked":"SKIP","floor":40.0},{"not_picked":["Genetic Algorithm","Cold Snap+1"],"picked":"Coolheaded+1","floor":44.0},{"not_picked":["Go for the Eyes","Steam","Leap"],"picked":"SKIP","floor":44.0},{"not_picked":["Steam Power","Storm","Gash"],"picked":"SKIP","floor":45.0},{"not_picked":["Conserve Battery","BootSequence"],"picked":"Reinforced Body+1","floor":48.0}],"player_experience":3196953,"relics_obtained":[{"floor":6.0,"key":"Incense Burner"},{"floor":8.0,"key":"Emotion Chip"},{"floor":9.0,"key":"Prayer Wheel"},{"floor":13.0,"key":"Potion Belt"},{"floor":23.0,"key":"Orichalcum"},{"floor":26.0,"key":"Anchor"},{"floor":28.0,"key":"Strawberry"},{"floor":30.0,"key":"Gambling Chip"},{"floor":40.0,"key":"Blood Vial"},{"floor":43.0,"key":"Bottled Flame"},{"floor":45.0,"key":"Boot"},{"floor":48.0,"key":"PreservedInsect"}],"event_choices":[{"damage_healed":0.0,"max_hp_gain":0.0,"max_hp_loss":0.0,"gold_gain":0.0,"event_name":"Living Wall","player_choice":"Grow","floor":3.0,"gold_loss":0.0,"damage_taken":0.0,"cards_upgraded":["Loop"]},{"damage_healed":0.0,"max_hp_gain":0.0,"max_hp_loss":0.0,"gold_gain":0.0,"event_name":"Liars Game","player_choice":"Ignored","floor":5.0,"gold_loss":0.0,"damage_taken":0.0},{"damage_healed":0.0,"max_hp_gain":0.0,"max_hp_loss":0.0,"gold_gain":0.0,"event_name":"Scrap Ooze","player_choice":"Success","floor":11.0,"gold_loss":0.0,"damage_taken":18.0,"relics_obtained":["Nunchaku"]},{"damage_healed":0.0,"max_hp_gain":0.0,"max_hp_loss":0.0,"gold_gain":0.0,"cards_transformed":["Strike_B","Strike_B"],"event_name":"Drug Dealer","player_choice":"Became Test Subject","floor":19.0,"gold_loss":0.0,"damage_taken":0.0,"cards_obtained":["Electrodynamics","Doom and Gloom"]},{"damage_healed":17.0,"max_hp_gain":0.0,"max_hp_loss":0.0,"gold_gain":0.0,"event_name":"The Library","player_choice":"Heal","floor":20.0,"gold_loss":0.0,"damage_taken":0.0},{"damage_healed":0.0,"max_hp_gain":0.0,"max_hp_loss":0.0,"gold_gain":0.0,"event_name":"Addict","player_choice":"Obtained Relic","floor":21.0,"gold_loss":85.0,"damage_taken":0.0,"relics_obtained":["Happy Flower"]},{"damage_healed":0.0,"max_hp_gain":0.0,"max_hp_loss":0.0,"gold_gain":0.0,"event_name":"Accursed Blacksmith","player_choice":"Rummage","floor":37.0,"gold_loss":0.0,"damage_taken":0.0,"relics_obtained":["WarpedTongs"],"cards_obtained":["Pain"]},{"damage_healed":0.0,"max_hp_gain":0.0,"max_hp_loss":0.0,"gold_gain":0.0,"event_name":"Mysterious Sphere","player_choice":"Ignored","floor":41.0,"gold_loss":0.0,"damage_taken":0.0},{"damage_healed":0.0,"max_hp_gain":0.0,"max_hp_loss":0.0,"gold_gain":0.0,"event_name":"SensoryStone","player_choice":"Memory 1","floor":47.0,"gold_loss":0.0,"damage_taken":0.0}],"is_beta":true,"boss_relics":[{"not_picked":["Empty Cage","Pandora\u0027s Box"],"picked":"Sozu"},{"not_picked":["White Beast Statue","Philosopher\u0027s Stone"],"picked":"Coffee Dripper"}],"items_purged_floors":[14,54],"is_endless":false,"potions_floor_spawned":[4,8,13,16,18,23,28,30,36,38,44,48],"killed_by":"Shield and Spear","ascension_level":20}