{"gold_per_floor":[115,115,130,130,144,144,144,92,92,92,52,68,83,110,110,212,212,232,244,263,3,84,84,100,133,133,152,152,29,54,64,64,161,161,172,172,186,186,16,33,45,45,127,140,140,156,169,169],"floor_reached":48,"playtime":4244,"items_purged":[],"score":501,"play_id":"ea8db6a2-a80c-487b-9319-56d18f55a6eb","local_time":"20190326045157","is_ascension_mode":false,"campfire_choices":[{"floor":6,"key":"RECALL"},{"data":"Neutralize","floor":10,"key":"SMITH"},{"data":"Infinite Blades","floor":15,"key":"SMITH"},{"data":"Accuracy","floor":23,"key":"SMITH"},{"floor":28,"key":"REST"},{"floor":32,"key":"REST"},{"floor":42,"key":"REST"},{"floor":45,"key":"REST"}],"neow_cost":"NONE","seed_source_timestamp":30420016813613,"circlet_count":0,"master_deck":["Defend_G","Defend_G","Defend_G","Defend_G","Defend_G","Strike_G","Strike_G","Strike_G","Strike_G","Strike_G","Survivor","Neutralize+1","Skewer","Accuracy+1","Dagger Throw","Dagger Spray","Infinite Blades+1","Endless Agony","Finisher","Adrenaline","Adrenaline","Distraction+1","Blade Dance+1","Underhanded Strike+1","Heel Hook","Storm of Steel","Caltrops","Flying Knee","Blade Dance","Sucker Punch","Prepared","Cloak And Dagger+1","Dodge and Roll+1","Quick Slash+1","PiercingWail+1","Deflect+1","Footwork","Blade Dance+1","Outmaneuver","Acrobatics","Cloak And Dagger","Accuracy","Outmaneuver","Cloak And Dagger+1","Prepared+1","Deflect+1"],"relics":["Ring of the Snake","NeowsBlessing","PreservedInsect","Kunai","Blood Vial","WristBlade","Bottled Flame","Tiny Chest","Pear","Bottled Tornado","Art of War","Orrery","Pen Nib","Blue Candle"],"potions_floor_usage":[14,16,19,27,30,31,33,37,44,48],"damage_taken":[{"damage":0,"enemies":"Small Slimes","floor":1,"turns":1},{"damage":0,"enemies":"2 Louse","floor":3,"turns":1},{"damage":0,"enemies":"Jaw Worm","floor":5,"turns":1},{"damage":0,"enemies":"Blue Slaver","floor":12,"turns":5},{"damage":8,"enemies":"Lots of Slimes","floor":13,"turns":3},{"damage":4,"enemies":"Lagavulin","floor":14,"turns":4},{"damage":49,"enemies":"Hexaghost","floor":16,"turns":12},{"damage":2,"enemies":"Shell Parasite","floor":18,"turns":5},{"damage":0,"enemies":"3 Byrds","floor":19,"turns":3},{"damage":7,"enemies":"3 Cultists","floor":20,"turns":4},{"damage":15,"enemies":"Centurion and Healer","floor":24,"turns":5},{"damage":51,"enemies":"Slavers","floor":25,"turns":5},{"damage":9,"enemies":"Shelled Parasite and Fungi","floor":27,"turns":4},{"damage":14,"enemies":"Book of Stabbing","floor":30,"turns":4},{"damage":11,"enemies":"Snake Plant","floor":31,"turns":3},{"damage":44,"enemies":"Collector","floor":33,"turns":7},{"damage":4,"enemies":"Orb Walker","floor":35,"turns":3},{"damage":54,"enemies":"3 Shapes","floor":37,"turns":9},{"damage":5,"enemies":"Spire Growth","floor":40,"turns":5},{"damage":8,"enemies":"Maw","floor":41,"turns":6},{"damage":24,"enemies":"Jaw Worm Horde","floor":44,"turns":3},{"damage":23,"enemies":"4 Shapes","floor":46,"turns":4},{"damage":4,"enemies":"Sphere and 2 Shapes","floor":47,"turns":3},{"damage":29,"enemies":"Maw","floor":48,"turns":7}],"seed_played":"-357983132354845798","potions_obtained":[{"floor":1,"key":"EssenceOfSteel"},{"floor":13,"key":"SteroidPotion"},{"floor":16,"key":"LiquidBronze"},{"floor":25,"key":"Regen Potion"},{"floor":27,"key":"EssenceOfSteel"},{"floor":30,"key":"Weak Potion"},{"floor":31,"key":"GhostInAJar"},{"floor":35,"key":"Ancient Potion"},{"floor":41,"key":"Fire Potion"},{"floor":44,"key":"SpeedPotion"}],"is_trial":false,"path_per_floor":["M","?","M","?","M","R","?","$","T","R","$","M","M","E","R","B",null,"M","M","M","$","T","R","M","E","T","M","R","$","E","M","R","B",null,"M","?","M","T","$","M","M","R","T","M","R","M","M","M"],"character_chosen":"THE_SILENT","items_purchased":["Dagger Spray","Infinite Blades","Bottled Flame","Flying Knee","Blade Dance","Sucker Punch","Pen Nib","Cloak And Dagger"],"campfire_rested":4,"item_purchase_floors":[8,11,21,29,29,29,39,39],"current_hp_per_floor":[70,70,70,70,70,70,70,70,70,70,70,70,62,58,58,11,70,68,70,63,63,63,63,50,11,11,16,40,40,28,19,43,1,80,76,76,24,24,24,21,15,39,39,17,41,20,18,0],"gold":169,"neow_bonus":"THREE_ENEMY_KILL","is_prod":false,"is_daily":false,"chose_seed":false,"campfire_upgraded":3,"win_rate":0,"timestamp":1553539917,"path_taken":["M","?","M","?","M","R","?","$","T","R","?","M","?","E","R","BOSS","M","M","M","$","?","R","M","E","T","M","R","$","E","?","R","BOSS","M","?","?","?","$","M","M","R","T","M","R","?","M","M"],"build_version":"2019-01-23","purchased_purges":0,"victory":false,"max_hp_per_floor":[70,70,70,70,70,70,70,70,70,70,70,70,70,70,70,70,70,70,70,70,70,70,70,70,80,80,80,80,80,80,80,80,80,80,80,80,80,80,80,80,80,80,80,80,80,80,80,80],"card_choices":[{"not_picked":["Masterful Stab","Outmaneuver"],"picked":"Skewer","floor":1},{"not_picked":["Dodge and Roll","Outmaneuver"],"picked":"Accuracy","floor":3},{"not_picked":["PiercingWail","Poisoned Stab"],"picked":"Dagger Throw","floor":5},{"not_picked":["Dagger Throw","Underhanded Strike"],"picked":"Endless Agony","floor":12},{"not_picked":["Dagger Throw","Wraith Form v2"],"picked":"Finisher","floor":13},{"not_picked":["Outmaneuver","Sucker Punch"],"picked":"Adrenaline","floor":14},{"not_picked":["Die Die Die","Venomology"],"picked":"Adrenaline","floor":16},{"not_picked":["Tactician+1","Sucker Punch"],"picked":"Distraction+1","floor":18},{"not_picked":["Predator","Outmaneuver"],"picked":"Blade Dance+1","floor":19},{"not_picked":["Crippling Poison","Deadly Poison+1"],"picked":"Underhanded Strike+1","floor":20},{"not_picked":["Deadly Poison","Dagger Throw+1"],"picked":"Heel Hook","floor":24},{"not_picked":["Tactician","Reflex"],"picked":"Storm of Steel","floor":25},{"not_picked":["Dagger Throw+1","Reflex"],"picked":"Caltrops","floor":27},{"not_picked":["Blade Dance","Outmaneuver+1"],"picked":"Prepared","floor":30},{"not_picked":["Deadly Poison","Flying Knee"],"picked":"Cloak And Dagger+1","floor":31},{"not_picked":["Storm of Steel","Malaise"],"picked":"Wraith Form v2","floor":33},{"not_picked":["Sucker Punch","Eviscerate"],"picked":"Dodge and Roll+1","floor":34},{"not_picked":["Acrobatics","Deadly Poison+1"],"picked":"Quick Slash+1","floor":34},{"not_picked":["Bane","Dagger Spray"],"picked":"PiercingWail+1","floor":34},{"not_picked":["Backstab+1","Accuracy"],"picked":"Deflect+1","floor":34},{"not_picked":["Dodge and Roll","Crippling Poison"],"picked":"Footwork","floor":34},{"not_picked":["Glass Knife","Eviscerate"],"picked":"Blade Dance+1","floor":35},{"not_picked":["Dagger Spray","Dash+1"],"picked":"Acrobatics","floor":37},{"not_picked":["Acrobatics","Poisoned Stab+1"],"picked":"Accuracy","floor":40},{"not_picked":["Bullet Time","Dodge and Roll"],"picked":"Outmaneuver","floor":41},{"not_picked":["Setup","Skewer"],"picked":"Cloak And Dagger+1","floor":44},{"not_picked":["Blur","Deflect"],"picked":"Prepared+1","floor":46},{"not_picked":["PiercingWail","Underhanded Strike+1"],"picked":"Deflect+1","floor":47}],"player_experience":137191,"relics_obtained":[{"floor":9,"key":"Kunai"},{"floor":14,"key":"Blood Vial"},{"floor":22,"key":"Tiny Chest"},{"floor":25,"key":"Pear"},{"floor":26,"key":"Bottled Tornado"},{"floor":30,"key":"Art of War"},{"floor":43,"key":"Blue Candle"}],"event_choices":[{"damage_healed":0,"gold_gain":0,"player_choice":"Box","damage_taken":0,"relics_obtained":["PreservedInsect"],"max_hp_gain":0,"max_hp_loss":0,"event_name":"Big Fish","floor":2,"gold_loss":0,"cards_obtained":["Regret"]},{"damage_healed":0,"gold_gain":0,"player_choice":"Ignored","damage_taken":0,"max_hp_gain":0,"max_hp_loss":0,"event_name":"Golden Wing","floor":4,"gold_loss":0},{"cards_removed":["Regret"],"damage_healed":0,"gold_gain":0,"player_choice":"Forget","damage_taken":0,"max_hp_gain":0,"max_hp_loss":0,"event_name":"Living Wall","floor":7,"gold_loss":0},{"damage_healed":0,"gold_gain":0,"cards_transformed":["Wraith Form v2"],"player_choice":"Transformed","damage_taken":0,"max_hp_gain":0,"max_hp_loss":0,"event_name":"Transmorgrifier","floor":36,"gold_loss":0,"cards_obtained":["Outmaneuver"]}],"is_beta":false,"boss_relics":[{"not_picked":["HoveringKite","Tiny House"],"picked":"WristBlade"},{"not_picked":["Velvet Choker","Coffee Dripper"],"picked":"Orrery"}],"items_purged_floors":[],"is_endless":false,"potions_floor_spawned":[1,13,16,25,27,30,31,35,41,44],"killed_by":"Maw","ascension_level":0}