{"gold_per_floor":[143,160,170,170,187,187,222,222,222,236,511,524,550,563,563,664,664,684,694,175,187,203,203],"floor_reached":23,"playtime":941,"items_purged":[],"score":197,"play_id":"72606b62-d813-4adc-bfe5-e36845673fff","local_time":"20190327153201","is_ascension_mode":false,"campfire_choices":[{"data":"Twin Strike","floor":6,"key":"SMITH"},{"floor":8,"key":"REST"},{"floor":15,"key":"REST"}],"neow_cost":"NONE","seed_source_timestamp":17559080713268,"circlet_count":0,"master_deck":["Strike_R","Strike_R","Strike_R","Strike_R","Strike_R","Defend_R","Defend_R","Defend_R","Defend_R","Bash","Flex","Twin Strike+1","Flex","Perfected Strike","Clothesline","Regret","Anger","Dual Wield","Spot Weakness","Immolate","Anger","Perfected Strike","Pommel Strike","Armaments","Feel No Pain","Sentinel","Twin Strike","Thunderclap","Armaments","Mind Blast","Metallicize","Perfected Strike"],"relics":["Burning Blood","Tiny Chest","Letter Opener","Pantograph","Odd Mushroom","Orrery","Happy Flower","Lee\u0027s Waffle"],"potions_floor_usage":[7,7,13,13,22,23],"damage_taken":[{"damage":8,"enemies":"2 Louse","floor":1,"turns":3},{"damage":5,"enemies":"Cultist","floor":2,"turns":4},{"damage":0,"enemies":"Small Slimes","floor":3,"turns":3},{"damage":22,"enemies":"Gremlin Gang","floor":5,"turns":6},{"damage":26,"enemies":"Lagavulin","floor":7,"turns":5},{"damage":7,"enemies":"2 Fungi Beasts","floor":10,"turns":3},{"damage":19,"enemies":"Exordium Wildlife","floor":12,"turns":4},{"damage":17,"enemies":"The Mushroom Lair","floor":13,"turns":3},{"damage":5,"enemies":"Looter","floor":14,"turns":2},{"damage":64,"enemies":"The Guardian","floor":16,"turns":10},{"damage":52,"enemies":"3 Byrds","floor":18,"turns":5},{"damage":27,"enemies":"2 Thieves","floor":19,"turns":3},{"damage":64,"enemies":"Shelled Parasite and Fungi","floor":21,"turns":6},{"damage":8,"enemies":"Snecko","floor":22,"turns":6},{"damage":36,"enemies":"Book of Stabbing","floor":23,"turns":4}],"seed_played":"7226955575462190942","potions_obtained":[{"floor":1,"key":"Swift Potion"},{"floor":2,"key":"EssenceOfSteel"},{"floor":5,"key":"Energy Potion"},{"floor":10,"key":"Explosive Potion"},{"floor":21,"key":"Weak Potion"},{"floor":22,"key":"BloodPotion"}],"is_trial":false,"path_per_floor":["M","M","M","?","M","R","E","R","T","M","?","M","?","M","R","B",null,"M","M","$","M","M","E"],"character_chosen":"IRONCLAD","items_purchased":["Happy Flower","Lee\u0027s Waffle","Thunderclap","Armaments","Mind Blast"],"campfire_rested":2,"item_purchase_floors":[20,20,20,20,20],"current_hp_per_floor":[78,79,80,80,64,64,44,68,68,67,67,54,43,44,68,22,80,34,13,87,29,27,0],"gold":203,"neow_bonus":"RANDOM_COMMON_RELIC","is_prod":false,"is_daily":false,"chose_seed":false,"campfire_upgraded":1,"win_rate":0,"timestamp":1553664721,"path_taken":["M","M","M","?","?","R","E","R","T","M","?","?","?","M","R","BOSS","M","M","$","M","M","E"],"build_version":"2019-01-23","purchased_purges":0,"victory":false,"max_hp_per_floor":[80,80,80,80,80,80,80,80,80,80,80,80,80,80,80,80,80,80,80,87,87,87,87],"card_choices":[{"not_picked":["Carnage","Headbutt"],"picked":"Flex","floor":1},{"not_picked":["Searing Blow","Second Wind"],"picked":"Carnage","floor":2},{"not_picked":["Heavy Blade","Sword Boomerang"],"picked":"Twin Strike","floor":3},{"not_picked":["Shrug It Off","Reckless Charge"],"picked":"Flex","floor":5},{"not_picked":["Evolve","Sever Soul"],"picked":"Perfected Strike","floor":7},{"not_picked":["Sever Soul","True Grit"],"picked":"Clothesline","floor":10},{"not_picked":["Havoc","Shrug It Off"],"picked":"Anger","floor":12},{"not_picked":["Rampage","True Grit"],"picked":"Dual Wield","floor":13},{"not_picked":["Carnage","Pommel Strike"],"picked":"Spot Weakness","floor":14},{"not_picked":["Offering","Juggernaut"],"picked":"Immolate","floor":16},{"not_picked":["Reckless Charge","Power Through"],"picked":"Anger","floor":17},{"not_picked":["Sword Boomerang","Cleave"],"picked":"Perfected Strike","floor":17},{"not_picked":["Spot Weakness","Havoc"],"picked":"Pommel Strike","floor":17},{"not_picked":["Blood for Blood","Iron Wave"],"picked":"Armaments","floor":17},{"not_picked":["Headbutt","True Grit"],"picked":"Feel No Pain","floor":17},{"not_picked":["Twin Strike","Havoc"],"picked":"Sentinel","floor":18},{"not_picked":["Corruption","Sword Boomerang"],"picked":"Twin Strike","floor":19},{"not_picked":["Entrench","Heavy Blade+1"],"picked":"Metallicize","floor":21},{"not_picked":["Second Wind+1","Sword Boomerang"],"picked":"Perfected Strike","floor":22}],"player_experience":192751,"relics_obtained":[{"floor":7,"key":"Letter Opener"},{"floor":9,"key":"Pantograph"},{"floor":13,"key":"Odd Mushroom"}],"event_choices":[{"cards_removed":["Carnage"],"damage_healed":0,"gold_gain":0,"player_choice":"Offered Uncommon","damage_taken":0,"max_hp_gain":0,"max_hp_loss":0,"event_name":"Bonfire Elementals","floor":4,"gold_loss":0},{"damage_healed":0,"gold_gain":275,"player_choice":"Desecrate","damage_taken":0,"max_hp_gain":0,"max_hp_loss":0,"event_name":"Golden Shrine","floor":11,"gold_loss":0,"cards_obtained":["Regret"]},{"damage_healed":0,"gold_gain":0,"player_choice":"Fought Mushrooms","damage_taken":0,"max_hp_gain":0,"max_hp_loss":0,"event_name":"Mushrooms","floor":13,"gold_loss":0}],"is_beta":false,"boss_relics":[{"not_picked":["Runic Pyramid","Black Star"],"picked":"Orrery"}],"items_purged_floors":[],"is_endless":false,"potions_floor_spawned":[1,2,5,10,21,22],"killed_by":"Book of Stabbing","ascension_level":0}