{"gold_per_floor":[118,118,7,24,91,122,122,138,138,138],"floor_reached":10,"playtime":507,"items_purged":["Strike_G"],"score":71,"play_id":"bac4eec9-6abc-4a5f-b62e-2b5eb5d970dd","local_time":"20190421003713","is_ascension_mode":true,"campfire_choices":[{"floor":7,"key":"REST"}],"neow_cost":"NONE","seed_source_timestamp":38464707599999,"circlet_count":0,"master_deck":["Defend_G","Defend_G","Defend_G","Defend_G","Defend_G","Strike_G","Strike_G","Strike_G","Strike_G","Survivor","Neutralize","Footwork","Distraction","Underhanded Strike","Choke","Accuracy","Poisoned Stab"],"relics":["HoveringKite","SsserpentHead","Centennial Puzzle","Potion Belt"],"potions_floor_usage":[6,8],"damage_taken":[{"damage":14,"enemies":"Jaw Worm","floor":1,"turns":6},{"damage":16,"enemies":"Cultist","floor":4,"turns":8},{"damage":12,"enemies":"Small Slimes","floor":5,"turns":6},{"damage":22,"enemies":"Gremlin Nob","floor":6,"turns":5},{"damage":2,"enemies":"Blue Slaver","floor":8,"turns":4},{"damage":29,"enemies":"3 Sentries","floor":10,"turns":10}],"seed_played":"-833276605392734170","potions_obtained":[{"floor":5,"key":"GamblersBrew"},{"floor":6,"key":"PowerPotion"}],"is_trial":false,"path_per_floor":["M","?","$","M","M","E","R","M","T","E"],"character_chosen":"THE_SILENT","items_purchased":["Distraction"],"campfire_rested":1,"item_purchase_floors":[3],"current_hp_per_floor":[56,56,56,40,28,6,27,25,25,0],"gold":138,"neow_bonus":"BOSS_RELIC","is_prod":false,"is_daily":false,"chose_seed":false,"campfire_upgraded":0,"win_rate":0,"timestamp":1555771033,"path_taken":["M","?","$","M","?","E","R","M","T","E"],"build_version":"2019-01-23","purchased_purges":1,"victory":false,"max_hp_per_floor":[70,70,70,70,70,70,70,70,70,70],"card_choices":[{"not_picked":["Outmaneuver","Heel Hook"],"picked":"Footwork","floor":1},{"not_picked":["Eviscerate","Acrobatics"],"picked":"Underhanded Strike","floor":4},{"not_picked":["Distraction","Outmaneuver"],"picked":"Choke","floor":5},{"not_picked":["Dagger Spray","Quick Slash"],"picked":"Accuracy","floor":6},{"not_picked":["Backstab","Slice"],"picked":"Poisoned Stab","floor":8}],"player_experience":369234,"relics_obtained":[{"floor":6,"key":"Centennial Puzzle"},{"floor":9,"key":"Potion Belt"}],"event_choices":[{"damage_healed":0,"gold_gain":0,"player_choice":"Trade","damage_taken":0,"relics_obtained":["SsserpentHead"],"max_hp_gain":0,"max_hp_loss":0,"event_name":"FaceTrader","floor":2,"gold_loss":0}],"is_beta":false,"boss_relics":[],"items_purged_floors":[3],"is_endless":false,"potions_floor_spawned":[5,6],"killed_by":"3 Sentries","ascension_level":1}