{"gold_per_floor":[365,365,379,398,246,246,261,276,276,276,294,244,244,260,260,384,384,397,420,420,420,420,420,443,443,443,477,376,397,437,456,456,580,580,600,500,500,518,536,536,388,407,459,480,390,390,430,453,453,453],"floor_reached":50,"playtime":5164,"items_purged":["Strike_R","Strike_R","Rampage","Parasite"],"score":586,"play_id":"4d0489d5-3e5f-48a3-8a8e-39d63d56325b","local_time":"20190716223515","is_ascension_mode":false,"campfire_choices":[{"data":"Metallicize","floor":6.0,"key":"SMITH"},{"data":"Metallicize","floor":10.0,"key":"SMITH"},{"data":"Shrug It Off","floor":13.0,"key":"SMITH"},{"data":"Iron Wave","floor":15.0,"key":"SMITH"},{"data":"Disarm","floor":23.0,"key":"SMITH"},{"floor":25.0,"key":"REST"},{"data":"Metallicize","floor":32,"key":"SMITH"},{"floor":40,"key":"RECALL"},{"data":"Barricade","floor":46,"key":"SMITH"},{"data":"Ghostly Armor","floor":49,"key":"SMITH"}],"neow_cost":"PERCENT_DAMAGE","seed_source_timestamp":0,"circlet_count":0,"master_deck":["Defend_R","Defend_R","Defend_R","Defend_R","Metallicize+1","Shrug It Off+1","Metallicize+1","Iron Wave+1","Juggernaut","Warcry","Disarm+1","Warcry","Juggernaut","Flame Barrier","Shrug It Off","Iron Wave+1","Metallicize+1","Barricade+1","Armaments+1","Metallicize+1","Warcry+1","Body Slam+1","Ghostly Armor+1","Warcry"],"special_seed":0,"relics":["Burning Blood","Golden Idol","Orrery","The Courier","Red Mask","Pen Nib","Empty Cage","Ancient Tea Set","Darkstone Periapt"],"potions_floor_usage":[30,30,30,33,33,50],"damage_taken":[{"damage":1.0,"enemies":"Cultist","floor":1.0,"turns":3.0},{"damage":9.0,"enemies":"2 Louse","floor":3.0,"turns":4.0},{"damage":1.0,"enemies":"Jaw Worm","floor":4.0,"turns":5.0},{"damage":1.0,"enemies":"Large Slime","floor":7.0,"turns":9.0},{"damage":0.0,"enemies":"Looter","floor":8.0,"turns":4.0},{"damage":6.0,"enemies":"Exordium Wildlife","floor":11.0,"turns":5.0},{"damage":5.0,"enemies":"Large Slime","floor":14.0,"turns":8.0},{"damage":15.0,"enemies":"Hexaghost","floor":16.0,"turns":12.0},{"damage":23.0,"enemies":"3 Byrds","floor":18.0,"turns":5.0},{"damage":6.0,"enemies":"Chosen","floor":19.0,"turns":6.0},{"damage":60.0,"enemies":"3 Cultists","floor":24.0,"turns":7.0},{"damage":49.0,"enemies":"Masked Bandits","floor":27.0,"turns":6.0},{"damage":0,"enemies":"Snecko","floor":29,"turns":6},{"damage":0,"enemies":"Book of Stabbing","floor":30,"turns":7},{"damage":0,"enemies":"Centurion and Healer","floor":31,"turns":9},{"damage":6,"enemies":"Champ","floor":33,"turns":14},{"damage":7,"enemies":"3 Darklings","floor":35,"turns":11},{"damage":45,"enemies":"3 Shapes","floor":38,"turns":7},{"damage":0,"enemies":"Writhing Mass","floor":39,"turns":12},{"damage":0,"enemies":"Sphere and 2 Shapes","floor":42,"turns":9},{"damage":19,"enemies":"3 Darklings","floor":44,"turns":9},{"damage":5,"enemies":"Nemesis","floor":47,"turns":13},{"damage":0,"enemies":"4 Shapes","floor":48,"turns":10},{"damage":56,"enemies":"Donu and Deca","floor":50,"turns":11}],"seed_played":"-282840828716339430","potions_obtained":[{"floor":1.0,"key":"FearPotion"},{"floor":11.0,"key":"FairyPotion"},{"floor":14.0,"key":"FearPotion"},{"floor":16.0,"key":"EntropicBrew"},{"floor":24.0,"key":"LiquidBronze"},{"floor":27.0,"key":"GamblersBrew"},{"floor":30,"key":"LiquidBronze"},{"floor":39,"key":"Fire Potion"}],"is_trial":false,"path_per_floor":["M","?","M","M","$","R","M","M","T","R","M","?","R","M","R","B",null,"M","M","?","?","?","R","M","R","T","?","$","M","E","M","R","B",null,"M","$","?","M","M","R","$","M","T","M","?","R","E","M","R","B"],"character_chosen":"IRONCLAD","items_purchased":["Metallicize","Shrug It Off","Ghostly Armor"],"campfire_rested":1,"item_purchase_floors":[5,28,41],"current_hp_per_floor":[61,41,38,43,43,43,48,54,54,54,54,54,54,55,55,46,80,63,63,63,63,63,63,9,33,33,11,11,17,23,29,29,29,80,79,79,79,40,46,46,46,52,52,39,39,39,40,46,46,0],"gold":453,"neow_bonus":"TWO_FIFTY_GOLD","is_prod":false,"is_daily":false,"chose_seed":false,"campfire_upgraded":8,"win_rate":0,"timestamp":1563309315,"path_taken":["M","?","M","M","$","R","M","M","T","R","M","?","R","M","R","BOSS","M","M","?","?","?","R","M","R","T","?","$","M","E","?","R","BOSS","M","$","?","?","?","R","$","M","T","M","?","R","E","M","R","BOSS"],"build_version":"2019-07-05","purchased_purges":4,"victory":false,"max_hp_per_floor":[80,80,80,80,80,80,80,80,80,80,80,80,80,80,80,80,80,80,80,80,80,80,80,80,80,80,80,80,80,80,80,80,80,80,80,80,80,80,80,80,77,77,77,77,77,77,77,77,77,77],"card_choices":[{"not_picked":["Disarm","Wild Strike"],"picked":"Metallicize","floor":1.0},{"not_picked":["Flex","Fire Breathing","Anger"],"picked":"SKIP","floor":3.0},{"not_picked":["Shockwave","Dual Wield"],"picked":"Shrug It Off","floor":4.0},{"not_picked":["Heavy Blade","Rupture"],"picked":"Iron Wave","floor":7.0},{"not_picked":["Dropkick","Searing Blow"],"picked":"Rampage","floor":8.0},{"not_picked":["Body Slam","Rampage","Armaments"],"picked":"SKIP","floor":11.0},{"not_picked":["Demon Form","Body Slam","Perfected Strike"],"picked":"SKIP","floor":14.0},{"not_picked":["Reaper","Fiend Fire"],"picked":"Juggernaut","floor":16.0},{"not_picked":["True Grit","Sword Boomerang"],"picked":"Warcry","floor":17.0},{"not_picked":["Feel No Pain","Dual Wield"],"picked":"Disarm","floor":17.0},{"not_picked":["Flex","Hemokinesis"],"picked":"Warcry","floor":17.0},{"not_picked":["Clothesline","Inflame"],"picked":"Juggernaut","floor":17.0},{"not_picked":["Whirlwind","Cleave"],"picked":"Flame Barrier","floor":18.0},{"not_picked":["Body Slam","True Grit+1","Pummel"],"picked":"SKIP","floor":19.0},{"not_picked":["Clash","Havoc","Shrug It Off"],"picked":"SKIP","floor":24.0},{"not_picked":["Heavy Blade+1","Spot Weakness","Shockwave"],"picked":"SKIP","floor":29},{"not_picked":["Juggernaut","Havoc"],"picked":"Iron Wave+1","floor":30},{"not_picked":["Wild Strike","Shrug It Off+1"],"picked":"Metallicize","floor":31},{"not_picked":["Bludgeon","Feed"],"picked":"Barricade","floor":33},{"not_picked":["Pommel Strike+1","True Grit+1"],"picked":"Armaments+1","floor":35},{"not_picked":["Evolve","Searing Blow"],"picked":"Warcry","floor":38},{"not_picked":["Armaments","Warcry+1"],"picked":"Body Slam+1","floor":39},{"not_picked":["Reckless Charge","Armaments+1"],"picked":"Warcry","floor":42},{"not_picked":["Clash","Body Slam","Exhume"],"picked":"SKIP","floor":44},{"not_picked":["Wild Strike","Anger","Shockwave+1"],"picked":"SKIP","floor":47},{"not_picked":["Dropkick","Burning Pact+1","Havoc+1"],"picked":"SKIP","floor":48}],"player_experience":168097,"relics_obtained":[{"floor":26.0,"key":"The Courier"},{"floor":27.0,"key":"Red Mask"},{"floor":30,"key":"Pen Nib"},{"floor":43,"key":"Ancient Tea Set"},{"floor":47,"key":"Darkstone Periapt"}],"event_choices":[{"damage_healed":0.0,"max_hp_gain":0.0,"max_hp_loss":0.0,"gold_gain":0.0,"event_name":"Golden Idol","player_choice":"Take Damage","floor":2.0,"gold_loss":0.0,"damage_taken":20.0,"relics_obtained":["Golden Idol"]},{"cards_removed":["Strike_R"],"damage_healed":0.0,"max_hp_gain":0.0,"max_hp_loss":0.0,"gold_gain":0.0,"event_name":"The Cleric","player_choice":"Card Removal","floor":12.0,"gold_loss":50.0,"damage_taken":0.0},{"damage_healed":0.0,"max_hp_gain":0.0,"max_hp_loss":0.0,"gold_gain":0.0,"cards_transformed":["Strike_R","Strike_R"],"event_name":"Drug Dealer","player_choice":"Became Test Subject","floor":20.0,"gold_loss":0.0,"damage_taken":0.0,"cards_obtained":["Wild Strike","Sword Boomerang"]},{"damage_healed":0.0,"max_hp_gain":0.0,"max_hp_loss":0.0,"gold_gain":0.0,"event_name":"Cursed Tome","player_choice":"Ignored","floor":21.0,"gold_loss":0.0,"damage_taken":0.0},{"damage_healed":0.0,"max_hp_gain":0.0,"max_hp_loss":0.0,"gold_gain":0.0,"event_name":"The Mausoleum","player_choice":"Ignored","floor":22.0,"gold_loss":0.0,"damage_taken":0.0},{"damage_healed":0.0,"max_hp_gain":0.0,"max_hp_loss":0.0,"gold_gain":0.0,"event_name":"Masked Bandits","player_choice":"Fought Bandits","floor":27.0,"gold_loss":0.0,"damage_taken":0.0},{"damage_healed":0,"gold_gain":0,"player_choice":"Copied","damage_taken":0,"max_hp_gain":0,"max_hp_loss":0,"event_name":"Duplicator","floor":37,"gold_loss":0,"cards_obtained":["Metallicize"]},{"cards_removed":["Sword Boomerang"],"damage_healed":0,"gold_gain":0,"player_choice":"Upgrade and Remove","damage_taken":0,"max_hp_gain":0,"max_hp_loss":0,"event_name":"Designer","floor":45,"gold_loss":90,"cards_upgraded":["Warcry"]}],"is_beta":false,"boss_relics":[{"not_picked":["Busted Crown","Black Blood"],"picked":"Orrery"},{"not_picked":["Pandora\u0027s Box","Lizard Tail"],"picked":"Empty Cage"}],"items_purged_floors":[5,28,36,41],"is_endless":false,"potions_floor_spawned":[1,11,14,16,24,27,30,39],"killed_by":"Donu and Deca","ascension_level":0}