{"gold_per_floor":[118,133,35,45,45,71,71,87,135,135,12,40,70,90,90,188,188,207,240,240,240,6,6,35,46,91,91,103,131,131,131,131,235,235,248,248,266,286,11,11,37,51,51,51,66,97,319,353,353,353,353,353,38,63,63],"floor_reached":55,"playtime":4675,"items_purged":["Pain"],"score":956,"play_id":"46a3b281-221f-4f53-8ce0-c3716c2a78d1","local_time":"20190421225554","is_ascension_mode":true,"campfire_choices":[{"data":"Defragment","floor":7,"key":"SMITH"},{"floor":10,"key":"REST"},{"floor":15,"key":"REST"},{"floor":23,"key":"REST"},{"floor":27,"key":"REST"},{"floor":30,"key":"REST"},{"floor":32,"key":"REST"},{"floor":40,"key":"REST"},{"data":"Zap","floor":44,"key":"SMITH"},{"floor":49,"key":"RECALL"},{"data":"Consume","floor":52,"key":"SMITH"}],"neow_cost":"TEN_PERCENT_HP_LOSS","seed_source_timestamp":23336373704624,"circlet_count":0,"master_deck":["Strike_B","Strike_B","Strike_B","Strike_B","Defend_B","Defend_B","Defend_B","Defend_B","Zap+1","Dualcast+1","Ball Lightning","Glacier","Redo","FTL","Consume+1","Defragment+1","Sweeping Beam","Conserve Battery","Loop","Conserve Battery","Go for the Eyes","BootSequence","Amplify","Injury","Injury","Fusion","Stack","Capacitor","Genetic Algorithm+1","Static Discharge+1","Cold Snap+1","Doom and Gloom+1","Chill","Electrodynamics","Hello World+1","Go for the Eyes+1","Capacitor+1","Hologram","Self Repair+1","Conserve Battery+1","Darkness+1","Compile Driver+1","Machine Learning","Steam Power+1"],"relics":["Cracked Core","Incense Burner","Pear","Bronze Scales","Vajra","Odd Mushroom","Calling Bell","Omamori","Meat on the Bone","Mango","Red Mask","Regal Pillow","Dead Branch","Nilry\u0027s Codex","Cursed Key","Bottled Flame","Art of War","Blood Vial","DataDisk","Happy Flower","Pen Nib","War Paint"],"potions_floor_usage":[14,14,16,33,38,41,42,45,46,54,55],"damage_taken":[{"damage":1,"enemies":"Cultist","floor":1,"turns":3},{"damage":3,"enemies":"2 Louse","floor":2,"turns":2},{"damage":1,"enemies":"Jaw Worm","floor":4,"turns":3},{"damage":25,"enemies":"3 Sentries","floor":6,"turns":12},{"damage":1,"enemies":"Exordium Wildlife","floor":8,"turns":3},{"damage":29,"enemies":"Lagavulin","floor":12,"turns":4},{"damage":27,"enemies":"The Mushroom Lair","floor":13,"turns":4},{"damage":4,"enemies":"Looter","floor":14,"turns":2},{"damage":0,"enemies":"Slime Boss","floor":16,"turns":9},{"damage":3,"enemies":"3 Byrds","floor":18,"turns":2},{"damage":65,"enemies":"Masked Bandits","floor":19,"turns":5},{"damage":43,"enemies":"Gremlin Leader","floor":24,"turns":6},{"damage":2,"enemies":"Spheric Guardian","floor":25,"turns":6},{"damage":45,"enemies":"3 Cultists","floor":28,"turns":5},{"damage":40,"enemies":"Slavers","floor":29,"turns":4},{"damage":73,"enemies":"Automaton","floor":33,"turns":12},{"damage":0,"enemies":"3 Darklings","floor":35,"turns":3},{"damage":0,"enemies":"Orb Walker","floor":37,"turns":4},{"damage":42,"enemies":"Jaw Worm Horde","floor":38,"turns":4},{"damage":34,"enemies":"Nemesis","floor":41,"turns":9},{"damage":14,"enemies":"Writhing Mass","floor":42,"turns":7},{"damage":14,"enemies":"Transient","floor":45,"turns":5},{"damage":37,"enemies":"Giant Head","floor":46,"turns":10},{"damage":19,"enemies":"Reptomancer","floor":48,"turns":6},{"damage":10,"enemies":"Time Eater","floor":50,"turns":13},{"damage":25,"enemies":"Shield and Spear","floor":54,"turns":8},{"damage":100,"enemies":"The Heart","floor":55,"turns":8}],"seed_played":"-944795983150224027","potions_obtained":[{"floor":6,"key":"Dexterity Potion"},{"floor":12,"key":"Fire Potion"},{"floor":14,"key":"Explosive Potion"},{"floor":24,"key":"Strength Potion"},{"floor":29,"key":"LiquidBronze"},{"floor":33,"key":"Dexterity Potion"},{"floor":36,"key":"Fire Potion"},{"floor":36,"key":"AttackPotion"},{"floor":38,"key":"GamblersBrew"},{"floor":41,"key":"Weak Potion"},{"floor":48,"key":"Block Potion"},{"floor":54,"key":"Ancient Potion"}],"is_trial":false,"path_per_floor":["M","M","$","M","?","E","R","M","T","R","$","E","?","M","R","B",null,"M","?","?","?","$","R","E","M","T","R","M","E","R","?","R","B",null,"M","?","M","M","$","R","E","M","T","R","M","E","?","E","R","B",null,"R","$","E","B"],"character_chosen":"DEFECT","items_purchased":["Redo","FTL","Conserve Battery","Loop","Capacitor","Genetic Algorithm","Bottled Flame","Hologram","Pen Nib","Machine Learning"],"campfire_rested":7,"item_purchase_floors":[3,3,11,11,22,22,39,39,53,53],"current_hp_per_floor":[67,64,64,63,63,48,48,47,47,70,70,41,14,10,33,33,92,89,36,36,36,36,63,32,42,42,84,51,23,65,49,91,30,92,92,92,92,50,50,92,58,66,66,66,64,51,51,56,56,58,92,92,92,77,0],"gold":63,"neow_bonus":"ONE_RARE_RELIC","is_prod":false,"is_daily":false,"chose_seed":false,"campfire_upgraded":3,"win_rate":0,"timestamp":1555851354,"path_taken":["M","?","$","M","?","E","R","M","T","R","$","E","?","M","R","BOSS","M","?","?","?","$","R","E","M","T","R","M","E","R","?","R","BOSS","M","?","M","M","?","R","E","M","T","R","M","E","?","E","R","BOSS","R","$","E","BOSS"],"build_version":"2019-01-23","purchased_purges":1,"victory":false,"max_hp_per_floor":[68,68,68,68,68,78,78,78,78,78,78,78,78,78,78,78,92,92,92,92,92,92,92,92,92,92,92,92,92,92,92,92,92,92,92,92,92,92,92,92,92,92,92,92,92,92,92,92,92,92,92,92,92,92,92],"card_choices":[{"not_picked":["Streamline","Steam Power"],"picked":"Ball Lightning","floor":1},{"not_picked":["Steam Power","Barrage"],"picked":"Glacier","floor":2},{"not_picked":["Hologram","Conserve Battery"],"picked":"Consume","floor":4},{"not_picked":["Go for the Eyes","Creative AI"],"picked":"Defragment","floor":6},{"not_picked":["Go for the Eyes","Cold Snap"],"picked":"Sweeping Beam","floor":8},{"not_picked":["Steam","Barrage"],"picked":"Conserve Battery","floor":12},{"not_picked":["Barrage","Gash"],"picked":"Go for the Eyes","floor":13},{"not_picked":["Sweeping Beam","Sunder"],"picked":"BootSequence","floor":14},{"not_picked":["Meteor Strike","Biased Cognition"],"picked":"Amplify","floor":16},{"not_picked":["Go for the Eyes","Scrape+1"],"picked":"Fusion","floor":18},{"not_picked":["Streamline+1","Rebound"],"picked":"Stack","floor":19},{"not_picked":["Rebound","Capacitor"],"picked":"Static Discharge+1","floor":24},{"not_picked":["Stack","Leap"],"picked":"Cold Snap+1","floor":25},{"not_picked":["Chill","Amplify"],"picked":"Doom and Gloom+1","floor":28},{"not_picked":["Redo","Scrape+1"],"picked":"Chill","floor":29},{"not_picked":["Fission","Biased Cognition"],"picked":"Electrodynamics","floor":33},{"not_picked":["Hologram","Force Field"],"picked":"Hello World+1","floor":35},{"not_picked":["Redo","Sunder+1"],"picked":"Go for the Eyes+1","floor":37},{"not_picked":["Sweeping Beam","Go for the Eyes+1"],"picked":"Capacitor+1","floor":38},{"not_picked":["Double Energy","Ball Lightning"],"picked":"Self Repair+1","floor":41},{"not_picked":["Doom and Gloom","Tempest"],"picked":"Conserve Battery+1","floor":42},{"not_picked":["Cold Snap","Conserve Battery","Undo+1"],"picked":"SKIP","floor":45},{"not_picked":["Turbo","Sweeping Beam+1"],"picked":"Darkness+1","floor":46},{"not_picked":["Melter","Turbo+1"],"picked":"Compile Driver+1","floor":48},{"not_picked":["Sweeping Beam","Steam"],"picked":"Steam Power+1","floor":54}],"player_experience":401831,"relics_obtained":[{"floor":6,"key":"Pear"},{"floor":9,"key":"Bronze Scales"},{"floor":12,"key":"Vajra"},{"floor":13,"key":"Odd Mushroom"},{"floor":17,"key":"Omamori"},{"floor":17,"key":"Meat on the Bone"},{"floor":17,"key":"Mango"},{"floor":19,"key":"Red Mask"},{"floor":24,"key":"Regal Pillow"},{"floor":29,"key":"Dead Branch"},{"floor":31,"key":"Nilry\u0027s Codex"},{"floor":41,"key":"Art of War"},{"floor":43,"key":"Blood Vial"},{"floor":46,"key":"DataDisk"},{"floor":48,"key":"Happy Flower"},{"floor":54,"key":"War Paint"}],"event_choices":[{"damage_healed":0,"gold_gain":0,"player_choice":"Leave","damage_taken":0,"max_hp_gain":0,"max_hp_loss":0,"event_name":"The Cleric","floor":5,"gold_loss":0},{"damage_healed":0,"gold_gain":0,"player_choice":"Fought Mushrooms","damage_taken":0,"max_hp_gain":0,"max_hp_loss":0,"event_name":"Mushrooms","floor":13,"gold_loss":0},{"damage_healed":0,"gold_gain":0,"player_choice":"Fought Bandits","damage_taken":0,"max_hp_gain":0,"max_hp_loss":0,"event_name":"Masked Bandits","floor":19,"gold_loss":0},{"damage_healed":0,"gold_gain":0,"player_choice":"Smashed Altar","damage_taken":0,"max_hp_gain":0,"max_hp_loss":0,"event_name":"Forgotten Altar","floor":20,"gold_loss":0,"cards_obtained":["Decay"]},{"damage_healed":0,"gold_gain":0,"player_choice":"Ignored","damage_taken":0,"max_hp_gain":0,"max_hp_loss":0,"event_name":"Vampires","floor":21,"gold_loss":0},{"damage_healed":0,"gold_gain":0,"player_choice":"Obtained Book","damage_taken":16,"max_hp_gain":0,"max_hp_loss":0,"event_name":"Cursed Tome","floor":31,"gold_loss":0},{"damage_healed":0,"gold_gain":0,"player_choice":"Got Potions","damage_taken":0,"max_hp_gain":0,"max_hp_loss":0,"event_name":"Lab","floor":36,"gold_loss":0},{"damage_healed":0,"gold_gain":222,"player_choice":"Wore Mask","damage_taken":0,"max_hp_gain":0,"max_hp_loss":0,"event_name":"Tomb of Lord Red Mask","floor":47,"gold_loss":0}],"is_beta":false,"boss_relics":[{"not_picked":["Coffee Dripper","White Beast Statue"],"picked":"Calling Bell"},{"not_picked":["Runic Dome","Busted Crown"],"picked":"Cursed Key"}],"items_purged_floors":[22],"is_endless":false,"potions_floor_spawned":[6,12,14,24,29,33,38,41,48,54],"killed_by":"The Heart","ascension_level":2}