{"gold_per_floor":[119,119,137,17,37,37,37,48,48,48,68,68,88,119,119,193,193,213,68,79,79,129,129,144,144,144,144,144,144,144,144,144,216,216,235,235,64,64,64,64,80,93,118,133,133,133,147,46,46,46],"floor_reached":51,"playtime":1853,"items_purged":["Strike_R","Writhe"],"score":1200,"play_id":"236d1345-75d8-492d-9644-032ff28371d9","local_time":"20190705015245","is_ascension_mode":true,"campfire_choices":[{"data":"Body Slam","floor":6,"key":"SMITH"},{"data":"Fiend Fire","floor":10,"key":"SMITH"},{"data":"Shrug It Off","floor":12,"key":"SMITH"},{"data":"1","floor":15,"key":"LIFT"},{"data":"Flame Barrier","floor":23,"key":"SMITH"},{"data":"RitualDagger","floor":25,"key":"SMITH"},{"data":"Flame Barrier","floor":27,"key":"SMITH"},{"floor":32,"key":"REST"},{"data":"Berserk","floor":40,"key":"SMITH"},{"data":"2","floor":45,"key":"LIFT"},{"data":"Spot Weakness","floor":49,"key":"SMITH"}],"neow_cost":"NONE","seed_source_timestamp":1773060733858947,"circlet_count":0,"master_deck":["AscendersBane","Strike_R+1","Strike_R+1","Defend_R+1","Defend_R+1","Defend_R+1","Defend_R+1","Bash","Metallicize","Body Slam+1","Fiend Fire+1","Shrug It Off+1","Headbutt","Exhume","Flame Barrier+1","Flame Barrier+1","RitualDagger+1","Berserk+1","Battle Trance","Spot Weakness+1"],"relics":["Burning Blood","Pen Nib","Bottled Lightning","Girya","Runic Pyramid","Thread and Needle","Coffee Dripper","Potion Belt","Pear"],"potions_floor_usage":[14,18,42,50,50,50,50],"damage_taken":[{"damage":1,"enemies":"Cultist","floor":1,"turns":3},{"damage":1,"enemies":"2 Louse","floor":3,"turns":3},{"damage":2,"enemies":"Jaw Worm","floor":5,"turns":4},{"damage":2,"enemies":"Blue Slaver","floor":8,"turns":4},{"damage":6,"enemies":"Red Slaver","floor":11,"turns":2},{"damage":0,"enemies":"Large Slime","floor":13,"turns":3},{"damage":0,"enemies":"Gremlin Nob","floor":14,"turns":2},{"damage":40,"enemies":"The Guardian","floor":16,"turns":14},{"damage":22,"enemies":"2 Thieves","floor":18,"turns":4},{"damage":0,"enemies":"Spheric Guardian","floor":20,"turns":3},{"damage":1,"enemies":"Cultist and Chosen","floor":24,"turns":4},{"damage":63,"enemies":"Collector","floor":33,"turns":12},{"damage":9,"enemies":"Orb Walker","floor":35,"turns":3},{"damage":0,"enemies":"3 Darklings","floor":41,"turns":4},{"damage":0,"enemies":"Sphere and 2 Shapes","floor":42,"turns":3},{"damage":3,"enemies":"4 Shapes","floor":44,"turns":5},{"damage":1,"enemies":"3 Darklings","floor":47,"turns":4},{"damage":16,"enemies":"Awakened One","floor":50,"turns":10}],"seed_played":"7193920474528958714","potions_obtained":[{"floor":1,"key":"Regen Potion"},{"floor":2,"key":"Strength Potion"},{"floor":41,"key":"Poison Potion"},{"floor":44,"key":"GamblersBrew"}],"is_trial":false,"path_per_floor":["M","?","M","$","M","R","?","M","T","R","M","R","M","E","R","B",null,"M","$","M","?","?","R","M","R","T","R","?","?","?","?","R","B",null,"M","?","$","?","?","R","M","M","T","M","R","T","M","$","R","B",null],"character_chosen":"IRONCLAD","items_purchased":["Fiend Fire","Shrug It Off","Flame Barrier","Ancient Potion","Strength Potion","AttackPotion"],"campfire_rested":1,"item_purchase_floors":[4,4,19,37,48,48],"current_hp_per_floor":[73,73,75,75,75,75,75,75,75,75,75,75,75,75,75,41,67,63,63,69,63,56,56,61,61,61,61,61,40,40,40,64,7,62,59,75,75,75,75,75,80,80,80,80,80,90,90,90,90,80],"gold":46,"neow_bonus":"RANDOM_COMMON_RELIC","is_prod":false,"is_daily":false,"chose_seed":false,"campfire_upgraded":8,"win_rate":0,"timestamp":1562259165,"path_taken":["M","?","?","$","?","R","?","?","T","R","M","R","M","E","R","BOSS","M","$","M","?","?","R","?","R","T","R","?","?","?","?","R","BOSS","M","?","$","?","?","R","M","M","T","M","R","?","M","$","R","BOSS"],"build_version":"2019-07-01","purchased_purges":2,"victory":true,"max_hp_per_floor":[75,75,75,75,75,75,75,75,75,75,75,75,75,75,75,75,75,75,75,75,75,75,75,75,75,75,75,75,80,80,80,80,80,80,80,80,80,80,80,80,80,80,80,80,80,90,90,90,90,90],"card_choices":[{"not_picked":["Corruption","Armaments"],"picked":"Metallicize","floor":1},{"not_picked":["Perfected Strike","Sword Boomerang"],"picked":"Body Slam","floor":3},{"not_picked":["Havoc","Combust","Flex"],"picked":"SKIP","floor":5},{"not_picked":["Warcry","Body Slam","Heavy Blade"],"picked":"SKIP","floor":8},{"not_picked":["Warcry","Body Slam","Heavy Blade"],"picked":"SKIP","floor":8},{"not_picked":["Clash","Thunderclap","Flex"],"picked":"SKIP","floor":11},{"not_picked":["True Grit","Iron Wave"],"picked":"Headbutt","floor":13},{"not_picked":["Clash","Dropkick","Searing Blow"],"picked":"SKIP","floor":14},{"not_picked":["Clash","Dropkick","Searing Blow"],"picked":"SKIP","floor":14},{"not_picked":["Juggernaut","Reaper"],"picked":"Exhume","floor":16},{"not_picked":["Havoc","Pommel Strike","Thunderclap"],"picked":"SKIP","floor":18},{"not_picked":["Cleave","Havoc"],"picked":"Flame Barrier","floor":20},{"not_picked":["Uppercut","Pommel Strike","Anger"],"picked":"SKIP","floor":24},{"not_picked":["Double Tap","Juggernaut"],"picked":"Berserk","floor":33},{"not_picked":["Pommel Strike","Flex"],"picked":"Battle Trance","floor":35},{"not_picked":["Clash","Intimidate","Havoc+1"],"picked":"SKIP","floor":41},{"not_picked":["Intimidate","Flex","Combust"],"picked":"SKIP","floor":42},{"not_picked":["Perfected Strike","Carnage","Pommel Strike+1"],"picked":"SKIP","floor":44},{"not_picked":["Heavy Blade","Dropkick"],"picked":"Spot Weakness","floor":47}],"player_experience":1084066,"relics_obtained":[{"floor":9,"key":"Bottled Lightning"},{"floor":14,"key":"Girya"},{"floor":26,"key":"Thread and Needle"},{"floor":43,"key":"Potion Belt"},{"floor":46,"key":"Pear"}],"event_choices":[{"damage_healed":0,"gold_gain":0,"player_choice":"Got Potions","damage_taken":0,"max_hp_gain":0,"max_hp_loss":0,"event_name":"Lab","floor":2,"gold_loss":0},{"cards_removed":["Strike_R"],"damage_healed":0,"gold_gain":0,"player_choice":"Purged","damage_taken":0,"max_hp_gain":0,"max_hp_loss":0,"event_name":"Purifier","floor":7,"gold_loss":0},{"damage_healed":0,"gold_gain":0,"player_choice":"Joined the Cult","damage_taken":6,"max_hp_gain":0,"max_hp_loss":0,"event_name":"Nest","floor":21,"gold_loss":0,"cards_obtained":["RitualDagger"]},{"damage_healed":0,"gold_gain":50,"player_choice":"Touch","damage_taken":7,"max_hp_gain":0,"max_hp_loss":0,"event_name":"FaceTrader","floor":22,"gold_loss":0},{"damage_healed":0,"gold_gain":0,"player_choice":"Simplicity","damage_taken":0,"max_hp_gain":0,"max_hp_loss":0,"event_name":"Back to Basics","floor":28,"gold_loss":0,"cards_upgraded":["Strike_R","Strike_R","Strike_R","Defend_R","Defend_R","Defend_R","Defend_R"]},{"damage_healed":0,"gold_gain":0,"player_choice":"Shed Blood","damage_taken":26,"max_hp_gain":5,"max_hp_loss":0,"event_name":"Forgotten Altar","floor":29,"gold_loss":0},{"damage_healed":0,"gold_gain":0,"player_choice":"Ignored","damage_taken":0,"max_hp_gain":0,"max_hp_loss":0,"event_name":"The Mausoleum","floor":30,"gold_loss":0},{"damage_healed":0,"gold_gain":0,"player_choice":"Ignored","damage_taken":0,"max_hp_gain":0,"max_hp_loss":0,"event_name":"Ghosts","floor":31,"gold_loss":0},{"damage_healed":16,"gold_gain":0,"player_choice":"Writhe","damage_taken":0,"max_hp_gain":0,"max_hp_loss":0,"event_name":"Winding Halls","floor":36,"gold_loss":0,"cards_obtained":["Writhe"]},{"damage_healed":0,"gold_gain":0,"player_choice":"Ignored","damage_taken":0,"max_hp_gain":0,"max_hp_loss":0,"event_name":"Tomb of Lord Red Mask","floor":38,"gold_loss":0},{"cards_removed":["Strike_R"],"damage_healed":0,"gold_gain":0,"player_choice":"Removed Attack","damage_taken":0,"max_hp_gain":0,"max_hp_loss":0,"event_name":"Falling","floor":39,"gold_loss":0}],"is_beta":false,"boss_relics":[{"not_picked":["Tiny House","Pandora\u0027s Box"],"picked":"Runic Pyramid"},{"not_picked":["Astrolabe","Black Star"],"picked":"Coffee Dripper"}],"items_purged_floors":[19,37],"is_endless":false,"potions_floor_spawned":[1,8,41,44],"ascension_level":15}