{"gold_per_floor":[118,43,43,43,118,118,147,97,97,112,128,147,147,166,166,263,263,275,289,289,189,199,199],"floor_reached":23,"playtime":2098,"items_purged":["Strike_R","Defend_R"],"score":191,"play_id":"e3993214-11ae-4f5c-9e5d-69dfc918cea6","local_time":"20190709025027","is_ascension_mode":false,"campfire_choices":[{"data":"Bash","floor":6,"key":"SMITH"},{"data":"Sever Soul","floor":13,"key":"SMITH"},{"data":"Thunderclap","floor":15,"key":"SMITH"}],"neow_cost":"NONE","seed_source_timestamp":57160507455697,"circlet_count":0,"master_deck":["Defend_R","Defend_R","Defend_R","Bash+1","Shrug It Off+1","Sever Soul+1","Flame Barrier+1","Thunderclap+1","Shrug It Off+1","Demon Form","Sentinel+1","Shrug It Off+1"],"relics":["Burning Blood","Toxic Egg 2","Red Skull","Pear","Empty Cage"],"potions_floor_usage":[16,22],"damage_taken":[{"damage":6,"enemies":"Cultist","floor":1,"turns":3},{"damage":57,"enemies":"3 Sentries","floor":7,"turns":13},{"damage":0,"enemies":"Jaw Worm","floor":10,"turns":3},{"damage":0,"enemies":"Small Slimes","floor":11,"turns":3},{"damage":5,"enemies":"3 Louse","floor":12,"turns":3},{"damage":0,"enemies":"2 Fungi Beasts","floor":14,"turns":3},{"damage":17,"enemies":"Hexaghost","floor":16,"turns":8},{"damage":18,"enemies":"Chosen","floor":18,"turns":6},{"damage":24,"enemies":"Shell Parasite","floor":19,"turns":9},{"damage":49,"enemies":"Sentry and Sphere","floor":22,"turns":12},{"damage":37,"enemies":"Gremlin Leader","floor":23,"turns":5}],"seed_played":"6402932356507644847","potions_obtained":[{"floor":1,"key":"Strength Potion"},{"floor":10,"key":"Ancient Potion"},{"floor":12,"key":"Dexterity Potion"},{"floor":16,"key":"EntropicBrew"},{"floor":22,"key":"FairyPotion"}],"is_trial":false,"path_per_floor":["M","$","?","?","?","R","E","?","T","M","M","M","R","M","R","B",null,"M","M","?","$","M","E"],"character_chosen":"IRONCLAD","items_purchased":[],"campfire_rested":0,"item_purchase_floors":[],"current_hp_per_floor":[80,80,73,73,62,62,11,11,21,27,33,34,34,40,40,29,90,78,60,60,60,17,0],"gold":199,"neow_bonus":"REMOVE_CARD","is_prod":false,"is_daily":false,"chose_seed":false,"campfire_upgraded":3,"win_rate":0.0,"timestamp":1562633427,"path_taken":["M","$","?","?","?","R","E","?","T","M","M","M","R","M","R","BOSS","M","M","?","$","M","E"],"build_version":"2019-07-05","purchased_purges":2,"victory":false,"max_hp_per_floor":[80,80,80,80,80,80,80,80,90,90,90,90,90,90,90,90,90,90,90,90,90,90,90],"card_choices":[{"not_picked":["Rage","Thunderclap","Cleave"],"picked":"SKIP","floor":1},{"not_picked":["Feel No Pain","Sword Boomerang"],"picked":"Shrug It Off+1","floor":7},{"not_picked":["Twin Strike","Shrug It Off+1"],"picked":"Sever Soul","floor":10},{"not_picked":["Armaments+1","Headbutt"],"picked":"Flame Barrier+1","floor":11},{"not_picked":["Brutality","Bloodletting+1"],"picked":"Thunderclap","floor":12},{"not_picked":["Blood for Blood","Thunderclap"],"picked":"Shrug It Off+1","floor":14},{"not_picked":["Brutality","Juggernaut"],"picked":"Demon Form","floor":16},{"not_picked":["Clash","Sword Boomerang","Body Slam"],"picked":"SKIP","floor":18},{"not_picked":["Burning Pact+1","Uppercut+1"],"picked":"Sentinel+1","floor":19},{"not_picked":["Heavy Blade","Limit Break+1"],"picked":"Shrug It Off+1","floor":22}],"player_experience":42378,"relics_obtained":[{"floor":7,"key":"Red Skull"},{"floor":9,"key":"Pear"}],"event_choices":[{"damage_healed":0,"gold_gain":0,"player_choice":"Success","damage_taken":7,"relics_obtained":["Toxic Egg 2"],"max_hp_gain":0,"max_hp_loss":0,"event_name":"Scrap Ooze","floor":3,"gold_loss":0},{"damage_healed":0,"gold_gain":0,"player_choice":"Ignored","damage_taken":0,"max_hp_gain":0,"max_hp_loss":0,"event_name":"Liars Game","floor":4,"gold_loss":0},{"damage_healed":0,"gold_gain":75,"player_choice":"Gather Gold","damage_taken":11,"max_hp_gain":0,"max_hp_loss":0,"event_name":"World of Goop","floor":5,"gold_loss":0},{"cards_removed":["Strike_R"],"damage_healed":0,"gold_gain":0,"player_choice":"Card Removal","damage_taken":0,"max_hp_gain":0,"max_hp_loss":0,"event_name":"The Cleric","floor":8,"gold_loss":50},{"damage_healed":0,"gold_gain":0,"player_choice":"Ignored","damage_taken":0,"max_hp_gain":0,"max_hp_loss":0,"event_name":"Ghosts","floor":20,"gold_loss":0}],"is_beta":false,"boss_relics":[{"not_picked":["Orrery","Calling Bell"],"picked":"Empty Cage"}],"items_purged_floors":[2,21],"is_endless":false,"potions_floor_spawned":[1,10,12,16,22],"killed_by":"Gremlin Leader","ascension_level":0}