{"gold_per_floor":[113,124,144,219,237,237,268,268,268,268,268,301,0,20,20,119,119,133,33,33,132,132,132,144,179,256,285,285,300,300,311,311,413,413,432,452,452],"floor_reached":37,"playtime":1475,"items_purged":["Strike_R","Doubt"],"score":521,"play_id":"d4af9ad0-4084-4d83-9711-a2a80d05da28","local_time":"20190516013338","is_ascension_mode":true,"campfire_choices":[{"data":"Rampage","floor":6,"key":"SMITH"},{"data":"Spot Weakness","floor":8,"key":"SMITH"},{"data":"1","floor":11,"key":"LIFT"},{"floor":15,"key":"REST"},{"data":"2","floor":23,"key":"LIFT"},{"floor":28,"key":"REST"},{"data":"3","floor":30,"key":"LIFT"},{"floor":32,"key":"REST"}],"neow_cost":"NONE","seed_source_timestamp":24530929624434,"circlet_count":0,"master_deck":["Strike_R","Strike_R","Strike_R","Strike_R","Defend_R","Defend_R","Defend_R","Defend_R","Bash","Rampage+1","Spot Weakness+1","Power Through","Twin Strike","Fire Breathing+1","Sword Boomerang","Metallicize+1","Spot Weakness","Infernal Blade","Heavy Blade","Fiend Fire","Parasite","Clumsy","Battle Trance","Blood for Blood+1","Feel No Pain+1","Thunderclap","Barricade+1","Intimidate","Inflame+1"],"relics":["Burning Blood","Frozen Egg 2","Girya","Gambling Chip","Calling Bell","Bag of Marbles","Letter Opener","Thread and Needle","Juzu Bracelet","Self Forming Clay","Red Skull","Runic Pyramid"],"potions_floor_usage":[12,12,16,16,22,24,25],"damage_taken":[{"damage":3,"enemies":"Small Slimes","floor":1,"turns":5},{"damage":2,"enemies":"2 Louse","floor":2,"turns":3},{"damage":3,"enemies":"Jaw Worm","floor":3,"turns":4},{"damage":14,"enemies":"Blue Slaver","floor":5,"turns":4},{"damage":31,"enemies":"Gremlin Nob","floor":7,"turns":5},{"damage":25,"enemies":"Lagavulin","floor":12,"turns":6},{"damage":0,"enemies":"2 Fungi Beasts","floor":14,"turns":2},{"damage":37,"enemies":"Hexaghost","floor":16,"turns":8},{"damage":9,"enemies":"Spheric Guardian","floor":18,"turns":5},{"damage":19,"enemies":"Chosen","floor":24,"turns":6},{"damage":21,"enemies":"Slavers","floor":25,"turns":4},{"damage":22,"enemies":"Book of Stabbing","floor":27,"turns":6},{"damage":10,"enemies":"Sentry and Sphere","floor":29,"turns":5},{"damage":19,"enemies":"Shelled Parasite and Fungi","floor":31,"turns":4},{"damage":61,"enemies":"Champ","floor":33,"turns":10},{"damage":2,"enemies":"Orb Walker","floor":35,"turns":3},{"damage":24,"enemies":"3 Shapes","floor":36,"turns":3},{"damage":83,"enemies":"Transient","floor":37,"turns":4}],"seed_played":"-3508196700916240676","potions_obtained":[{"floor":0,"key":"Explosive Potion"},{"floor":0,"key":"Block Potion"},{"floor":0,"key":"GamblersBrew"},{"floor":2,"key":"BloodPotion"},{"floor":12,"key":"AttackPotion"},{"floor":14,"key":"SneckoOil"},{"floor":18,"key":"Weak Potion"},{"floor":22,"key":"Fruit Juice"},{"floor":22,"key":"FairyPotion"},{"floor":33,"key":"Dexterity Potion"}],"is_trial":false,"path_per_floor":["M","M","M","?","M","R","E","R","T","?","R","E","$","M","R","B",null,"M","$","?","?","?","R","M","E","T","E","R","M","R","M","R","B",null,"M","M","M"],"character_chosen":"IRONCLAD","items_purchased":["Metallicize+1","Spot Weakness","Infernal Blade"],"campfire_rested":3,"item_purchase_floors":[13,13,13],"current_hp_per_floor":[80,80,80,69,61,61,36,36,36,36,36,25,25,31,55,24,66,63,63,63,63,68,68,55,40,40,24,49,45,45,32,57,14,67,71,53,0],"gold":452,"neow_bonus":"THREE_SMALL_POTIONS","is_prod":false,"is_daily":false,"chose_seed":false,"campfire_upgraded":2,"win_rate":0,"timestamp":1557934418,"path_taken":["M","M","M","?","M","R","E","R","T","?","R","E","$","M","R","BOSS","M","$","?","?","?","R","?","E","T","E","R","M","R","M","R","BOSS","M","M","M"],"build_version":"2019-01-23","purchased_purges":2,"victory":false,"max_hp_per_floor":[80,80,80,80,80,80,80,80,80,80,80,80,80,80,80,80,80,80,80,80,80,85,85,85,85,85,85,85,85,85,85,85,85,85,85,85,85],"card_choices":[{"not_picked":["Pommel Strike","Whirlwind"],"picked":"Rampage","floor":1},{"not_picked":["Body Slam","Dual Wield"],"picked":"Spot Weakness","floor":2},{"not_picked":["Hemokinesis","Armaments"],"picked":"Power Through","floor":3},{"not_picked":["Headbutt","Seeing Red"],"picked":"Twin Strike","floor":5},{"not_picked":["Evolve","Bloodletting"],"picked":"Fire Breathing","floor":7},{"not_picked":["Twin Strike","True Grit"],"picked":"Sword Boomerang","floor":12},{"not_picked":["Perfected Strike","Pommel Strike"],"picked":"Heavy Blade","floor":14},{"not_picked":["Feed","Berserk+1"],"picked":"Fiend Fire","floor":16},{"not_picked":["Shockwave","Armaments"],"picked":"Battle Trance","floor":18},{"not_picked":["Twin Strike","Armaments"],"picked":"Blood for Blood+1","floor":24},{"not_picked":["Armaments","Twin Strike","Havoc"],"picked":"SKIP","floor":25},{"not_picked":["True Grit","Second Wind"],"picked":"Feel No Pain+1","floor":27},{"not_picked":["Whirlwind","Pummel"],"picked":"Thunderclap","floor":29},{"not_picked":["Whirlwind+1","Anger+1","Flex"],"picked":"SKIP","floor":31},{"not_picked":["Brutality+1","Double Tap"],"picked":"Barricade+1","floor":33},{"not_picked":["Sword Boomerang","Carnage+1"],"picked":"Intimidate","floor":35},{"not_picked":["Havoc","Thunderclap+1"],"picked":"Inflame+1","floor":36}],"player_experience":613985,"relics_obtained":[{"floor":7,"key":"Frozen Egg 2"},{"floor":9,"key":"Girya"},{"floor":12,"key":"Gambling Chip"},{"floor":17,"key":"Bag of Marbles"},{"floor":17,"key":"Letter Opener"},{"floor":17,"key":"Thread and Needle"},{"floor":25,"key":"Juzu Bracelet"},{"floor":26,"key":"Self Forming Clay"},{"floor":27,"key":"Red Skull"}],"event_choices":[{"damage_healed":0,"gold_gain":75,"player_choice":"Gather Gold","damage_taken":11,"max_hp_gain":0,"max_hp_loss":0,"event_name":"World of Goop","floor":4,"gold_loss":0},{"damage_healed":0,"gold_gain":0,"player_choice":"Ignored","damage_taken":0,"max_hp_gain":0,"max_hp_loss":0,"event_name":"Golden Wing","floor":10,"gold_loss":0},{"damage_healed":0,"gold_gain":0,"player_choice":"Ignored","damage_taken":0,"max_hp_gain":0,"max_hp_loss":0,"event_name":"Beggar","floor":20,"gold_loss":0},{"damage_healed":0,"gold_gain":99,"player_choice":"Stole From Cult","damage_taken":0,"max_hp_gain":0,"max_hp_loss":0,"event_name":"Nest","floor":21,"gold_loss":0},{"damage_healed":0,"gold_gain":0,"player_choice":"Got Potions","damage_taken":0,"max_hp_gain":0,"max_hp_loss":0,"event_name":"Lab","floor":22,"gold_loss":0}],"is_beta":false,"boss_relics":[{"not_picked":["Busted Crown","Runic Cube"],"picked":"Calling Bell"},{"not_picked":["Snecko Eye","White Beast Statue"],"picked":"Runic Pyramid"}],"items_purged_floors":[13,19],"is_endless":false,"potions_floor_spawned":[2,3,12,14,18,33],"killed_by":"Transient","ascension_level":5}