{"gold_per_floor":[119,129,144,162,175,205,172,172,251,4,21,50,50,69,69,164,164,182,200,200,125,125,156,1,1,1,16,33,33,47,23,23,126,126,142,160,260,260,276,276,276,287,312,312,312,326,326,338,338,338],"floor_reached":51,"playtime":11865,"items_purged":[],"score":671,"play_id":"c05e95cd-6ff6-4d41-a8bc-c6eccbff846c","local_time":"20190702224014","is_ascension_mode":false,"campfire_choices":[{"floor":8.0,"key":"REST"},{"data":"Chrysalis","floor":13.0,"key":"SMITH"},{"data":"Battle Trance","floor":15.0,"key":"SMITH"},{"floor":25.0,"key":"REST"},{"data":"Armaments","floor":29.0,"key":"SMITH"},{"data":"Armaments","floor":32.0,"key":"SMITH"},{"data":"Flame Barrier","floor":40,"key":"SMITH"},{"floor":44,"key":"REST"},{"data":"Burning Pact","floor":49,"key":"SMITH"}],"neow_cost":"NONE","seed_source_timestamp":0,"circlet_count":0,"master_deck":["Defend_R","Defend_R","Defend_R","Bash","Infernal Blade","Shrug It Off","Flame Barrier+1","Inflame","Burning Pact+1","Fiend Fire","Chrysalis+1","Infernal Blade","Whirlwind","Seeing Red","Battle Trance+1","Double Tap","Clothesline+1","Armaments+1","Bite","Bite","Bite","Bite","Bite","Havoc","Armaments+1","Reaper","Headbutt","Sword Boomerang","Reaper","Pommel Strike+1","Metallicize+1","Shrug It Off","Battle Trance+1","Whirlwind+1","Thinking Ahead","Mayhem","Shrug It Off+1","Juggernaut","Inflame"],"special_seed":0,"relics":["Burning Blood","Lantern","Pear","Mummified Hand","Odd Mushroom","Snecko Eye","Incense Burner","Oddly Smooth Stone","Shuriken","Mark of Pain","FossilizedHelix","Red Skull"],"potions_floor_usage":[50,50],"damage_taken":[{"damage":1.0,"enemies":"Cultist","floor":1.0,"turns":3.0},{"damage":2.0,"enemies":"Small Slimes","floor":2.0,"turns":2.0},{"damage":2.0,"enemies":"2 Louse","floor":3.0,"turns":2.0},{"damage":2.0,"enemies":"2 Fungi Beasts","floor":4.0,"turns":4.0},{"damage":0.0,"enemies":"Large Slime","floor":5.0,"turns":7.0},{"damage":43.0,"enemies":"3 Sentries","floor":6.0,"turns":11.0},{"damage":3.0,"enemies":"Exordium Wildlife","floor":11.0,"turns":7.0},{"damage":9.0,"enemies":"The Mushroom Lair","floor":12.0,"turns":2.0},{"damage":21.0,"enemies":"Lots of Slimes","floor":14.0,"turns":7.0},{"damage":45.0,"enemies":"The Guardian","floor":16.0,"turns":18.0},{"damage":10.0,"enemies":"2 Thieves","floor":18.0,"turns":3.0},{"damage":18.0,"enemies":"3 Byrds","floor":19.0,"turns":8.0},{"damage":64.0,"enemies":"Book of Stabbing","floor":23.0,"turns":9.0},{"damage":10.0,"enemies":"Shelled Parasite and Fungi","floor":27.0,"turns":6.0},{"damage":4.0,"enemies":"Sentry and Sphere","floor":28.0,"turns":4.0},{"damage":6.0,"enemies":"Centurion and Healer","floor":30.0,"turns":3.0},{"damage":59.0,"enemies":"Collector","floor":33.0,"turns":9.0},{"damage":16,"enemies":"Orb Walker","floor":35,"turns":4},{"damage":4,"enemies":"3 Shapes","floor":36,"turns":2},{"damage":6,"enemies":"Mind Bloom Boss Battle","floor":37,"turns":6},{"damage":14,"enemies":"Jaw Worm Horde","floor":39,"turns":3},{"damage":31,"enemies":"3 Darklings","floor":42,"turns":6},{"damage":0,"enemies":"Spire Growth","floor":46,"turns":5},{"damage":10,"enemies":"4 Shapes","floor":48,"turns":4},{"damage":27,"enemies":"Awakened One","floor":50,"turns":12}],"seed_played":"-5399522925383690928","potions_obtained":[{"floor":1.0,"key":"FairyPotion"},{"floor":6.0,"key":"Swift Potion"},{"floor":11.0,"key":"SmokeBomb"},{"floor":12.0,"key":"Regen Potion"},{"floor":14.0,"key":"Energy Potion"},{"floor":23.0,"key":"Weak Potion"},{"floor":28.0,"key":"Poison Potion"},{"floor":37,"key":"Strength Potion"},{"floor":39,"key":"Poison Potion"},{"floor":46,"key":"Weak Potion"}],"is_trial":false,"path_per_floor":["M","M","M","M","M","E","?","R","T","$","M","?","R","M","R","B",null,"M","M","?","?","?","E","$","R","T","M","M","R","M","$","R","B",null,"M","M","?","?","M","R","?","M","T","R","?","M","?","M","R","B",null],"character_chosen":"IRONCLAD","items_purchased":["Chrysalis","Infernal Blade","Oddly Smooth Stone","Sword Boomerang"],"campfire_rested":3,"item_purchase_floors":[10,10,24,31],"current_hp_per_floor":[80,80,80,80,80,53,53,80,80,80,83,80,80,79,79,40,90,86,74,74,74,63,7,7,25,25,32,43,43,56,56,56,22,63,53,63,63,63,63,63,58,40,40,58,58,63,60,59,59,60],"gold":338,"neow_bonus":"RANDOM_COMMON_RELIC","is_prod":false,"is_daily":false,"chose_seed":false,"campfire_upgraded":6,"win_rate":0.0,"timestamp":1562096414,"path_taken":["M","M","M","M","M","E","?","R","T","$","M","?","R","M","R","BOSS","M","M","?","?","?","E","$","R","T","M","?","R","M","?","R","BOSS","M","M","?","?","?","R","?","M","T","R","?","M","?","M","R","BOSS"],"build_version":"2019-07-01","purchased_purges":0,"victory":true,"max_hp_per_floor":[80,80,80,80,80,90,90,90,90,90,90,90,90,90,90,90,90,90,90,90,90,63,63,63,63,63,63,63,63,63,63,63,63,63,63,63,63,63,63,63,63,63,63,63,63,63,60,60,60,60],"card_choices":[{"not_picked":["Reckless Charge","Havoc"],"picked":"Infernal Blade","floor":1.0},{"not_picked":["Cleave","Havoc"],"picked":"Shrug It Off","floor":2.0},{"not_picked":["Ghostly Armor","Power Through"],"picked":"Flame Barrier","floor":3.0},{"not_picked":["Uppercut","Flame Barrier"],"picked":"Inflame","floor":4.0},{"not_picked":["Searing Blow","Sword Boomerang"],"picked":"Burning Pact","floor":5.0},{"not_picked":["Ghostly Armor","Power Through"],"picked":"Fiend Fire","floor":6.0},{"not_picked":["Thunderclap","Second Wind"],"picked":"Whirlwind","floor":11.0},{"not_picked":["Rampage","Twin Strike"],"picked":"Seeing Red","floor":12.0},{"not_picked":["Whirlwind","Thunderclap"],"picked":"Battle Trance","floor":14.0},{"not_picked":["Dark Embrace","Impervious"],"picked":"Double Tap","floor":16.0},{"not_picked":["True Grit+1","Ghostly Armor+1"],"picked":"Clothesline+1","floor":18.0},{"not_picked":["Iron Wave","Whirlwind"],"picked":"Armaments","floor":19.0},{"not_picked":["Reckless Charge","Sentinel+1"],"picked":"Havoc","floor":23.0},{"not_picked":["Cleave+1","Inflame"],"picked":"Armaments","floor":27.0},{"not_picked":["Flex+1","Havoc"],"picked":"Reaper","floor":28.0},{"not_picked":["Thunderclap","Flex"],"picked":"Headbutt","floor":30.0},{"not_picked":["Immolate","Double Tap"],"picked":"Reaper","floor":33.0},{"not_picked":["Perfected Strike","Armaments+1"],"picked":"Pommel Strike+1","floor":35},{"not_picked":["Havoc+1","Heavy Blade+1"],"picked":"Metallicize+1","floor":36},{"not_picked":["Armaments+1","Rage+1"],"picked":"Shrug It Off","floor":37},{"not_picked":["Fire Breathing","Sword Boomerang+1"],"picked":"Whirlwind+1","floor":39},{"not_picked":["Panacea","Deep Breath"],"picked":"Thinking Ahead","floor":41},{"not_picked":["Secret Technique","Panacea"],"picked":"Mayhem","floor":41},{"not_picked":["Flex+1","Clothesline+1"],"picked":"Shrug It Off+1","floor":42},{"not_picked":["Wild Strike+1","Anger+1"],"picked":"Juggernaut","floor":46},{"not_picked":["Havoc+1","Feel No Pain+1"],"picked":"Inflame","floor":48}],"player_experience":49930,"relics_obtained":[{"floor":6.0,"key":"Pear"},{"floor":9.0,"key":"Mummified Hand"},{"floor":12.0,"key":"Odd Mushroom"},{"floor":23.0,"key":"Incense Burner"},{"floor":26.0,"key":"Shuriken"},{"floor":37,"key":"FossilizedHelix"},{"floor":43,"key":"Red Skull"}],"event_choices":[{"damage_healed":0.0,"max_hp_gain":0.0,"max_hp_loss":0.0,"gold_gain":0.0,"event_name":"World of Goop","player_choice":"Left Gold","floor":7.0,"gold_loss":33.0,"damage_taken":0.0},{"damage_healed":0.0,"max_hp_gain":0.0,"max_hp_loss":0.0,"gold_gain":0.0,"event_name":"Mushrooms","player_choice":"Fought Mushrooms","floor":12.0,"gold_loss":0.0,"damage_taken":0.0},{"damage_healed":0.0,"max_hp_gain":0.0,"max_hp_loss":0.0,"gold_gain":0.0,"event_name":"Ghosts","player_choice":"Ignored","floor":20.0,"gold_loss":0.0,"damage_taken":0.0},{"cards_removed":["Strike_R"],"damage_healed":0.0,"max_hp_gain":0.0,"max_hp_loss":0.0,"gold_gain":0.0,"event_name":"Beggar","player_choice":"Gave Gold","floor":21.0,"gold_loss":75.0,"damage_taken":0.0},{"damage_healed":0.0,"max_hp_gain":0.0,"max_hp_loss":27.0,"gold_gain":0.0,"event_name":"Vampires","player_choice":"Became a vampire","floor":22.0,"gold_loss":0.0,"damage_taken":0.0,"cards_obtained":["Bite","Bite","Bite","Bite","Bite"]},{"damage_healed":0,"gold_gain":0,"player_choice":"Fight","damage_taken":0,"max_hp_gain":0,"max_hp_loss":0,"event_name":"MindBloom","floor":37,"gold_loss":0},{"damage_healed":0,"gold_gain":0,"player_choice":"Copied","damage_taken":0,"max_hp_gain":0,"max_hp_loss":0,"event_name":"Duplicator","floor":38,"gold_loss":0,"cards_obtained":["Battle Trance"]},{"damage_healed":0,"gold_gain":0,"player_choice":"Memory 2","damage_taken":5,"max_hp_gain":0,"max_hp_loss":0,"event_name":"SensoryStone","floor":41,"gold_loss":0},{"cards_removed":["Defend_R"],"damage_healed":0,"gold_gain":0,"player_choice":"Removed Skill","damage_taken":0,"max_hp_gain":0,"max_hp_loss":0,"event_name":"Falling","floor":45,"gold_loss":0},{"damage_healed":0,"gold_gain":0,"player_choice":"Max HP","damage_taken":0,"max_hp_gain":0,"max_hp_loss":3,"event_name":"Winding Halls","floor":47,"gold_loss":0}],"is_beta":false,"boss_relics":[{"not_picked":["Black Star","Astrolabe"],"picked":"Snecko Eye"},{"not_picked":["White Beast Statue","Black Blood"],"picked":"Mark of Pain"}],"items_purged_floors":[],"is_endless":false,"potions_floor_spawned":[1,6,11,12,14,23,28,37,39,46,48],"ascension_level":0}