{"gold_per_floor":[11,22,39,39,58,58,58,89,389,423,438,438,451,470,470,542,542,560,574,574,587,587,587,17,50,75,131,38,38,38,57,57,135,135,148,97,107,10,10,43,60,160,160,195,195,229,38,72,72,72,72],"floor_reached":51,"playtime":4154,"items_purged":["Strike_G"],"score":1776,"play_id":"1b63f9b0-a422-4339-904d-5e97229722d4","local_time":"20190713193010","is_ascension_mode":true,"campfire_choices":[{"floor":6.0,"key":"REST"},{"data":"1","floor":12.0,"key":"LIFT"},{"data":"2","floor":15.0,"key":"LIFT"},{"data":"3","floor":23.0,"key":"LIFT"},{"data":"Footwork","floor":29.0,"key":"SMITH"},{"floor":32.0,"key":"REST"},{"floor":49,"key":"RECALL"}],"neow_cost":"NO_GOLD","seed_source_timestamp":0,"circlet_count":0,"master_deck":["AscendersBane","Strike_G","Strike_G","Strike_G","Defend_G+1","Defend_G","Defend_G+1","Defend_G","Defend_G","Survivor","Neutralize","Leg Sweep","All Out Attack","Blade Dance","Terror","Slice","Blade Dance","Riddle With Holes","Well Laid Plans+1","Footwork+1","Storm of Steel","Skewer","Ghostly","Ghostly","Ghostly","Quick Slash","Dodge and Roll","Heel Hook","Acrobatics","Dodge and Roll","Master of Strategy","Dodge and Roll+1","Wraith Form v2","Underhanded Strike","Finesse","Backflip","Impatience","Backflip","Footwork","Cloak And Dagger","Acrobatics","PiercingWail","Escape Plan"],"special_seed":0,"relics":["Ring of the Snake","Nunchaku","Girya","Old Coin","Tingsha","HoveringKite","Enchiridion","Membership Card","PreservedInsect","War Paint","Strawberry","Smiling Mask","Tiny Chest","Busted Crown","Art of War","Potion Belt","Mango","Prayer Wheel","Blood Vial","Paper Crane","Orichalcum"],"potions_floor_usage":[50,50,51,51],"damage_taken":[{"damage":10.0,"enemies":"Jaw Worm","floor":1.0,"turns":6.0},{"damage":0.0,"enemies":"Cultist","floor":2.0,"turns":4.0},{"damage":0.0,"enemies":"Small Slimes","floor":3.0,"turns":4.0},{"damage":1.0,"enemies":"2 Fungi Beasts","floor":5.0,"turns":3.0},{"damage":29.0,"enemies":"Gremlin Nob","floor":8.0,"turns":4.0},{"damage":4.0,"enemies":"3 Sentries","floor":10.0,"turns":8.0},{"damage":10.0,"enemies":"Large Slime","floor":11.0,"turns":8.0},{"damage":0.0,"enemies":"Gremlin Gang","floor":13.0,"turns":2.0},{"damage":0.0,"enemies":"3 Louse","floor":14.0,"turns":2.0},{"damage":5.0,"enemies":"Hexaghost","floor":16.0,"turns":6.0},{"damage":0.0,"enemies":"Chosen","floor":18.0,"turns":4.0},{"damage":4.0,"enemies":"3 Byrds","floor":19.0,"turns":4.0},{"damage":0.0,"enemies":"Snake Plant","floor":21.0,"turns":2.0},{"damage":0.0,"enemies":"Gremlin Leader","floor":25.0,"turns":3.0},{"damage":2.0,"enemies":"Slavers","floor":27.0,"turns":3.0},{"damage":13.0,"enemies":"Cultist and Chosen","floor":31.0,"turns":6.0},{"damage":4.0,"enemies":"Collector","floor":33.0,"turns":11.0},{"damage":0,"enemies":"Orb Walker","floor":35,"turns":2},{"damage":0,"enemies":"3 Shapes","floor":37,"turns":5},{"damage":0,"enemies":"Reptomancer","floor":40,"turns":3},{"damage":13,"enemies":"Spire Growth","floor":41,"turns":7},{"damage":0,"enemies":"Mind Bloom Boss Battle","floor":42,"turns":5},{"damage":9,"enemies":"Nemesis","floor":44,"turns":7},{"damage":0,"enemies":"Giant Head","floor":46,"turns":8},{"damage":0,"enemies":"Nemesis","floor":48,"turns":5},{"damage":11,"enemies":"Awakened One","floor":50,"turns":26},{"damage":29,"enemies":"Donu and Deca","floor":51,"turns":11}],"seed_played":"908556972219059","potions_obtained":[{"floor":1.0,"key":"LiquidBronze"},{"floor":3.0,"key":"Fire Potion"},{"floor":5.0,"key":"Strength Potion"},{"floor":18.0,"key":"Swift Potion"},{"floor":21.0,"key":"Block Potion"},{"floor":35,"key":"Swift Potion"},{"floor":40,"key":"Dexterity Potion"},{"floor":41,"key":"GhostInAJar"},{"floor":46,"key":"SkillPotion"}],"is_trial":false,"path_per_floor":["M","M","M","?","M","R","?","E","T","E","M","R","M","M","R","B",null,"M","M","?","M","?","R","$","E","T","E","$","R","?","M","R","B",null,"M","$","M","$","?","E","M","?","T","E","?","E","$","E","R","B","B"],"character_chosen":"THE_SILENT","items_purchased":["Membership Card","PreservedInsect","Quick Slash","War Paint","Dodge and Roll","Regen Potion","Heel Hook","Master of Strategy","Finesse","Impatience","Backflip","Footwork","Paper Crane","PiercingWail","Escape Plan"],"campfire_rested":2,"item_purchase_floors":[24,24,24,24,24,24,24,28,36,38,38,38,47,47,47],"current_hp_per_floor":[49,49,49,49,48,66,66,37,37,33,23,23,23,23,23,18,54,54,50,29,29,29,29,29,36,36,34,34,34,34,21,33,40,40,40,40,40,40,40,40,27,41,41,32,32,32,32,34,34,25,0],"gold":72,"neow_bonus":"ONE_RARE_RELIC","is_prod":false,"is_daily":false,"chose_seed":false,"campfire_upgraded":1,"win_rate":0,"timestamp":1563060610,"path_taken":["M","M","M","?","?","R","?","E","T","E","M","R","M","M","R","BOSS","M","M","?","M","?","R","$","E","T","E","$","R","?","?","R","BOSS","M","$","M","$","?","E","?","?","T","E","?","E","$","E","R","BOSS","BOSS"],"build_version":"2019-07-10","purchased_purges":1,"victory":false,"max_hp_per_floor":[66,66,66,66,66,66,66,66,66,66,66,66,66,66,66,66,66,66,66,66,66,33,33,33,40,40,40,40,40,40,40,40,40,40,40,40,40,40,40,40,40,54,54,54,54,54,54,54,54,54,54],"card_choices":[{"not_picked":["All Out Attack","PiercingWail"],"picked":"Leg Sweep","floor":1.0},{"not_picked":["PiercingWail","Distraction"],"picked":"All Out Attack","floor":2.0},{"not_picked":["Dodge and Roll","Expertise"],"picked":"Blade Dance","floor":3.0},{"not_picked":["Catalyst","Deflect"],"picked":"Terror","floor":5.0},{"not_picked":["Deflect","Blur"],"picked":"Slice","floor":8.0},{"not_picked":["Flying Knee","Acrobatics"],"picked":"Blade Dance","floor":10.0},{"not_picked":["Acrobatics","Prepared"],"picked":"Riddle With Holes","floor":11.0},{"not_picked":["Flying Knee","Dagger Spray"],"picked":"Well Laid Plans","floor":13.0},{"not_picked":["Endless Agony","Leg Sweep"],"picked":"Footwork","floor":14.0},{"not_picked":["Envenom","A Thousand Cuts"],"picked":"Storm of Steel","floor":16.0},{"not_picked":["Blade Dance","Deadly Poison"],"picked":"Skewer","floor":18.0},{"not_picked":["Flying Knee","Bane+1","Dagger Throw"],"picked":"SKIP","floor":19.0},{"not_picked":["Sucker Punch","Unload"],"picked":"Underhanded Strike","floor":21.0},{"not_picked":["Quick Slash","All Out Attack"],"picked":"Acrobatics","floor":25.0},{"not_picked":["Heel Hook","Terror"],"picked":"Dodge and Roll","floor":27.0},{"not_picked":["Terror+1","PiercingWail"],"picked":"Dodge and Roll+1","floor":31.0},{"not_picked":["Adrenaline","A Thousand Cuts"],"picked":"Wraith Form v2","floor":33.0},{"not_picked":[],"picked":"Underhanded Strike","floor":35},{"not_picked":[],"picked":"Backflip","floor":37},{"not_picked":[],"picked":"Cloak And Dagger","floor":40},{"not_picked":[],"picked":"Acrobatics","floor":41},{"not_picked":["Heel Hook"],"picked":"SKIP","floor":44},{"not_picked":["Bouncing Flask"],"picked":"SKIP","floor":46},{"not_picked":["Bullet Time"],"picked":"SKIP","floor":48}],"player_experience":3222623,"relics_obtained":[{"floor":8.0,"key":"Girya"},{"floor":9.0,"key":"Old Coin"},{"floor":10.0,"key":"Tingsha"},{"floor":20.0,"key":"Enchiridion"},{"floor":25.0,"key":"Strawberry"},{"floor":26.0,"key":"Smiling Mask"},{"floor":27.0,"key":"Tiny Chest"},{"floor":40,"key":"Potion Belt"},{"floor":42,"key":"Mango"},{"floor":44,"key":"Prayer Wheel"},{"floor":46,"key":"Blood Vial"},{"floor":48,"key":"Orichalcum"}],"event_choices":[{"cards_removed":["Strike_G"],"damage_healed":0.0,"max_hp_gain":0.0,"max_hp_loss":0.0,"gold_gain":0.0,"event_name":"Bonfire Elementals","player_choice":"Offered Basic","floor":4.0,"gold_loss":0.0,"damage_taken":0.0},{"damage_healed":0.0,"max_hp_gain":0.0,"max_hp_loss":0.0,"gold_gain":0.0,"event_name":"Liars Game","player_choice":"Ignored","floor":7.0,"gold_loss":0.0,"damage_taken":0.0},{"damage_healed":0.0,"max_hp_gain":0.0,"max_hp_loss":0.0,"gold_gain":0.0,"event_name":"Cursed Tome","player_choice":"Obtained Book","floor":20.0,"gold_loss":0.0,"damage_taken":21.0},{"damage_healed":0.0,"max_hp_gain":0.0,"max_hp_loss":33.0,"gold_gain":0.0,"event_name":"Ghosts","player_choice":"Became a Ghost","floor":22.0,"gold_loss":0.0,"damage_taken":0.0,"cards_obtained":["Ghostly","Ghostly","Ghostly"]},{"damage_healed":0.0,"max_hp_gain":0.0,"max_hp_loss":0.0,"gold_gain":0.0,"event_name":"Upgrade Shrine","player_choice":"Upgraded","floor":30.0,"gold_loss":0.0,"damage_taken":0.0,"cards_upgraded":["Well Laid Plans"]},{"cards_removed":["Underhanded Strike"],"damage_healed":0,"gold_gain":0,"player_choice":"Gave Card","damage_taken":0,"relics_obtained":["Art of War"],"max_hp_gain":0,"max_hp_loss":0,"event_name":"WeMeetAgain","floor":39,"gold_loss":0},{"damage_healed":0,"gold_gain":0,"player_choice":"Fight","damage_taken":0,"max_hp_gain":0,"max_hp_loss":0,"event_name":"MindBloom","floor":42,"gold_loss":0},{"damage_healed":0,"gold_gain":0,"player_choice":"Ignored","damage_taken":0,"max_hp_gain":0,"max_hp_loss":0,"event_name":"Tomb of Lord Red Mask","floor":45,"gold_loss":0}],"is_beta":true,"boss_relics":[{"not_picked":["Empty Cage","Astrolabe"],"picked":"HoveringKite"},{"not_picked":["Runic Dome","Calling Bell"],"picked":"Busted Crown"}],"items_purged_floors":[24],"is_endless":false,"potions_floor_spawned":[1,3,5,8,18,21,27,35,40,41,46],"killed_by":"Donu and Deca","ascension_level":20}