{"gold_per_floor":[109,163,176,176,101,101,128,142,169,180,80,98,98,114,114,211,211,226,245,245,245,265,299,299,299,299,174,189,207,57,57,57,157,157,175,186,286,286,303,303,335,335,390,410,17,17,17,29,29,29,29,29,29,58,58],"floor_reached":55,"playtime":3901,"items_purged":["Defend_R","Defend_R","Defend_R","Defend_R","Bash"],"score":769,"play_id":"059031d1-2693-4964-b7b0-0fdd5d310810","local_time":"20190717080028","is_ascension_mode":false,"campfire_choices":[{"data":"Rage","floor":6,"key":"SMITH"},{"data":"Battle Trance","floor":13,"key":"SMITH"},{"data":"Pommel Strike","floor":15,"key":"SMITH"},{"data":"RitualDagger","floor":25,"key":"SMITH"},{"data":"Flex","floor":32,"key":"SMITH"},{"data":"1","floor":40,"key":"LIFT"},{"floor":42,"key":"RECALL"},{"data":"2","floor":47,"key":"LIFT"},{"floor":49,"key":"REST"},{"data":"3","floor":52,"key":"LIFT"}],"neow_cost":"NONE","seed_source_timestamp":55494232600763,"circlet_count":0,"master_deck":["Strike_R","Strike_R","Strike_R","Strike_R","Strike_R","Rage+1","Battle Trance+1","Pommel Strike+1","Clash","Clash","Flex+1","RitualDagger+1","Clash+1","Pommel Strike+1","Clash+1","Pommel Strike+1"],"relics":["Burning Blood","NeowsBlessing","Tiny Chest","Happy Flower","Orrery","Dream Catcher","Pear","Lizard Tail","Girya","Bag of Preparation","Vajra","Pen Nib","Centennial Puzzle"],"potions_floor_usage":[16,20,23,33,39,48,50],"damage_taken":[{"damage":0,"enemies":"Cultist","floor":1,"turns":1},{"damage":0,"enemies":"2 Louse","floor":3,"turns":1},{"damage":0,"enemies":"3 Sentries","floor":7,"turns":1},{"damage":0,"enemies":"Small Slimes","floor":8,"turns":2},{"damage":2,"enemies":"Looter","floor":10,"turns":4},{"damage":1,"enemies":"3 Louse","floor":12,"turns":3},{"damage":0,"enemies":"2 Fungi Beasts","floor":14,"turns":3},{"damage":20,"enemies":"The Guardian","floor":16,"turns":7},{"damage":0,"enemies":"Shell Parasite","floor":18,"turns":3},{"damage":0,"enemies":"Spheric Guardian","floor":19,"turns":2},{"damage":0,"enemies":"Snake Plant","floor":20,"turns":1},{"damage":6,"enemies":"Shelled Parasite and Fungi","floor":22,"turns":3},{"damage":23,"enemies":"Gremlin Leader","floor":23,"turns":5},{"damage":9,"enemies":"3 Cultists","floor":28,"turns":4},{"damage":11,"enemies":"Snake Plant","floor":29,"turns":2},{"damage":35,"enemies":"Automaton","floor":33,"turns":8},{"damage":16,"enemies":"3 Darklings","floor":35,"turns":4},{"damage":10,"enemies":"Orb Walker","floor":36,"turns":2},{"damage":12,"enemies":"Mind Bloom Boss Battle","floor":37,"turns":4},{"damage":16,"enemies":"Maw","floor":39,"turns":5},{"damage":36,"enemies":"Reptomancer","floor":41,"turns":5},{"damage":0,"enemies":"Transient","floor":44,"turns":5},{"damage":0,"enemies":"Writhing Mass","floor":48,"turns":2},{"damage":88,"enemies":"Time Eater","floor":50,"turns":7},{"damage":0,"enemies":"Shield and Spear","floor":54,"turns":2},{"damage":146,"enemies":"The Heart","floor":55,"turns":5}],"seed_played":"-2744085594552155805","potions_obtained":[{"floor":1,"key":"SpeedPotion"},{"floor":8,"key":"Explosive Potion"},{"floor":10,"key":"EssenceOfSteel"},{"floor":16,"key":"SmokeBomb"},{"floor":28,"key":"BloodPotion"},{"floor":36,"key":"Swift Potion"},{"floor":44,"key":"SteroidPotion"}],"is_trial":false,"path_per_floor":["M","T","M","?","$","R","E","M","T","M","$","M","R","M","R","B",null,"M","M","M","?","M","E","?","R","T","$","M","M","$","?","R","B",null,"M","M","?","?","M","R","E","R","T","M","$","?","R","M","R","B",null,"R","$","E","B"],"character_chosen":"IRONCLAD","items_purchased":["Pen Nib","Regen Potion"],"campfire_rested":1,"item_purchase_floors":[45,45],"current_hp_per_floor":[80,80,80,80,80,80,80,80,80,80,80,80,80,80,80,66,80,80,80,80,80,80,63,57,57,67,67,64,59,59,41,41,35,95,85,81,75,75,65,65,35,35,35,41,41,41,41,47,75,8,95,95,95,95,0],"gold":58,"neow_bonus":"THREE_ENEMY_KILL","is_prod":false,"is_daily":false,"chose_seed":false,"campfire_upgraded":5,"win_rate":0,"timestamp":1563343228,"path_taken":["M","?","?","?","?","R","E","M","T","M","$","M","R","M","R","BOSS","M","M","M","?","?","E","?","R","T","$","M","M","$","?","R","BOSS","M","M","?","?","?","R","E","R","T","M","$","?","R","M","R","BOSS","R","$","E","BOSS"],"build_version":"2019-07-05","purchased_purges":5,"victory":false,"max_hp_per_floor":[80,80,80,80,80,80,80,80,80,80,80,80,80,80,80,80,80,80,80,80,80,80,80,80,80,90,90,90,90,90,95,95,95,95,95,95,95,95,95,95,95,95,95,95,95,95,95,95,95,95,95,95,95,95,95],"card_choices":[{"not_picked":["Reckless Charge","Spot Weakness"],"picked":"Rage","floor":1},{"not_picked":["Flex","Dropkick"],"picked":"Battle Trance","floor":3},{"not_picked":["Flame Barrier","True Grit"],"picked":"Pommel Strike","floor":7},{"not_picked":["Combust","Bloodletting","Iron Wave"],"picked":"SKIP","floor":8},{"not_picked":["Anger","Iron Wave","Pommel Strike"],"picked":"SKIP","floor":10},{"not_picked":["Anger","Iron Wave","Pommel Strike"],"picked":"SKIP","floor":10},{"not_picked":["Fiend Fire","Thunderclap","Metallicize"],"picked":"SKIP","floor":12},{"not_picked":["True Grit","Sword Boomerang"],"picked":"Clash","floor":14},{"not_picked":["Pommel Strike","Intimidate"],"picked":"Clash","floor":17},{"not_picked":["Perfected Strike","Battle Trance"],"picked":"Flex","floor":17},{"not_picked":["True Grit","Armaments","Rupture"],"picked":"SKIP","floor":18},{"not_picked":["Iron Wave","Rampage","Perfected Strike"],"picked":"SKIP","floor":19},{"not_picked":["Burning Pact","Iron Wave+1","Shockwave"],"picked":"SKIP","floor":22},{"not_picked":["Intimidate","Shockwave","Fiend Fire"],"picked":"SKIP","floor":23},{"not_picked":["Iron Wave","Power Through","Twin Strike"],"picked":"SKIP","floor":28},{"not_picked":["Iron Wave","Clothesline"],"picked":"Clash","floor":29},{"not_picked":["Combust+1","Iron Wave+1","Sentinel+1"],"picked":"SKIP","floor":35},{"not_picked":["Power Through+1","Warcry","Twin Strike+1"],"picked":"SKIP","floor":36},{"not_picked":["Heavy Blade","Combust"],"picked":"Pommel Strike+1","floor":37},{"not_picked":["Clash","Corruption+1","Body Slam+1"],"picked":"SKIP","floor":39},{"not_picked":["Second Wind","Power Through+1"],"picked":"Clash+1","floor":41},{"not_picked":["True Grit","Twin Strike","Seeing Red"],"picked":"SKIP","floor":44},{"not_picked":["Iron Wave","Ghostly Armor+1"],"picked":"Pommel Strike+1","floor":48},{"not_picked":["Dropkick","Carnage+1","Perfected Strike+1"],"picked":"SKIP","floor":54}],"player_experience":199556,"relics_obtained":[{"floor":2,"key":"Tiny Chest"},{"floor":7,"key":"Happy Flower"},{"floor":23,"key":"Dream Catcher"},{"floor":26,"key":"Pear"},{"floor":37,"key":"Girya"},{"floor":41,"key":"Bag of Preparation"},{"floor":43,"key":"Vajra"},{"floor":54,"key":"Centennial Puzzle"}],"event_choices":[{"damage_healed":0,"gold_gain":0,"player_choice":"Ignored","damage_taken":0,"max_hp_gain":0,"max_hp_loss":0,"event_name":"Transmorgrifier","floor":4,"gold_loss":0},{"damage_healed":0,"gold_gain":0,"player_choice":"Ignored","damage_taken":0,"max_hp_gain":0,"max_hp_loss":0,"event_name":"NoteForYourself","floor":21,"gold_loss":0},{"damage_healed":0,"gold_gain":0,"player_choice":"Joined the Cult","damage_taken":6,"max_hp_gain":0,"max_hp_loss":0,"event_name":"Nest","floor":24,"gold_loss":0,"cards_obtained":["RitualDagger"]},{"damage_healed":0,"gold_gain":0,"player_choice":"Shed Blood","damage_taken":23,"max_hp_gain":5,"max_hp_loss":0,"event_name":"Forgotten Altar","floor":31,"gold_loss":0},{"damage_healed":0,"gold_gain":0,"player_choice":"Fight","damage_taken":0,"max_hp_gain":0,"max_hp_loss":0,"event_name":"MindBloom","floor":37,"gold_loss":0},{"damage_healed":0,"gold_gain":0,"player_choice":"Forge","damage_taken":0,"max_hp_gain":0,"max_hp_loss":0,"event_name":"Accursed Blacksmith","floor":38,"gold_loss":0,"cards_upgraded":["Clash"]},{"damage_healed":0,"gold_gain":0,"player_choice":"Memory 1","damage_taken":0,"max_hp_gain":0,"max_hp_loss":0,"event_name":"SensoryStone","floor":46,"gold_loss":0}],"is_beta":false,"boss_relics":[{"not_picked":["Fusion Hammer","Ectoplasm"],"picked":"Orrery"},{"not_picked":["Philosopher\u0027s Stone","Sozu"],"picked":"Lizard Tail"}],"items_purged_floors":[5,11,27,30,45],"is_endless":false,"potions_floor_spawned":[1,8,10,16,19,20,28,36,44],"killed_by":"The Heart","ascension_level":0}