{"gold_per_floor":[112,126,126,143,19,45,45,80,80,80,98,98,51,68,68,163,163,163,163,12,12,12,12,12,12,12,12,12,12,12,12,12,12,12,12,12,12,12,12],"floor_reached":39,"playtime":1442,"items_purged":[],"score":491,"play_id":"b8a26797-f591-4bae-8a7c-b3793c392fb1","local_time":"20190501233433","is_ascension_mode":true,"campfire_choices":[{"data":"Body Slam","floor":7,"key":"SMITH"},{"floor":10,"key":"REST"},{"floor":15,"key":"REST"},{"data":"Demon Form","floor":23,"key":"SMITH"},{"data":"Flame Barrier","floor":28,"key":"SMITH"},{"floor":30,"key":"REST"},{"data":"Infernal Blade","floor":32,"key":"SMITH"}],"neow_cost":"NONE","seed_source_timestamp":36248135279302,"circlet_count":0,"master_deck":["Strike_R","Strike_R+1","Strike_R","Strike_R","Strike_R","Defend_R","Defend_R","Defend_R","Defend_R","Bash","Body Slam+1","Metallicize","Clothesline","Panacea+1","Infernal Blade","Spot Weakness","Immolate","True Grit","Pommel Strike","Demon Form+1","Whirlwind","Flex+1","Flame Barrier+1","Writhe","Pain","Infernal Blade+1","Headbutt+1","Limit Break","Rage+1","Sword Boomerang","Heavy Blade+1"],"relics":["Black Blood","Darkstone Periapt","Bird Faced Urn","Thread and Needle","Ectoplasm","Dream Catcher","MawBank","Oddly Smooth Stone","WarpedTongs","Bottled Flame","The Courier"],"potions_floor_usage":[2,6,11,19,27,33,37,37],"damage_taken":[{"damage":6,"enemies":"Jaw Worm","floor":1,"turns":5},{"damage":1,"enemies":"Cultist","floor":2,"turns":3},{"damage":0,"enemies":"Small Slimes","floor":4,"turns":3},{"damage":43,"enemies":"Lagavulin","floor":6,"turns":10},{"damage":33,"enemies":"Gremlin Nob","floor":8,"turns":4},{"damage":3,"enemies":"2 Fungi Beasts","floor":11,"turns":3},{"damage":11,"enemies":"Exordium Thugs","floor":14,"turns":3},{"damage":45,"enemies":"Slime Boss","floor":16,"turns":8},{"damage":12,"enemies":"Chosen","floor":18,"turns":5},{"damage":24,"enemies":"Shell Parasite","floor":19,"turns":4},{"damage":0,"enemies":"Centurion and Healer","floor":21,"turns":4},{"damage":33,"enemies":"Book of Stabbing","floor":27,"turns":6},{"damage":30,"enemies":"Snake Plant","floor":29,"turns":3},{"damage":24,"enemies":"Champ","floor":33,"turns":9},{"damage":36,"enemies":"3 Shapes","floor":35,"turns":4},{"damage":15,"enemies":"Orb Walker","floor":37,"turns":2},{"damage":53,"enemies":"4 Shapes","floor":38,"turns":5},{"damage":37,"enemies":"Maw","floor":39,"turns":8}],"seed_played":"1469089759343104898","potions_obtained":[{"floor":0,"key":"AttackPotion"},{"floor":0,"key":"FairyPotion"},{"floor":0,"key":"FairyPotion"},{"floor":3,"key":"BloodPotion"},{"floor":3,"key":"Ancient Potion"},{"floor":8,"key":"AttackPotion"},{"floor":18,"key":"BloodPotion"},{"floor":19,"key":"Dexterity Potion"},{"floor":33,"key":"AttackPotion"},{"floor":35,"key":"AttackPotion"}],"is_trial":false,"path_per_floor":["M","M","?","M","$","E","R","E","T","R","M","?","?","M","R","B",null,"M","M","$","M","?","R","T","?","T","E","R","M","R","?","R","B",null,"M","?","M","M","M"],"character_chosen":"IRONCLAD","items_purchased":["Panacea","Infernal Blade","Dream Catcher"],"campfire_rested":3,"item_purchase_floors":[5,5,20],"current_hp_per_floor":[80,80,80,80,80,51,51,24,24,48,51,35,35,32,56,19,80,74,62,62,70,76,76,76,82,82,59,59,35,62,62,62,48,92,68,68,65,24,0],"gold":12,"neow_bonus":"THREE_SMALL_POTIONS","is_prod":false,"is_daily":false,"chose_seed":false,"campfire_upgraded":4,"win_rate":0,"timestamp":1556717673,"path_taken":["M","M","?","M","$","E","R","E","T","R","?","?","?","M","R","BOSS","M","M","$","M","?","R","?","?","T","E","R","?","R","?","R","BOSS","M","?","M","M","M"],"build_version":"2019-01-23","purchased_purges":0,"victory":false,"max_hp_per_floor":[80,80,80,80,80,80,80,80,80,80,80,80,80,80,80,80,80,80,80,80,80,86,86,86,92,92,92,92,92,92,92,92,92,92,92,92,92,92,92],"card_choices":[{"not_picked":["True Grit","Fire Breathing"],"picked":"Body Slam","floor":1},{"not_picked":["True Grit","Thunderclap"],"picked":"Metallicize","floor":2},{"not_picked":["Searing Blow","Body Slam"],"picked":"Clothesline","floor":4},{"not_picked":["Metallicize","Bloodletting"],"picked":"Spot Weakness","floor":6},{"not_picked":["Sword Boomerang","Pummel"],"picked":"Immolate","floor":8},{"not_picked":["Havoc","Second Wind"],"picked":"True Grit","floor":11},{"not_picked":["Anger","Disarm"],"picked":"Pommel Strike","floor":14},{"not_picked":["Exhume","Juggernaut"],"picked":"Demon Form","floor":16},{"not_picked":["Clash+1","Sword Boomerang"],"picked":"Whirlwind","floor":18},{"not_picked":["Pommel Strike","Headbutt"],"picked":"Flex+1","floor":19},{"not_picked":["Pommel Strike","Clash"],"picked":"Flame Barrier","floor":21},{"not_picked":["Sever Soul","Shrug It Off"],"picked":"Dropkick+1","floor":27},{"not_picked":["Entrench","Sword Boomerang"],"picked":"Infernal Blade","floor":29},{"not_picked":["Wild Strike","Exhume"],"picked":"Headbutt+1","floor":30},{"not_picked":["Fiend Fire","Brutality"],"picked":"Limit Break","floor":33},{"not_picked":["Battle Trance","Clothesline"],"picked":"Rage+1","floor":35},{"not_picked":["Shrug It Off","Rupture"],"picked":"Sword Boomerang","floor":37},{"not_picked":["Perfected Strike","Pummel+1"],"picked":"Heavy Blade+1","floor":38}],"player_experience":564880,"relics_obtained":[{"floor":6,"key":"Darkstone Periapt"},{"floor":8,"key":"Bird Faced Urn"},{"floor":9,"key":"Thread and Needle"},{"floor":24,"key":"Oddly Smooth Stone"},{"floor":26,"key":"Bottled Flame"},{"floor":27,"key":"The Courier"}],"event_choices":[{"damage_healed":0,"gold_gain":0,"player_choice":"Got Potions","damage_taken":0,"max_hp_gain":0,"max_hp_loss":0,"event_name":"Lab","floor":3,"gold_loss":0},{"damage_healed":0,"gold_gain":0,"player_choice":"Entered Light","damage_taken":16,"max_hp_gain":0,"max_hp_loss":0,"event_name":"Shining Light","floor":12,"gold_loss":0,"cards_upgraded":["Panacea","Strike_R"]},{"damage_healed":0,"gold_gain":0,"player_choice":"Left Gold","damage_taken":0,"max_hp_gain":0,"max_hp_loss":0,"event_name":"World of Goop","floor":13,"gold_loss":47},{"damage_healed":0,"gold_gain":0,"player_choice":"Opened","damage_taken":0,"relics_obtained":["MawBank"],"max_hp_gain":0,"max_hp_loss":0,"event_name":"The Mausoleum","floor":22,"gold_loss":0,"cards_obtained":["Writhe"]},{"damage_healed":0,"gold_gain":0,"player_choice":"Rummage","damage_taken":0,"relics_obtained":["WarpedTongs"],"max_hp_gain":0,"max_hp_loss":0,"event_name":"Accursed Blacksmith","floor":25,"gold_loss":0,"cards_obtained":["Pain"]},{"damage_healed":0,"gold_gain":0,"player_choice":"Ignored","damage_taken":0,"max_hp_gain":0,"max_hp_loss":0,"event_name":"Beggar","floor":31,"gold_loss":0},{"cards_removed":["Dropkick"],"damage_healed":0,"gold_gain":0,"player_choice":"Removed Attack","damage_taken":0,"max_hp_gain":0,"max_hp_loss":0,"event_name":"Falling","floor":36,"gold_loss":0}],"is_beta":false,"boss_relics":[{"not_picked":["Philosopher\u0027s Stone","Runic Pyramid"],"picked":"Ectoplasm"},{"not_picked":["Eternal Feather","Coffee Dripper"],"picked":"Black Blood"}],"items_purged_floors":[],"is_endless":false,"potions_floor_spawned":[1,4,8,18,19,33,35],"killed_by":"Maw","ascension_level":4}