{"gold_per_floor":[109,109,120,45,45,45,45,60,84,109,109,119,19,32,32,133,133,149,149,24,35,35,45,45,58,58,58,58,58,69,84,84,84],"floor_reached":33,"playtime":1813,"items_purged":["Defend_R","Defend_R","Defend_R"],"score":237,"play_id":"fe485f29-1551-43e0-928d-7634580c9944","local_time":"20190709021516","is_ascension_mode":false,"campfire_choices":[{"data":"Bash","floor":6,"key":"SMITH"},{"data":"Whirlwind","floor":11,"key":"SMITH"},{"data":"Seeing Red","floor":15,"key":"SMITH"},{"data":"Demon Form","floor":24,"key":"SMITH"},{"data":"Sword Boomerang","floor":29,"key":"SMITH"},{"data":"Spot Weakness","floor":32,"key":"SMITH"}],"neow_cost":"NONE","seed_source_timestamp":55333672052394,"circlet_count":0,"master_deck":["Strike_R","Strike_R","Bash+1","Whirlwind+1","Seeing Red+1","Demon Form+1","Cleave","Sword Boomerang+1","Twin Strike","Heavy Blade+1","Spot Weakness+1"],"relics":["Burning Blood","Oddly Smooth Stone","Regal Pillow","Coffee Dripper","Kunai"],"potions_floor_usage":[21,30,30,30,33],"damage_taken":[{"damage":9,"enemies":"2 Louse","floor":1,"turns":3},{"damage":6,"enemies":"Cultist","floor":3,"turns":3},{"damage":11,"enemies":"Jaw Worm","floor":8,"turns":2},{"damage":9,"enemies":"Exordium Wildlife","floor":12,"turns":3},{"damage":16,"enemies":"Exordium Thugs","floor":14,"turns":4},{"damage":55,"enemies":"Slime Boss","floor":16,"turns":11},{"damage":20,"enemies":"Spheric Guardian","floor":18,"turns":4},{"damage":10,"enemies":"Chosen","floor":21,"turns":2},{"damage":21,"enemies":"Snake Plant","floor":23,"turns":3},{"damage":10,"enemies":"Sentry and Sphere","floor":25,"turns":3},{"damage":18,"enemies":"Shelled Parasite and Fungi","floor":30,"turns":3},{"damage":26,"enemies":"Centurion and Healer","floor":31,"turns":3},{"damage":22,"enemies":"Automaton","floor":33,"turns":2}],"seed_played":"-85534540781619336","potions_obtained":[{"floor":8,"key":"Weak Potion"},{"floor":14,"key":"FearPotion"},{"floor":16,"key":"AttackPotion"},{"floor":21,"key":"Block Potion"},{"floor":25,"key":"AttackPotion"},{"floor":31,"key":"Swift Potion"}],"is_trial":false,"path_per_floor":["M","?","M","$","?","R","?","M","T","T","R","M","$","M","R","B",null,"M","?","$","M","?","M","R","M","T","$","?","R","M","M","R","B"],"character_chosen":"IRONCLAD","items_purchased":[],"campfire_rested":0,"item_purchase_floors":[],"current_hp_per_floor":[85,85,85,85,85,85,85,80,80,80,80,77,77,67,67,18,88,74,74,74,70,70,55,55,51,51,51,51,51,39,19,19,0],"gold":84,"neow_bonus":"TEN_PERCENT_HP_BONUS","is_prod":false,"is_daily":false,"chose_seed":false,"campfire_upgraded":6,"win_rate":0.0,"timestamp":1562631316,"path_taken":["M","?","M","$","?","R","?","?","T","?","R","M","?","M","R","BOSS","M","?","$","?","?","M","R","M","T","?","?","R","M","M","R","BOSS"],"build_version":"2019-07-05","purchased_purges":3,"victory":false,"max_hp_per_floor":[88,88,88,88,88,88,88,88,88,88,88,88,88,88,88,88,88,88,88,88,88,88,88,88,88,88,88,88,88,88,88,88,88],"card_choices":[{"not_picked":["Sword Boomerang","Shockwave","Wild Strike"],"picked":"SKIP","floor":1},{"not_picked":["Sword Boomerang","Clash","Heavy Blade"],"picked":"SKIP","floor":3},{"not_picked":["Shrug It Off","Sever Soul"],"picked":"Whirlwind","floor":8},{"not_picked":["Dropkick","Flex"],"picked":"Seeing Red","floor":12},{"not_picked":["Flex","Shrug It Off","Headbutt"],"picked":"SKIP","floor":14},{"not_picked":["Flex","Shrug It Off","Headbutt"],"picked":"SKIP","floor":14},{"not_picked":["Bludgeon","Juggernaut"],"picked":"Demon Form","floor":16},{"not_picked":["Entrench+1","Searing Blow+1","Warcry+1"],"picked":"SKIP","floor":18},{"not_picked":["Entrench","Flex","Havoc"],"picked":"SKIP","floor":21},{"not_picked":["Anger+1","Iron Wave","Limit Break"],"picked":"SKIP","floor":23},{"not_picked":["Pommel Strike","Wild Strike"],"picked":"Heavy Blade+1","floor":25},{"not_picked":["Twin Strike","Pommel Strike"],"picked":"Spot Weakness","floor":30},{"not_picked":["Iron Wave","Havoc","Corruption+1"],"picked":"SKIP","floor":31}],"player_experience":40565,"relics_obtained":[{"floor":9,"key":"Oddly Smooth Stone"},{"floor":10,"key":"Regal Pillow"},{"floor":26,"key":"Kunai"}],"event_choices":[{"damage_healed":0,"gold_gain":0,"player_choice":"Ignored","damage_taken":0,"max_hp_gain":0,"max_hp_loss":0,"event_name":"Liars Game","floor":2,"gold_loss":0},{"damage_healed":0,"gold_gain":0,"player_choice":"Leave","damage_taken":0,"max_hp_gain":0,"max_hp_loss":0,"event_name":"The Cleric","floor":5,"gold_loss":0},{"damage_healed":0,"gold_gain":0,"player_choice":"0 cards matched","damage_taken":0,"max_hp_gain":0,"max_hp_loss":0,"event_name":"Match and Keep!","floor":7,"gold_loss":0,"cards_obtained":[]},{"damage_healed":0,"gold_gain":0,"cards_transformed":["Defend_R"],"player_choice":"Transformed","damage_taken":0,"max_hp_gain":0,"max_hp_loss":0,"event_name":"Transmorgrifier","floor":19,"gold_loss":0,"cards_obtained":["Cleave"]},{"damage_healed":0,"gold_gain":0,"cards_transformed":["Strike_R","Strike_R"],"player_choice":"Became Test Subject","damage_taken":0,"max_hp_gain":0,"max_hp_loss":0,"event_name":"Drug Dealer","floor":22,"gold_loss":0,"cards_obtained":["Sword Boomerang","Twin Strike"]},{"cards_removed":["Strike_R"],"damage_healed":0,"gold_gain":0,"player_choice":"Elegance","damage_taken":0,"max_hp_gain":0,"max_hp_loss":0,"event_name":"Back to Basics","floor":28,"gold_loss":0}],"is_beta":false,"boss_relics":[{"not_picked":["Runic Pyramid","Snecko Eye"],"picked":"Coffee Dripper"}],"items_purged_floors":[4,13,20],"is_endless":false,"potions_floor_spawned":[8,14,16,21,25,31],"killed_by":"Automaton","ascension_level":0}