{"gold_per_floor":[116,130,280,280,137,137,169,186,186,205,205,237,237,252,252,331,331,350,625,525],"floor_reached":20,"playtime":1097,"items_purged":["Doubt","Regret"],"score":319,"play_id":"868ceea3-6ce3-4eef-bcd3-f18c891ff0de","local_time":"20190704230813","is_ascension_mode":true,"campfire_choices":[{"data":"Immolate","floor":6,"key":"SMITH"},{"data":"Evolve","floor":11,"key":"SMITH"},{"data":"Feel No Pain","floor":13,"key":"SMITH"},{"data":"Second Wind","floor":15,"key":"SMITH"}],"neow_cost":"TEN_PERCENT_HP_LOSS","seed_source_timestamp":1764072236157254,"circlet_count":0,"master_deck":["AscendersBane","Strike_R+1","Strike_R+1","Defend_R","Defend_R","Defend_R","Defend_R","Bash","Immolate+1","Clothesline","Shrug It Off","Evolve+1","Metallicize","Second Wind+1","Feel No Pain+1","Offering","Immolate+1","Dual Wield+1","Disarm+1","Dark Embrace+1","True Grit"],"relics":["Burning Blood","Molten Egg 2","Letter Opener","Whetstone","Sundial","Astrolabe"],"potions_floor_usage":[10,16],"damage_taken":[{"damage":6,"enemies":"Cultist","floor":1,"turns":3},{"damage":0,"enemies":"Small Slimes","floor":2,"turns":3},{"damage":50,"enemies":"Lagavulin","floor":7,"turns":8},{"damage":7,"enemies":"Jaw Worm","floor":8,"turns":2},{"damage":4,"enemies":"3 Louse","floor":10,"turns":2},{"damage":10,"enemies":"3 Sentries","floor":12,"turns":5},{"damage":6,"enemies":"Gremlin Gang","floor":14,"turns":3},{"damage":26,"enemies":"Slime Boss","floor":16,"turns":9},{"damage":22,"enemies":"Spheric Guardian","floor":18,"turns":6}],"seed_played":"-5971875489333715699","potions_obtained":[{"floor":8,"key":"BloodPotion"},{"floor":12,"key":"Energy Potion"},{"floor":14,"key":"FairyPotion"}],"is_trial":false,"path_per_floor":["M","M","?","?","$","R","E","M","T","M","R","E","R","M","R","B",null,"M","?","$"],"character_chosen":"IRONCLAD","items_purchased":["Evolve"],"campfire_rested":0,"item_purchase_floors":[5],"current_hp_per_floor":[68,68,68,63,63,63,19,18,18,37,37,33,33,33,33,13,54,38,38,38],"gold":525,"neow_bonus":"THREE_RARE_CARDS","is_prod":false,"is_daily":false,"chose_seed":false,"campfire_upgraded":4,"win_rate":0,"timestamp":1562249293,"path_taken":["M","M","?","?","$","R","E","M","T","M","R","E","R","?","R","BOSS","M","?","$"],"build_version":"2019-07-01","purchased_purges":2,"victory":false,"max_hp_per_floor":[68,68,68,68,68,68,68,68,68,68,68,68,68,68,68,68,68,68,68,68],"card_choices":[{"not_picked":["Berserk","Juggernaut"],"picked":"Immolate","floor":0},{"not_picked":["Havoc","Reckless Charge"],"picked":"Clothesline","floor":1},{"not_picked":["Cleave","Thunderclap"],"picked":"Shrug It Off","floor":2},{"not_picked":["Warcry","Carnage+1"],"picked":"Metallicize","floor":7},{"not_picked":["Warcry","Twin Strike+1"],"picked":"Second Wind","floor":8},{"not_picked":["Heavy Blade+1","Havoc"],"picked":"Feel No Pain","floor":10},{"not_picked":["Iron Wave+1","Disarm"],"picked":"Offering","floor":12},{"not_picked":["Pommel Strike+1","Sword Boomerang+1","Armaments"],"picked":"SKIP","floor":14},{"not_picked":["Exhume","Impervious"],"picked":"Immolate+1","floor":16},{"not_picked":["Reckless Charge+1","Clash+1"],"picked":"True Grit","floor":18}],"player_experience":1075631,"relics_obtained":[{"floor":7,"key":"Letter Opener"},{"floor":9,"key":"Whetstone"},{"floor":12,"key":"Sundial"}],"event_choices":[{"damage_healed":0,"gold_gain":150,"player_choice":"AGREE","damage_taken":0,"max_hp_gain":0,"max_hp_loss":0,"event_name":"Liars Game","floor":3,"gold_loss":0,"cards_obtained":["Doubt"]},{"damage_healed":0,"gold_gain":0,"player_choice":"Success","damage_taken":5,"relics_obtained":["Molten Egg 2"],"max_hp_gain":0,"max_hp_loss":0,"event_name":"Scrap Ooze","floor":4,"gold_loss":0},{"damage_healed":0,"gold_gain":275,"player_choice":"Desecrate","damage_taken":0,"max_hp_gain":0,"max_hp_loss":0,"event_name":"Golden Shrine","floor":19,"gold_loss":0,"cards_obtained":["Regret"]}],"is_beta":false,"boss_relics":[{"not_picked":["Lizard Tail","Ectoplasm"],"picked":"Astrolabe"}],"items_purged_floors":[5,20],"is_endless":false,"potions_floor_spawned":[8,12,14],"ascension_level":15}