{"gold_per_floor":[114,134,37,37,48,79,45,105,105,105,105,105,132,146,146,249,249,261,275,288,288,288],"floor_reached":22,"playtime":768,"items_purged":[],"score":262,"play_id":"7446971c-89cb-4655-ac67-607d1e04ada6","local_time":"20190524225629","is_ascension_mode":true,"campfire_choices":[{"floor":10,"key":"REST"},{"data":"Catalyst","floor":12,"key":"SMITH"},{"floor":15,"key":"REST"}],"neow_cost":"NONE","seed_source_timestamp":22572803815174,"circlet_count":0,"master_deck":["Defend_G","Defend_G","Defend_G","Defend_G","Defend_G","Strike_G","Strike_G","Strike_G","Strike_G","Survivor","Neutralize","Deadly Poison","Backflip","Deflect","Bandage Up","Skewer","Backstab","Dagger Throw","Catalyst+1","Regret","Catalyst","Noxious Fumes","Corpse Explosion","Sucker Punch+1","Heel Hook+1","Bane+1"],"relics":["Ring of the Serpent","Bird Faced Urn","Molten Egg 2","Pen Nib","Mercury Hourglass","Enchiridion"],"potions_floor_usage":[6,16,16,18,20],"damage_taken":[{"damage":7,"enemies":"Jaw Worm","floor":1,"turns":4},{"damage":1,"enemies":"Small Slimes","floor":2,"turns":4},{"damage":0,"enemies":"2 Louse","floor":5,"turns":4},{"damage":29,"enemies":"Gremlin Nob","floor":6,"turns":4},{"damage":35,"enemies":"Lagavulin","floor":13,"turns":7},{"damage":3,"enemies":"Looter","floor":14,"turns":3},{"damage":23,"enemies":"Hexaghost","floor":16,"turns":7},{"damage":22,"enemies":"Spheric Guardian","floor":18,"turns":5},{"damage":16,"enemies":"2 Thieves","floor":19,"turns":2},{"damage":11,"enemies":"Snake Plant","floor":20,"turns":4},{"damage":19,"enemies":"Sentry and Sphere","floor":22,"turns":3}],"seed_played":"5768898156135652489","potions_obtained":[{"floor":5,"key":"Explosive Potion"},{"floor":13,"key":"PowerPotion"},{"floor":14,"key":"Poison Potion"},{"floor":16,"key":"AttackPotion"},{"floor":19,"key":"Swift Potion"}],"is_trial":false,"path_per_floor":["M","M","$","?","M","E","$","?","T","R","?","R","E","M","R","B",null,"M","M","M","?","M"],"character_chosen":"THE_SILENT","items_purchased":["Bandage Up","Catalyst"],"campfire_rested":2,"item_purchase_floors":[3,7],"current_hp_per_floor":[56,55,55,55,59,34,34,34,34,55,55,55,24,25,46,31,60,44,32,27,11,0],"gold":288,"neow_bonus":"THREE_CARDS","is_prod":false,"is_daily":false,"chose_seed":false,"campfire_upgraded":1,"win_rate":0,"timestamp":1558702589,"path_taken":["M","M","$","?","M","E","?","?","T","R","?","R","E","M","R","BOSS","M","M","M","?","M"],"build_version":"2019-01-23","purchased_purges":0,"victory":false,"max_hp_per_floor":[70,70,70,70,70,70,70,70,70,70,70,70,70,70,70,70,70,70,70,70,70,70],"card_choices":[{"not_picked":["Dagger Throw","Flying Knee"],"picked":"Deadly Poison","floor":0},{"not_picked":["Accuracy","Calculated Gamble"],"picked":"Backflip","floor":1},{"not_picked":["Flying Knee","Backflip"],"picked":"Deflect","floor":2},{"not_picked":["PiercingWail","Quick Slash"],"picked":"Backstab","floor":5},{"not_picked":["Escape Plan","Prepared"],"picked":"Dagger Throw","floor":6},{"not_picked":["Venomology","Cloak And Dagger"],"picked":"Catalyst","floor":13},{"not_picked":["Bane+1","Sucker Punch+1"],"picked":"Noxious Fumes","floor":14},{"not_picked":["After Image","Glass Knife+1"],"picked":"Corpse Explosion","floor":16},{"not_picked":["Prepared","Setup+1"],"picked":"Sucker Punch+1","floor":18},{"not_picked":["Expertise","Finisher+1"],"picked":"Heel Hook+1","floor":19},{"not_picked":["Infinite Blades","Deadly Poison"],"picked":"Bane+1","floor":20}],"player_experience":730690,"relics_obtained":[{"floor":6,"key":"Bird Faced Urn"},{"floor":9,"key":"Molten Egg 2"},{"floor":13,"key":"Mercury Hourglass"},{"floor":21,"key":"Enchiridion"}],"event_choices":[{"damage_healed":0,"gold_gain":0,"cards_transformed":["Strike_G"],"player_choice":"Change","damage_taken":0,"max_hp_gain":0,"max_hp_loss":0,"event_name":"Living Wall","floor":4,"gold_loss":0,"cards_obtained":["Skewer"]},{"damage_healed":0,"gold_gain":60,"player_choice":"Gained Gold","damage_taken":0,"max_hp_gain":0,"max_hp_loss":0,"event_name":"Golden Wing","floor":8,"gold_loss":0},{"damage_healed":0,"gold_gain":0,"player_choice":"Box","damage_taken":0,"relics_obtained":["Pen Nib"],"max_hp_gain":0,"max_hp_loss":0,"event_name":"Big Fish","floor":11,"gold_loss":0,"cards_obtained":["Regret"]},{"damage_healed":0,"gold_gain":0,"player_choice":"Obtained Book","damage_taken":16,"max_hp_gain":0,"max_hp_loss":0,"event_name":"Cursed Tome","floor":21,"gold_loss":0}],"is_beta":false,"boss_relics":[{"not_picked":["Empty Cage","Astrolabe"],"picked":"Ring of the Serpent"}],"items_purged_floors":[],"is_endless":false,"potions_floor_spawned":[5,13,14,16,19],"killed_by":"Sentry and Sphere","ascension_level":7}