{"gold_per_floor":[116,116,31,31,46,80,91,91,115,144,109,127,127,127,127,225,225,208,241,241,241,258,258],"floor_reached":23,"playtime":834,"items_purged":[],"score":266,"play_id":"49d356d4-db5a-4073-a112-241aef38c370","local_time":"20190424164347","is_ascension_mode":true,"campfire_choices":[{"data":"Neutralize","floor":8,"key":"SMITH"},{"data":"Footwork","floor":13,"key":"SMITH"},{"floor":15,"key":"REST"}],"neow_cost":"NONE","seed_source_timestamp":2488900902669,"circlet_count":0,"master_deck":["Defend_G","Defend_G","Defend_G","Defend_G+1","Defend_G","Strike_G","Strike_G","Survivor+1","Neutralize+1","Dagger Throw","PiercingWail","Predator","Noxious Fumes","Deflect+1","Caltrops","Poisoned Stab","Footwork+1","Wraith Form v2","Bouncing Flask+1","Die Die Die+1","Unload+1","Cloak And Dagger","Prepared","RitualDagger","Blur"],"relics":["Ring of the Snake","NeowsBlessing","War Paint","Snake Skull","Juzu Bracelet","Blood Vial","Vajra","Astrolabe","Red Mask"],"potions_floor_usage":[10,12,16,19],"damage_taken":[{"damage":0,"enemies":"Cultist","floor":1,"turns":1},{"damage":0,"enemies":"Small Slimes","floor":5,"turns":1},{"damage":0,"enemies":"Lagavulin","floor":6,"turns":1},{"damage":9,"enemies":"2 Louse","floor":7,"turns":4},{"damage":23,"enemies":"3 Sentries","floor":10,"turns":8},{"damage":23,"enemies":"Lots of Slimes","floor":12,"turns":3},{"damage":14,"enemies":"Slime Boss","floor":16,"turns":11},{"damage":11,"enemies":"2 Thieves","floor":18,"turns":4},{"damage":25,"enemies":"Masked Bandits","floor":19,"turns":4},{"damage":12,"enemies":"Shell Parasite","floor":22,"turns":6},{"damage":23,"enemies":"Gremlin Leader","floor":23,"turns":4}],"seed_played":"2414611907569441609","potions_obtained":[{"floor":1,"key":"Dexterity Potion"},{"floor":5,"key":"Block Potion"},{"floor":12,"key":"GhostInAJar"},{"floor":18,"key":"Fire Potion"},{"floor":22,"key":"SpeedPotion"}],"is_trial":false,"path_per_floor":["M","T","$","?","M","E","M","R","T","E","?","M","R","?","R","B",null,"M","?","?","?","M","E"],"character_chosen":"THE_SILENT","items_purchased":["PiercingWail","Predator"],"campfire_rested":1,"item_purchase_floors":[3,3],"current_hp_per_floor":[70,70,70,70,70,70,61,61,61,40,57,36,36,36,57,45,70,59,36,36,30,20,0],"gold":258,"neow_bonus":"THREE_ENEMY_KILL","is_prod":false,"is_daily":false,"chose_seed":false,"campfire_upgraded":2,"win_rate":0,"timestamp":1556088227,"path_taken":["M","?","$","?","M","E","M","R","T","E","?","M","R","?","R","BOSS","M","?","?","?","M","E"],"build_version":"2019-01-23","purchased_purges":0,"victory":false,"max_hp_per_floor":[70,70,70,70,70,70,70,70,70,70,70,70,70,70,70,70,70,70,70,70,70,70,70],"card_choices":[{"not_picked":["Endless Agony","Backflip"],"picked":"Dagger Throw","floor":1},{"not_picked":["Dodge and Roll","Blade Dance"],"picked":"Noxious Fumes","floor":5},{"not_picked":["Dodge and Roll","Bane"],"picked":"Deflect","floor":6},{"not_picked":["Acrobatics","Backflip"],"picked":"Caltrops","floor":7},{"not_picked":["Backflip","Prepared"],"picked":"Poisoned Stab","floor":10},{"not_picked":["Bane","PiercingWail"],"picked":"Footwork","floor":12},{"not_picked":["Corpse Explosion","Bullet Time"],"picked":"Wraith Form v2","floor":16},{"not_picked":["Prepared","Terror+1"],"picked":"Cloak And Dagger","floor":18},{"not_picked":["Dagger Throw","Deadly Poison"],"picked":"Prepared","floor":19},{"not_picked":["Acrobatics","Quick Slash"],"picked":"Blur","floor":22}],"player_experience":455421,"relics_obtained":[{"floor":2,"key":"War Paint"},{"floor":6,"key":"Juzu Bracelet"},{"floor":9,"key":"Blood Vial"},{"floor":10,"key":"Vajra"},{"floor":19,"key":"Red Mask"}],"event_choices":[{"damage_healed":0,"gold_gain":0,"player_choice":"Box","damage_taken":0,"relics_obtained":["Snake Skull"],"max_hp_gain":0,"max_hp_loss":0,"event_name":"Big Fish","floor":4,"gold_loss":0,"cards_obtained":["Regret"]},{"damage_healed":17,"gold_gain":0,"player_choice":"Healed","damage_taken":0,"max_hp_gain":0,"max_hp_loss":0,"event_name":"The Cleric","floor":11,"gold_loss":35},{"damage_healed":0,"gold_gain":0,"player_choice":"Upgraded","damage_taken":0,"max_hp_gain":0,"max_hp_loss":0,"event_name":"Upgrade Shrine","floor":14,"gold_loss":0,"cards_upgraded":["Deflect"]},{"damage_healed":0,"gold_gain":0,"player_choice":"Fought Bandits","damage_taken":0,"max_hp_gain":0,"max_hp_loss":0,"event_name":"Masked Bandits","floor":19,"gold_loss":0},{"cards_removed":["Regret"],"damage_healed":0,"gold_gain":0,"player_choice":"Purged","damage_taken":0,"max_hp_gain":0,"max_hp_loss":0,"event_name":"Purifier","floor":20,"gold_loss":0},{"damage_healed":0,"gold_gain":0,"player_choice":"Joined the Cult","damage_taken":6,"max_hp_gain":0,"max_hp_loss":0,"event_name":"Nest","floor":21,"gold_loss":0,"cards_obtained":["RitualDagger"]}],"is_beta":false,"boss_relics":[{"not_picked":["Ectoplasm","Orrery"],"picked":"Astrolabe"}],"items_purged_floors":[],"is_endless":false,"potions_floor_spawned":[1,5,12,18,22],"killed_by":"Gremlin Leader","ascension_level":4}