{"gold_per_floor":[115,133,133,110,123,156,170,170,170,183,255,285,298,317,317,414,414,431,431,506,178,195,195,226,226,226,241,254,270,270,300,300,399,399,415,435,2,102,120,151,151,183,183,183,201,276,276,288,288,288],"floor_reached":51,"playtime":1927,"items_purged":["Strike_R"],"score":1054,"play_id":"df0b6152-a25f-46d2-9743-3bbffd6a53c5","local_time":"20190713202032","is_ascension_mode":true,"campfire_choices":[{"floor":8,"key":"REST"},{"data":"1","floor":15,"key":"LIFT"},{"data":"2","floor":23,"key":"LIFT"},{"data":"3","floor":25,"key":"LIFT"},{"data":"Berserk","floor":30,"key":"SMITH"},{"floor":32,"key":"REST"},{"data":"Double Tap","floor":41,"key":"SMITH"},{"floor":49,"key":"REST"}],"neow_cost":"NONE","seed_source_timestamp":274826963302500,"circlet_count":0,"master_deck":["Strike_R","Strike_R","Strike_R","Defend_R","Defend_R","Defend_R+1","Defend_R","Bash","Cleave","Rage+1","Cleave","Clash","Headbutt","Clothesline","Iron Wave","Flame Barrier","Double Tap+1","Pommel Strike","Spot Weakness","Battle Trance+1","Inflame+1","Berserk+1","Heavy Blade+1","Dropkick+1","Warcry+1","Thinking Ahead"],"relics":["Black Blood","NeowsBlessing","Bag of Marbles","Mercury Hourglass","Girya","Meat on the Bone","Vajra","Red Skull","War Paint","Philosopher\u0027s Stone","Brimstone","Pear","Nunchaku","Singing Bowl","Self Forming Clay","Dodecahedron","Molten Egg 2"],"potions_floor_usage":[48,50],"damage_taken":[{"damage":0,"enemies":"2 Louse","floor":1,"turns":1},{"damage":0,"enemies":"Cultist","floor":2,"turns":1},{"damage":0,"enemies":"Small Slimes","floor":5,"turns":1},{"damage":59,"enemies":"Gremlin Nob","floor":6,"turns":5},{"damage":3,"enemies":"Exordium Thugs","floor":7,"turns":3},{"damage":2,"enemies":"Exordium Wildlife","floor":10,"turns":3},{"damage":5,"enemies":"3 Sentries","floor":12,"turns":4},{"damage":0,"enemies":"Looter","floor":13,"turns":3},{"damage":5,"enemies":"Exordium Thugs","floor":14,"turns":2},{"damage":37,"enemies":"The Guardian","floor":16,"turns":11},{"damage":12,"enemies":"3 Byrds","floor":18,"turns":3},{"damage":6,"enemies":"Chosen","floor":22,"turns":3},{"damage":6,"enemies":"Gremlin Leader","floor":24,"turns":6},{"damage":1,"enemies":"3 Cultists","floor":27,"turns":3},{"damage":18,"enemies":"Snake Plant","floor":28,"turns":3},{"damage":0,"enemies":"Snecko","floor":29,"turns":2},{"damage":36,"enemies":"Book of Stabbing","floor":31,"turns":3},{"damage":70,"enemies":"Collector","floor":33,"turns":7},{"damage":19,"enemies":"Orb Walker","floor":35,"turns":2},{"damage":0,"enemies":"3 Darklings","floor":36,"turns":3},{"damage":17,"enemies":"Mind Bloom Boss Battle","floor":38,"turns":4},{"damage":23,"enemies":"Spire Growth","floor":39,"turns":4},{"damage":7,"enemies":"Giant Head","floor":40,"turns":5},{"damage":17,"enemies":"Nemesis","floor":42,"turns":3},{"damage":0,"enemies":"Jaw Worm Horde","floor":45,"turns":1},{"damage":24,"enemies":"Maw","floor":48,"turns":3},{"damage":69,"enemies":"Time Eater","floor":50,"turns":5}],"seed_played":"-2900106411599533440","potions_obtained":[{"floor":5,"key":"Dexterity Potion"},{"floor":6,"key":"LiquidBronze"},{"floor":7,"key":"Fire Potion"},{"floor":13,"key":"FairyPotion"},{"floor":35,"key":"AttackPotion"}],"is_trial":false,"path_per_floor":["M","M","?","$","M","E","M","R","T","M","?","E","M","M","R","B",null,"M","?","?","$","M","R","E","R","T","M","M","M","R","E","R","B",null,"M","M","$","?","M","E","R","E","T","?","M","T","?","M","R","B",null],"character_chosen":"IRONCLAD","items_purchased":["Clash","Meat on the Bone","Brimstone","Pear"],"campfire_rested":3,"item_purchase_floors":[4,21,37,37],"current_hp_per_floor":[78,80,80,80,80,27,30,54,54,58,58,59,65,66,66,35,69,67,67,59,59,63,63,67,67,67,76,68,78,78,52,76,28,67,58,68,78,71,58,63,63,70,70,70,82,82,82,70,98,51],"gold":288,"neow_bonus":"THREE_ENEMY_KILL","is_prod":false,"is_daily":false,"chose_seed":false,"campfire_upgraded":2,"win_rate":0,"timestamp":1563063632,"path_taken":["M","M","?","$","?","E","M","R","T","M","?","E","M","M","R","BOSS","M","?","?","$","M","R","E","R","T","?","M","M","R","E","R","BOSS","M","M","$","?","M","E","R","E","T","?","?","?","?","?","R","BOSS"],"build_version":"2019-07-05","purchased_purges":1,"victory":true,"max_hp_per_floor":[80,80,80,80,80,80,80,80,80,80,80,80,80,80,80,80,80,80,80,80,80,80,80,80,80,80,80,80,80,80,80,80,80,80,80,80,90,90,90,92,92,94,94,94,96,96,96,98,98,98],"card_choices":[{"not_picked":["Armaments","Spot Weakness"],"picked":"Cleave","floor":1},{"not_picked":["Body Slam","Second Wind"],"picked":"Rage","floor":2},{"not_picked":["Shockwave","Heavy Blade","Blood for Blood"],"picked":"SKIP","floor":5},{"not_picked":["Seeing Red","True Grit"],"picked":"Headbutt","floor":6},{"not_picked":["Intimidate","Body Slam"],"picked":"Clothesline","floor":7},{"not_picked":["Perfected Strike","Sword Boomerang","Barricade"],"picked":"SKIP","floor":10},{"not_picked":["Havoc","Sword Boomerang","Anger"],"picked":"SKIP","floor":12},{"not_picked":["Warcry","Pommel Strike"],"picked":"Iron Wave","floor":13},{"not_picked":["Corruption","Carnage"],"picked":"Flame Barrier","floor":14},{"not_picked":["Immolate","Exhume"],"picked":"Double Tap","floor":16},{"not_picked":["Body Slam","Whirlwind+1"],"picked":"Pommel Strike","floor":18},{"not_picked":["Shrug It Off","Fire Breathing"],"picked":"Battle Trance+1","floor":22},{"not_picked":["Disarm+1","Rampage"],"picked":"Inflame+1","floor":24},{"not_picked":["Dual Wield","Sword Boomerang","Wild Strike"],"picked":"SKIP","floor":27},{"not_picked":["Sever Soul+1","Armaments+1"],"picked":"Berserk","floor":28},{"not_picked":["Sword Boomerang+1","Warcry"],"picked":"Heavy Blade+1","floor":29},{"not_picked":["Cleave+1","Reckless Charge","Carnage+1"],"picked":"SKIP","floor":31},{"not_picked":["Blood for Blood","Shrug It Off"],"picked":"Dropkick+1","floor":35},{"not_picked":["Intimidate","Disarm"],"picked":"Warcry+1","floor":36},{"not_picked":["Entrench+1","Power Through","Cleave"],"picked":"SKIP","floor":39},{"not_picked":["Uppercut+1","True Grit+1","Shockwave+1"],"picked":"Singing Bowl","floor":40},{"not_picked":["Clash+1","Flex+1","Uppercut"],"picked":"Singing Bowl","floor":42},{"not_picked":["HandOfGreed","Flash of Steel"],"picked":"Thinking Ahead","floor":44},{"not_picked":["Warcry+1","Cleave","Flex"],"picked":"Singing Bowl","floor":45},{"not_picked":["Iron Wave+1","Clothesline+1","Thunderclap+1"],"picked":"Singing Bowl","floor":48}],"player_experience":133045,"relics_obtained":[{"floor":6,"key":"Bag of Marbles"},{"floor":9,"key":"Mercury Hourglass"},{"floor":12,"key":"Girya"},{"floor":24,"key":"Vajra"},{"floor":26,"key":"Red Skull"},{"floor":31,"key":"War Paint"},{"floor":38,"key":"Nunchaku"},{"floor":40,"key":"Singing Bowl"},{"floor":42,"key":"Self Forming Clay"},{"floor":43,"key":"Dodecahedron"},{"floor":46,"key":"Molten Egg 2"}],"event_choices":[{"damage_healed":0,"gold_gain":0,"cards_transformed":["Strike_R"],"player_choice":"Transformed","damage_taken":0,"max_hp_gain":0,"max_hp_loss":0,"event_name":"Transmorgrifier","floor":3,"gold_loss":0,"cards_obtained":["Cleave"]},{"damage_healed":0,"gold_gain":72,"player_choice":"Gained Gold","damage_taken":0,"max_hp_gain":0,"max_hp_loss":0,"event_name":"Golden Wing","floor":11,"gold_loss":0},{"damage_healed":0,"gold_gain":0,"player_choice":"Read","damage_taken":0,"max_hp_gain":0,"max_hp_loss":0,"event_name":"The Library","floor":19,"gold_loss":0,"cards_obtained":["Spot Weakness"]},{"damage_healed":0,"gold_gain":75,"player_choice":"Touch","damage_taken":8,"max_hp_gain":0,"max_hp_loss":0,"event_name":"FaceTrader","floor":20,"gold_loss":0},{"damage_healed":0,"gold_gain":0,"player_choice":"Fight","damage_taken":0,"max_hp_gain":0,"max_hp_loss":0,"event_name":"MindBloom","floor":38,"gold_loss":0},{"damage_healed":0,"gold_gain":0,"player_choice":"Memory 1","damage_taken":0,"max_hp_gain":0,"max_hp_loss":0,"event_name":"SensoryStone","floor":44,"gold_loss":0},{"damage_healed":0,"gold_gain":0,"player_choice":"Bought 0 Potions","damage_taken":0,"max_hp_gain":0,"max_hp_loss":0,"event_name":"The Woman in Blue","floor":47,"gold_loss":0}],"is_beta":false,"boss_relics":[{"not_picked":["Snecko Eye","Lizard Tail"],"picked":"Black Blood"},{"not_picked":["Empty Cage","White Beast Statue"],"picked":"Philosopher\u0027s Stone"}],"items_purged_floors":[21],"is_endless":false,"potions_floor_spawned":[5,6,7,13,18,29,33,35,38,40,42],"ascension_level":6}