{"gold_per_floor":[118,129,145,163,174,174,8,42,94,269,269,269,24,39,39,134,134,146,146,158,29,45,45,61,71,71,86,1,24,34,45,45,150,150,167,185,14,30,30,30,48,48,100,0,19,19],"floor_reached":46,"playtime":9056,"items_purged":["Strike_R"],"score":478,"play_id":"801e33e7-e86c-4d12-acd3-eb50e486cfd5","local_time":"20190629170734","is_ascension_mode":false,"campfire_choices":[{"data":"Armaments","floor":6.0,"key":"SMITH"},{"floor":12.0,"key":"REST"},{"data":"Apotheosis","floor":15.0,"key":"SMITH"},{"data":"Burning Pact","floor":23,"key":"SMITH"},{"floor":32,"key":"REST"},{"floor":40,"key":"REST"},{"floor":42,"key":"REST"}],"neow_cost":"NONE","seed_source_timestamp":0,"circlet_count":0,"master_deck":["Strike_R","Strike_R","Strike_R","Strike_R","Defend_R","Defend_R","Defend_R","Defend_R","Bash","Impatience","Disarm","Seeing Red","Burning Pact","Rage","Armaments+1","Burning Pact","Jack Of All Trades","Burning Pact+1","Doubt","Apotheosis+1","Headbutt","Shrug It Off","Shrug It Off","Reaper","Pommel Strike+1","Inflame","Searing Blow+1","Headbutt","Inflame","Pummel","Clothesline","Clumsy","Thunderclap","Injury","Feel No Pain","Fiend Fire","Demon Form","Heavy Blade+1","True Grit+1","Chrysalis","Flex","Thunderclap+1","Parasite","Spot Weakness+1"],"special_seed":0,"relics":["Burning Blood","Boot","Strawberry","Cursed Key","Darkstone Periapt","Shuriken","Vajra","Busted Crown","Happy Flower","Red Mask"],"potions_floor_usage":[33,33,33,46],"damage_taken":[{"damage":0.0,"enemies":"Small Slimes","floor":1.0,"turns":3.0},{"damage":6.0,"enemies":"Jaw Worm","floor":2.0,"turns":5.0},{"damage":4.0,"enemies":"2 Louse","floor":3.0,"turns":4.0},{"damage":11.0,"enemies":"Exordium Wildlife","floor":4.0,"turns":5.0},{"damage":5.0,"enemies":"Large Slime","floor":5.0,"turns":8.0},{"damage":51.0,"enemies":"3 Sentries","floor":8.0,"turns":10.0},{"damage":4.0,"enemies":"2 Fungi Beasts","floor":14.0,"turns":4.0},{"damage":72.0,"enemies":"Slime Boss","floor":16.0,"turns":22.0},{"damage":20.0,"enemies":"Spheric Guardian","floor":18.0,"turns":8.0},{"damage":12.0,"enemies":"2 Thieves","floor":20.0,"turns":5.0},{"damage":0,"enemies":"Cultist and Chosen","floor":22,"turns":4},{"damage":19,"enemies":"Snake Plant","floor":24,"turns":5},{"damage":26,"enemies":"Centurion and Healer","floor":25,"turns":4},{"damage":4,"enemies":"Cultist and Chosen","floor":27,"turns":4},{"damage":22,"enemies":"Snake Plant","floor":30,"turns":5},{"damage":0,"enemies":"Snecko","floor":31,"turns":5},{"damage":76,"enemies":"Champ","floor":33,"turns":12},{"damage":34,"enemies":"3 Shapes","floor":35,"turns":3},{"damage":22,"enemies":"3 Darklings","floor":36,"turns":5},{"damage":35,"enemies":"4 Shapes","floor":38,"turns":5},{"damage":55,"enemies":"Spire Growth","floor":41,"turns":5},{"damage":10,"enemies":"Sphere and 2 Shapes","floor":45,"turns":3},{"damage":71,"enemies":"Transient","floor":46,"turns":5}],"seed_played":"-6965268704569108025","potions_obtained":[{"floor":1.0,"key":"BloodPotion"},{"floor":2.0,"key":"SkillPotion"},{"floor":3.0,"key":"BloodPotion"},{"floor":4.0,"key":"AttackPotion"},{"floor":16.0,"key":"Fire Potion"},{"floor":25,"key":"FearPotion"},{"floor":27,"key":"BloodPotion"},{"floor":30,"key":"GamblersBrew"},{"floor":31,"key":"BloodPotion"},{"floor":45,"key":"SteroidPotion"}],"is_trial":false,"path_per_floor":["M","M","M","M","M","R","$","E","T","?","?","R","$","M","R","B",null,"M","?","M","$","M","R","M","M","T","M","?","T","M","M","R","B",null,"M","M","$","M","?","R","M","R","T","?","M","M"],"character_chosen":"IRONCLAD","items_purchased":["Burning Pact","Jack Of All Trades","Apotheosis","Headbutt","Shrug It Off","Headbutt","Chrysalis"],"campfire_rested":4,"item_purchase_floors":[7,7,13,13,13,21,37],"current_hp_per_floor":[80,80,80,80,80,80,80,43,50,50,50,76,76,78,78,12,87,73,73,73,73,79,79,66,68,68,78,78,84,73,79,93,54,93,65,72,72,61,61,88,39,66,72,72,68,0],"gold":19,"neow_bonus":"RANDOM_COLORLESS","is_prod":false,"is_daily":false,"chose_seed":false,"campfire_upgraded":3,"win_rate":0.0,"timestamp":1561817254,"path_taken":["M","M","M","M","M","R","$","E","T","?","?","R","$","M","R","BOSS","M","?","M","$","M","R","M","M","T","M","?","?","M","M","R","BOSS","M","M","$","M","?","R","M","R","T","?","M","M"],"build_version":"2019-01-23","purchased_purges":1,"victory":false,"max_hp_per_floor":[80,80,80,80,80,80,80,80,87,87,87,87,87,87,87,87,87,87,87,87,87,87,87,87,87,87,87,87,93,93,93,93,93,93,93,93,93,93,93,93,93,93,99,99,99,99],"card_choices":[{"not_picked":["Flex","Clash"],"picked":"Disarm","floor":1.0},{"not_picked":["Bloodletting","Flex"],"picked":"Seeing Red","floor":2.0},{"not_picked":["Pommel Strike","Twin Strike"],"picked":"Burning Pact","floor":3.0},{"not_picked":["Clothesline","Armaments"],"picked":"Rage","floor":4.0},{"not_picked":["Body Slam","Second Wind"],"picked":"Armaments","floor":5.0},{"not_picked":["Pummel","Flex"],"picked":"Burning Pact","floor":8.0},{"not_picked":["Anger","Warcry"],"picked":"Shrug It Off","floor":14.0},{"not_picked":["Brutality","Double Tap"],"picked":"Reaper","floor":16.0},{"not_picked":["Iron Wave","Sword Boomerang+1"],"picked":"Pommel Strike+1","floor":18.0},{"not_picked":["Dual Wield","Fire Breathing+1"],"picked":"Searing Blow+1","floor":20.0},{"not_picked":["Rage","Clash"],"picked":"Inflame","floor":22},{"not_picked":["Feel No Pain","Rupture"],"picked":"Pummel","floor":24},{"not_picked":["Body Slam","Anger"],"picked":"Clothesline","floor":25},{"not_picked":["Anger+1","Body Slam+1"],"picked":"Thunderclap","floor":27},{"not_picked":["Flex","True Grit+1"],"picked":"Feel No Pain","floor":30},{"not_picked":["Headbutt","Anger"],"picked":"Fiend Fire","floor":31},{"not_picked":["Berserk","Juggernaut"],"picked":"Demon Form","floor":33},{"not_picked":[],"picked":"Heavy Blade+1","floor":35},{"not_picked":[],"picked":"True Grit+1","floor":36},{"not_picked":[],"picked":"Flex","floor":38},{"not_picked":[],"picked":"Thunderclap+1","floor":41},{"not_picked":[],"picked":"Spot Weakness+1","floor":45}],"player_experience":14389,"relics_obtained":[{"floor":8.0,"key":"Boot"},{"floor":9.0,"key":"Strawberry"},{"floor":26,"key":"Darkstone Periapt"},{"floor":29,"key":"Vajra"},{"floor":43,"key":"Happy Flower"}],"event_choices":[{"damage_healed":0.0,"max_hp_gain":0.0,"max_hp_loss":0.0,"gold_gain":175.0,"event_name":"Liars Game","player_choice":"AGREE","floor":10.0,"gold_loss":0.0,"damage_taken":0.0,"cards_obtained":["Doubt"]},{"damage_healed":0.0,"max_hp_gain":0.0,"max_hp_loss":0.0,"gold_gain":0.0,"event_name":"Scrap Ooze","player_choice":"Fled","floor":11.0,"gold_loss":0.0,"damage_taken":0.0},{"damage_healed":0.0,"max_hp_gain":0.0,"max_hp_loss":0.0,"gold_gain":0.0,"event_name":"The Library","player_choice":"Read","floor":19.0,"gold_loss":0.0,"damage_taken":0.0,"cards_obtained":["Inflame"]},{"damage_healed":0,"gold_gain":0,"player_choice":"Obtained Relic","damage_taken":0,"relics_obtained":["Shuriken"],"max_hp_gain":0,"max_hp_loss":0,"event_name":"Addict","floor":28,"gold_loss":85},{"damage_healed":0,"gold_gain":0,"player_choice":"Ignored","damage_taken":0,"max_hp_gain":0,"max_hp_loss":0,"event_name":"Mysterious Sphere","floor":39,"gold_loss":0},{"damage_healed":0,"gold_gain":0,"player_choice":"Paid","damage_taken":0,"relics_obtained":["Red Mask"],"max_hp_gain":0,"max_hp_loss":0,"event_name":"Tomb of Lord Red Mask","floor":44,"gold_loss":100}],"is_beta":false,"boss_relics":[{"not_picked":["Lizard Tail","Snecko Eye"],"picked":"Cursed Key"},{"not_picked":["White Beast Statue","Black Star"],"picked":"Busted Crown"}],"items_purged_floors":[21],"is_endless":false,"potions_floor_spawned":[1,2,3,4,16,25,27,30,31,45],"killed_by":"Transient","ascension_level":0}