{"gold_per_floor":[116,128,128,49,60,95,95,115,141,141,152,172,172,189,189,189],"floor_reached":16,"playtime":788,"items_purged":[],"score":120,"play_id":"b1dfcc19-43b8-4473-9808-388771369487","local_time":"20190430144937","is_ascension_mode":true,"campfire_choices":[{"data":"Machine Learning","floor":7.0,"key":"SMITH"},{"floor":15,"key":"REST"}],"neow_cost":"TEN_PERCENT_HP_LOSS","seed_source_timestamp":0,"circlet_count":0,"master_deck":["Strike_B","Strike_B","Strike_B","Strike_B+1","Defend_B","Defend_B","Defend_B","Defend_B","Zap+1","Dualcast","Core Surge+1","Self Repair+1","Auto Shields+1","White Noise","Auto Shields","Machine Learning+1","Steam Power","Hologram","Hologram","Fusion"],"special_seed":0,"relics":["Cracked Core","Smiling Mask","War Paint","CultistMask"],"potions_floor_usage":[16],"damage_taken":[{"damage":5.0,"enemies":"Small Slimes","floor":1.0,"turns":3.0},{"damage":6.0,"enemies":"Cultist","floor":2.0,"turns":4.0},{"damage":4.0,"enemies":"2 Louse","floor":5.0,"turns":4.0},{"damage":24.0,"enemies":"3 Sentries","floor":6.0,"turns":9.0},{"damage":22.0,"enemies":"Exordium Thugs","floor":8.0,"turns":8.0},{"damage":7.0,"enemies":"Exordium Wildlife","floor":11.0,"turns":5.0},{"damage":3,"enemies":"Blue Slaver","floor":12,"turns":4},{"damage":13,"enemies":"Large Slime","floor":14,"turns":5},{"damage":47,"enemies":"Hexaghost","floor":16,"turns":10}],"seed_played":"7379435982213010142","potions_obtained":[{"floor":1.0,"key":"Dexterity Potion"},{"floor":2.0,"key":"SpeedPotion"},{"floor":6.0,"key":"SpeedPotion"},{"floor":14,"key":"SneckoOil"}],"is_trial":false,"path_per_floor":["M","M","?","$","M","E","R","M","T","?","M","M","?","M","R","B"],"character_chosen":"DEFECT","items_purchased":["White Noise"],"campfire_rested":1,"item_purchase_floors":[4],"current_hp_per_floor":[63,64,64,64,68,54,54,42,42,28,31,28,28,25,45,0],"gold":189,"neow_bonus":"THREE_RARE_CARDS","is_prod":false,"is_daily":false,"chose_seed":false,"campfire_upgraded":1,"win_rate":0,"timestamp":1556599777,"path_taken":["M","M","?","?","M","E","R","M","T","?","M","M","?","?","R","BOSS"],"build_version":"2019-01-23","purchased_purges":0,"victory":false,"max_hp_per_floor":[68,68,68,68,68,68,68,68,68,68,68,68,68,68,68,68],"card_choices":[{"not_picked":["Machine Learning","Multi-Cast"],"picked":"Core Surge","floor":0.0},{"not_picked":["Gash","White Noise"],"picked":"Self Repair","floor":1.0},{"not_picked":["Ball Lightning","Turbo"],"picked":"Auto Shields","floor":2.0},{"not_picked":["Ball Lightning","Steam"],"picked":"Auto Shields","floor":5.0},{"not_picked":["Rainbow","White Noise"],"picked":"Machine Learning","floor":6.0},{"not_picked":["Fusion","Beam Cell"],"picked":"Steam Power","floor":8.0},{"not_picked":["Force Field","Coolheaded"],"picked":"Hologram","floor":11.0},{"not_picked":["Chaos","Barrage"],"picked":"Hologram","floor":12},{"not_picked":["Gash","Genetic Algorithm"],"picked":"Fusion","floor":14}],"player_experience":527324,"relics_obtained":[{"floor":6.0,"key":"Smiling Mask"},{"floor":9.0,"key":"War Paint"}],"event_choices":[{"damage_healed":0.0,"max_hp_gain":0.0,"max_hp_loss":0.0,"gold_gain":0.0,"event_name":"Upgrade Shrine","player_choice":"Upgraded","floor":3.0,"gold_loss":0.0,"damage_taken":0.0,"cards_upgraded":["Self Repair"]},{"damage_healed":0.0,"max_hp_gain":0.0,"max_hp_loss":0.0,"gold_gain":0.0,"event_name":"Shining Light","player_choice":"Entered Light","floor":10.0,"gold_loss":0.0,"damage_taken":14.0,"cards_upgraded":["Strike_B","Core Surge"]},{"damage_healed":0,"gold_gain":0,"player_choice":"Trade","damage_taken":0,"relics_obtained":["CultistMask"],"max_hp_gain":0,"max_hp_loss":0,"event_name":"FaceTrader","floor":13,"gold_loss":0}],"is_beta":false,"boss_relics":[],"items_purged_floors":[],"is_endless":false,"potions_floor_spawned":[1,2,6,14],"killed_by":"Hexaghost","ascension_level":3}