{"gold_per_floor":[111,128,140,65,75,104,104,104,153,153,153,163,192,211,211,311,341,360,371,271,271,281,281,311,311,311,311,336,10,0,0,0,0],"floor_reached":33,"playtime":1076,"items_purged":["Strike_R","Strike_R","Strike_R"],"score":358,"play_id":"cd3f3a9e-960c-47b5-a468-257acf9d09db","local_time":"20190112202613","is_ascension_mode":true,"campfire_choices":[{"floor":11,"key":"REST"},{"data":"Uppercut","floor":15,"key":"SMITH"},{"data":"Feed","floor":23,"key":"SMITH"},{"data":"Rage","floor":25,"key":"SMITH"},{"data":"Clothesline","floor":27,"key":"SMITH"},{"floor":32,"key":"REST"}],"neow_cost":"NONE","seed_source_timestamp":281445562312352,"circlet_count":0,"master_deck":["Strike_R","Strike_R","Defend_R","Defend_R","Defend_R","Defend_R","Bash","Clothesline+1","Twin Strike+1","Twin Strike+1","Rage+1","Uppercut+1","Feed+1","Parasite","Flex+1","Sword Boomerang+1","Iron Wave+1"],"relics":["Burning Blood","Singing Bowl","PreservedInsect","Omamori","Question Card","Calling Bell","Tiny Chest","Molten Egg 2","Du-Vu Doll","Regal Pillow","Sundial","Kunai","Membership Card"],"potions_floor_usage":[16,22,24,33],"damage_taken":[{"damage":1,"enemies":"Cultist","floor":1,"turns":4},{"damage":14,"enemies":"2 Louse","floor":2,"turns":3},{"damage":3,"enemies":"Jaw Worm","floor":3,"turns":3},{"damage":14,"enemies":"2 Fungi Beasts","floor":5,"turns":3},{"damage":21,"enemies":"Gremlin Nob","floor":6,"turns":4},{"damage":17,"enemies":"Exordium Wildlife","floor":12,"turns":3},{"damage":13,"enemies":"3 Sentries","floor":13,"turns":6},{"damage":0,"enemies":"3 Louse","floor":14,"turns":3},{"damage":40,"enemies":"Hexaghost","floor":16,"turns":11},{"damage":17,"enemies":"Chosen","floor":18,"turns":5},{"damage":21,"enemies":"2 Thieves","floor":19,"turns":4},{"damage":22,"enemies":"Cultist and Chosen","floor":22,"turns":6},{"damage":20,"enemies":"Gremlin Leader","floor":24,"turns":4},{"damage":43,"enemies":"Slavers","floor":28,"turns":4},{"damage":118,"enemies":"Automaton","floor":33,"turns":12}],"seed_played":"-4569760875767533000","potions_obtained":[{"floor":2,"key":"LiquidBronze"},{"floor":6,"key":"LiquidBronze"},{"floor":12,"key":"Explosive Potion"},{"floor":13,"key":"Swift Potion"},{"floor":16,"key":"AttackPotion"},{"floor":28,"key":"PowerPotion"}],"is_trial":false,"path_per_floor":["M","M","M","$","M","E","?","?","T","?","R","M","E","M","R","B",null,"M","M","$","?","M","R","E","R","T","R","E","$","?","$","R","B"],"character_chosen":"IRONCLAD","items_purchased":["Membership Card"],"campfire_rested":2,"item_purchase_floors":[29],"current_hp_per_floor":[88,80,83,83,75,62,62,44,44,37,64,55,48,54,54,20,92,84,69,69,95,82,82,74,74,74,74,43,43,43,43,91,0],"gold":0,"neow_bonus":"TEN_PERCENT_HP_BONUS","is_prod":false,"is_daily":false,"chose_seed":false,"campfire_upgraded":4,"win_rate":0,"timestamp":1547342773,"path_taken":["M","M","?","$","M","E","?","?","T","?","R","?","E","M","R","BOSS","M","M","$","?","M","R","E","R","T","R","E","$","?","?","R","BOSS"],"build_version":"2019-01-10","purchased_purges":3,"victory":false,"max_hp_per_floor":[88,88,88,88,88,90,90,90,90,90,90,92,92,92,92,92,92,95,95,95,95,98,98,104,104,104,104,110,110,110,110,110,110],"card_choices":[{"not_picked":["Flex","Wild Strike"],"picked":"Clothesline","floor":1},{"not_picked":["True Grit","Pommel Strike"],"picked":"Twin Strike","floor":2},{"not_picked":["Ghostly Armor","Havoc"],"picked":"Twin Strike","floor":3},{"not_picked":["Iron Wave","Burning Pact","Sword Boomerang"],"picked":"SKIP","floor":5},{"not_picked":["Perfected Strike","Clothesline","Shrug It Off"],"picked":"Singing Bowl","floor":6},{"not_picked":["Warcry","Battle Trance","Wild Strike"],"picked":"Singing Bowl","floor":12},{"not_picked":["Whirlwind","Reaper"],"picked":"Rage","floor":13},{"not_picked":["Headbutt","Clash","Inflame"],"picked":"Uppercut","floor":14},{"not_picked":["Brutality","Berserk","Immolate"],"picked":"Feed","floor":16},{"not_picked":["Headbutt+1","Anger+1","Pummel+1"],"picked":"Flex+1","floor":18},{"not_picked":["Feed+1","Metallicize","Sentinel"],"picked":"Sword Boomerang+1","floor":19},{"not_picked":["Headbutt+1","True Grit","Pommel Strike+1"],"picked":"Iron Wave+1","floor":22},{"not_picked":["Anger+1","Clash+1","Dark Embrace","Battle Trance+1"],"picked":"Singing Bowl","floor":24},{"not_picked":["Clothesline+1","Heavy Blade+1","Iron Wave+1","Shrug It Off"],"picked":"Singing Bowl","floor":28}],"player_experience":65091,"relics_obtained":[{"floor":6,"key":"Singing Bowl"},{"floor":9,"key":"Omamori"},{"floor":13,"key":"Question Card"},{"floor":17,"key":"Tiny Chest"},{"floor":17,"key":"Molten Egg 2"},{"floor":17,"key":"Du-Vu Doll"},{"floor":24,"key":"Regal Pillow"},{"floor":26,"key":"Sundial"},{"floor":28,"key":"Kunai"}],"event_choices":[{"damage_healed":0,"gold_gain":0,"player_choice":"Box","damage_taken":0,"relics_obtained":["PreservedInsect"],"max_hp_gain":0,"max_hp_loss":0,"event_name":"Big Fish","floor":7,"gold_loss":0,"cards_obtained":["Regret"]},{"damage_healed":0,"gold_gain":0,"player_choice":"Entered Light","damage_taken":18,"max_hp_gain":0,"max_hp_loss":0,"event_name":"Shining Light","floor":8,"gold_loss":0,"cards_upgraded":["Twin Strike","Twin Strike"]},{"cards_removed":["Regret"],"damage_healed":0,"gold_gain":0,"player_choice":"Card Removal","damage_taken":7,"max_hp_gain":0,"max_hp_loss":0,"event_name":"Golden Wing","floor":10,"gold_loss":0},{"damage_healed":31,"gold_gain":0,"player_choice":"Heal","damage_taken":0,"max_hp_gain":0,"max_hp_loss":0,"event_name":"The Library","floor":21,"gold_loss":0},{"damage_healed":0,"gold_gain":0,"player_choice":"Paid Fearfully","damage_taken":0,"max_hp_gain":0,"max_hp_loss":0,"event_name":"Masked Bandits","floor":30,"gold_loss":10}],"is_beta":false,"boss_relics":[{"not_picked":["Mark of Pain","Ectoplasm"],"picked":"Calling Bell"}],"items_purged_floors":[4,20,29],"is_endless":false,"potions_floor_spawned":[2,6,12,13,16,18,19,28],"killed_by":"Automaton","ascension_level":1}