{"gold_per_floor":[119,129,9,9,9,34,34,34,111,135,310,310,326,356,356,456,456,396,414,414,314,326,358,358,375,375,375,375,392,110,122,122,226,226,242,242,92,111,111,136,152,179,202,202,221,231,231,231,231,231,231,231,56,88,88],"floor_reached":56,"playtime":8088,"items_purged":["Defend_B","Defend_B","Doubt","Writhe","Defend_B"],"score":1306,"play_id":"1fd7f028-fb43-4413-b942-2616c44ce842","local_time":"20190111195037","is_ascension_mode":true,"campfire_choices":[{"data":"Glacier","floor":7.0,"key":"SMITH"},{"data":"Cold Snap","floor":12.0,"key":"SMITH"},{"data":"Dualcast","floor":15.0,"key":"SMITH"},{"floor":24.0,"key":"REST"},{"floor":32,"key":"REST"},{"floor":44,"key":"RECALL"},{"floor":49,"key":"REST"},{"data":"Echo Form","floor":52,"key":"SMITH"}],"neow_cost":"NONE","seed_source_timestamp":185555990388750,"circlet_count":0,"master_deck":["Strike_B","Strike_B+1","Strike_B","Zap","Dualcast+1","Cold Snap+1","Glacier+1","Cold Snap+1","Rebound","Consume+1","Defragment","Conserve Battery+1","Go for the Eyes","Leap+1","Glacier+1","Double Energy+1","Echo Form+1","Finesse+1","Defragment+1"],"special_seed":0,"relics":["Cracked Core","NeowsBlessing","Potion Belt","Toxic Egg 2","Odd Mushroom","Calipers","Inserter","Prayer Wheel","Bottled Tornado","Art of War","Blood Vial","Philosopher\u0027s Stone","Omamori","Pen Nib","Mercury Hourglass"],"potions_floor_usage":[29,42,42,45,45,55,55,55],"damage_taken":[{"damage":0.0,"enemies":"Cultist","floor":1.0,"turns":1.0},{"damage":0.0,"enemies":"Jaw Worm","floor":2.0,"turns":1.0},{"damage":0.0,"enemies":"Lagavulin","floor":6.0,"turns":1.0},{"damage":19.0,"enemies":"The Mushroom Lair","floor":10.0,"turns":5.0},{"damage":0.0,"enemies":"2 Louse","floor":13.0,"turns":2.0},{"damage":0.0,"enemies":"3 Sentries","floor":14.0,"turns":9.0},{"damage":29.0,"enemies":"Hexaghost","floor":16.0,"turns":13.0},{"damage":25.0,"enemies":"2 Thieves","floor":18.0,"turns":4.0},{"damage":0.0,"enemies":"Chosen","floor":19.0,"turns":6.0},{"damage":18.0,"enemies":"Snake Plant","floor":22.0,"turns":8.0},{"damage":26.0,"enemies":"Slavers","floor":23.0,"turns":26.0},{"damage":6,"enemies":"Shelled Parasite and Fungi","floor":25,"turns":12},{"damage":1,"enemies":"Centurion and Healer","floor":29,"turns":8},{"damage":0,"enemies":"Sentry and Sphere","floor":31,"turns":12},{"damage":0,"enemies":"Champ","floor":33,"turns":26},{"damage":3,"enemies":"Orb Walker","floor":35,"turns":6},{"damage":19,"enemies":"3 Darklings","floor":38,"turns":14},{"damage":12,"enemies":"Giant Head","floor":40,"turns":15},{"damage":13,"enemies":"Spire Growth","floor":41,"turns":7},{"damage":12,"enemies":"Reptomancer","floor":42,"turns":11},{"damage":10,"enemies":"Transient","floor":45,"turns":5},{"damage":6,"enemies":"Writhing Mass","floor":46,"turns":11},{"damage":32,"enemies":"Donu and Deca","floor":50,"turns":19},{"damage":20,"enemies":"Shield and Spear","floor":54,"turns":23},{"damage":47,"enemies":"The Heart","floor":55,"turns":21}],"seed_played":"4723110637425787031","potions_obtained":[{"floor":2.0,"key":"SpeedPotion"},{"floor":10.0,"key":"GamblersBrew"},{"floor":19.0,"key":"Explosive Potion"},{"floor":22.0,"key":"AttackPotion"},{"floor":25,"key":"PowerPotion"},{"floor":40,"key":"Weak Potion"},{"floor":42,"key":"SteroidPotion"},{"floor":45,"key":"EssenceOfSteel"}],"is_trial":false,"path_per_floor":["M","M","$","?","?","E","R","$","T","?","?","R","M","E","R","B",null,"M","M","?","$","M","E","R","M","T","?","T","M","$","M","R","B",null,"M","?","$","M","?","E","M","E","T","R","M","M","$","?","R","B",null,"R","$","E","B",null],"character_chosen":"DEFECT","items_purchased":["Cold Snap","Blood Vial"],"campfire_rested":3,"item_purchase_floors":[3,30],"current_hp_per_floor":[75,75,75,75,60,60,60,60,60,41,41,41,41,41,41,12,75,50,50,50,50,32,6,28,22,22,8,8,7,7,9,33,35,80,77,80,80,61,61,51,40,30,30,30,22,18,18,18,42,12,80,80,80,60,15],"gold":88,"neow_bonus":"THREE_ENEMY_KILL","is_prod":false,"is_daily":false,"chose_seed":false,"campfire_upgraded":4,"win_rate":0,"timestamp":1547254237,"path_taken":["M","?","$","?","?","E","R","$","T","?","?","R","M","E","R","BOSS","M","M","?","$","M","E","R","M","T","?","?","M","$","M","R","BOSS","M","?","$","M","?","E","M","E","T","R","M","M","?","?","R","BOSS","R","$","E","BOSS"],"build_version":"2019-01-10","purchased_purges":5,"victory":true,"max_hp_per_floor":[75,75,75,75,75,75,75,75,75,75,75,75,75,75,75,75,75,75,75,75,75,75,75,75,75,75,80,80,80,80,80,80,80,80,80,80,80,80,80,80,80,80,80,80,80,80,80,80,80,80,80,80,80,80,80],"card_choices":[{"not_picked":["Leap","Fusion"],"picked":"Cold Snap","floor":1.0},{"not_picked":["Redo","Ball Lightning"],"picked":"Glacier","floor":2.0},{"not_picked":["Coolheaded","Leap"],"picked":"Rebound","floor":6.0},{"not_picked":["Reinforced Body+1","Sweeping Beam"],"picked":"Consume+1","floor":10.0},{"not_picked":["Beam Cell","Steam+1","Rip and Tear"],"picked":"SKIP","floor":13.0},{"not_picked":["Sweeping Beam","Gash","Rainbow+1"],"picked":"SKIP","floor":14.0},{"not_picked":["Reinforced Body+1","Coolheaded+1"],"picked":"Defragment","floor":18.0},{"not_picked":["Sweeping Beam","Streamline","Turbo+1"],"picked":"SKIP","floor":19.0},{"not_picked":["Tempest+1","Steam Power+1"],"picked":"Go for the Eyes","floor":22.0},{"not_picked":["Coolheaded+1","Steam+1"],"picked":"Leap+1","floor":23.0},{"not_picked":["Barrage","Hello World"],"picked":"Glacier+1","floor":25},{"not_picked":["Recycle+1","Darkness+1","Cold Snap"],"picked":"SKIP","floor":25},{"not_picked":["Streamline","Buffer"],"picked":"Double Energy+1","floor":29},{"not_picked":["Hologram+1","Fusion+1","Stack+1"],"picked":"SKIP","floor":29},{"not_picked":["Go for the Eyes+1","Aggregate+1","Sweeping Beam"],"picked":"SKIP","floor":31},{"not_picked":["Sweeping Beam","Ball Lightning","Hello World"],"picked":"SKIP","floor":31},{"not_picked":["Amplify+1","Multi-Cast+1"],"picked":"Echo Form","floor":33},{"not_picked":["Redo+1","Sweeping Beam+1","Streamline"],"picked":"SKIP","floor":35},{"not_picked":["Barrage","Go for the Eyes","Streamline"],"picked":"SKIP","floor":35},{"not_picked":["Redo+1","Streamline+1","Compile Driver+1"],"picked":"SKIP","floor":38},{"not_picked":["Streamline+1","Reinforced Body+1","Hello World+1"],"picked":"SKIP","floor":38},{"not_picked":["Rebound","Beam Cell","Stack+1"],"picked":"SKIP","floor":40},{"not_picked":["Compile Driver+1","Storm+1","White Noise+1"],"picked":"SKIP","floor":41},{"not_picked":["Gash","Turbo+1","Rainbow+1"],"picked":"SKIP","floor":41},{"not_picked":["White Noise+1","Redo+1","Sweeping Beam+1"],"picked":"SKIP","floor":42},{"not_picked":["Redo+1","Fusion+1","Leap+1"],"picked":"SKIP","floor":45},{"not_picked":["Compile Driver+1","Turbo+1","Ball Lightning+1"],"picked":"SKIP","floor":45},{"not_picked":["FTL","Defragment+1","Melter"],"picked":"SKIP","floor":46},{"not_picked":["White Noise+1","Force Field+1","Turbo+1"],"picked":"SKIP","floor":46},{"not_picked":["Deep Breath+1","Trip+1"],"picked":"Finesse+1","floor":48},{"not_picked":["Cold Snap+1","Scrape+1"],"picked":"Defragment+1","floor":54}],"player_experience":55532,"relics_obtained":[{"floor":6.0,"key":"Potion Belt"},{"floor":9.0,"key":"Toxic Egg 2"},{"floor":10.0,"key":"Odd Mushroom"},{"floor":14.0,"key":"Calipers"},{"floor":23.0,"key":"Prayer Wheel"},{"floor":26,"key":"Bottled Tornado"},{"floor":28,"key":"Art of War"},{"floor":40,"key":"Omamori"},{"floor":42,"key":"Pen Nib"},{"floor":54,"key":"Mercury Hourglass"}],"event_choices":[{"cards_removed":["Strike_B"],"damage_healed":0.0,"max_hp_gain":0.0,"max_hp_loss":0.0,"gold_gain":0.0,"event_name":"Living Wall","player_choice":"Forget","floor":4.0,"gold_loss":0.0,"damage_taken":0.0},{"damage_healed":0.0,"max_hp_gain":0.0,"max_hp_loss":0.0,"gold_gain":0.0,"event_name":"Shining Light","player_choice":"Entered Light","floor":5.0,"gold_loss":0.0,"damage_taken":15.0,"cards_upgraded":["Cold Snap","Strike_B"]},{"damage_healed":0.0,"max_hp_gain":0.0,"max_hp_loss":0.0,"gold_gain":0.0,"event_name":"Mushrooms","player_choice":"Fought Mushrooms","floor":10.0,"gold_loss":0.0,"damage_taken":0.0},{"damage_healed":0.0,"max_hp_gain":0.0,"max_hp_loss":0.0,"gold_gain":175.0,"event_name":"Liars Game","player_choice":"AGREE","floor":11.0,"gold_loss":0.0,"damage_taken":0.0,"cards_obtained":["Doubt"]},{"damage_healed":0.0,"max_hp_gain":0.0,"max_hp_loss":0.0,"gold_gain":0.0,"event_name":"The Library","player_choice":"Read","floor":20.0,"gold_loss":0.0,"damage_taken":0.0,"cards_obtained":["Conserve Battery"]},{"damage_healed":0,"gold_gain":0,"player_choice":"Shed Blood","damage_taken":19,"max_hp_gain":5,"max_hp_loss":0,"event_name":"Forgotten Altar","floor":27,"gold_loss":0},{"damage_healed":20,"gold_gain":0,"player_choice":"Writhe","damage_taken":0,"max_hp_gain":0,"max_hp_loss":0,"event_name":"Winding Halls","floor":36,"gold_loss":0,"cards_obtained":["Writhe"]},{"cards_removed":["Defend_B"],"damage_healed":0,"gold_gain":0,"player_choice":"Removed Skill","damage_taken":0,"max_hp_gain":0,"max_hp_loss":0,"event_name":"Falling","floor":39,"gold_loss":0},{"damage_healed":0,"gold_gain":0,"player_choice":"Memory 1","damage_taken":0,"max_hp_gain":0,"max_hp_loss":0,"event_name":"SensoryStone","floor":48,"gold_loss":0}],"is_beta":false,"boss_relics":[{"not_picked":["Fusion Hammer","Empty Cage"],"picked":"Inserter"},{"not_picked":["Snecko Eye","Calling Bell"],"picked":"Philosopher\u0027s Stone"}],"items_purged_floors":[3,21,30,37,53],"is_endless":false,"potions_floor_spawned":[2,10,13,19,22,25,40,42,45],"ascension_level":1}