{"gold_per_floor":[109,126,136,9,20,47,47,222,246,246,263,274,305,305],"floor_reached":14,"playtime":749,"items_purged":[],"score":102,"play_id":"cab7e57a-5d52-4545-b83e-b332d4b97d93","local_time":"20190328014018","is_ascension_mode":false,"campfire_choices":[{"floor":10,"key":"REST"}],"neow_cost":"NONE","seed_source_timestamp":54248966529170,"circlet_count":0,"master_deck":["Defend_G","Defend_G","Defend_G","Defend_G","Strike_G+1","Strike_G+1","Strike_G","Strike_G","Survivor","Neutralize","Cloak And Dagger","Cloak And Dagger","Prepared","Infinite Blades","Trip","Infinite Blades","Bouncing Flask","Regret","Doubt","Cloak And Dagger","Storm of Steel","Blade Dance"],"relics":["Empty Cage","Happy Flower","Pen Nib","Whetstone"],"potions_floor_usage":[5,6,13,14],"damage_taken":[{"damage":0,"enemies":"Small Slimes","floor":1,"turns":4},{"damage":0,"enemies":"2 Louse","floor":2,"turns":3},{"damage":0,"enemies":"Jaw Worm","floor":3,"turns":5},{"damage":18,"enemies":"Gremlin Gang","floor":5,"turns":7},{"damage":31,"enemies":"Lagavulin","floor":6,"turns":10},{"damage":7,"enemies":"Large Slime","floor":11,"turns":4},{"damage":5,"enemies":"Blue Slaver","floor":12,"turns":3},{"damage":16,"enemies":"3 Sentries","floor":13,"turns":8},{"damage":15,"enemies":"Lots of Slimes","floor":14,"turns":2}],"seed_played":"1459006240261937298","potions_obtained":[{"floor":1,"key":"SteroidPotion"},{"floor":5,"key":"GhostInAJar"},{"floor":12,"key":"Energy Potion"},{"floor":13,"key":"Poison Potion"}],"is_trial":false,"path_per_floor":["M","M","M","$","M","E","?","?","T","R","M","M","E","M"],"character_chosen":"THE_SILENT","items_purchased":["Infinite Blades","Trip"],"campfire_rested":1,"item_purchase_floors":[4,4],"current_hp_per_floor":[70,70,70,70,52,21,21,21,21,42,35,30,14,0],"gold":305,"neow_bonus":"BOSS_RELIC","is_prod":false,"is_daily":false,"chose_seed":false,"campfire_upgraded":0,"win_rate":0,"timestamp":1553701218,"path_taken":["M","M","M","$","M","E","?","?","T","R","M","M","E","M"],"build_version":"2019-01-23","purchased_purges":0,"victory":false,"max_hp_per_floor":[70,70,70,70,70,70,70,70,70,70,70,70,70,70],"card_choices":[{"not_picked":["Blur","Poisoned Stab"],"picked":"Cloak And Dagger","floor":1},{"not_picked":["Blade Dance","Slice"],"picked":"Cloak And Dagger","floor":2},{"not_picked":["Poisoned Stab","Predator"],"picked":"Prepared","floor":3},{"not_picked":["Escape Plan","Backflip"],"picked":"Infinite Blades","floor":5},{"not_picked":["Crippling Poison","Sucker Punch"],"picked":"Bouncing Flask","floor":6},{"not_picked":["Deflect","Outmaneuver"],"picked":"Cloak And Dagger","floor":11},{"not_picked":["Eviscerate","Dagger Spray"],"picked":"Storm of Steel","floor":12},{"not_picked":["Bane","Calculated Gamble"],"picked":"Blade Dance","floor":13}],"player_experience":218785,"relics_obtained":[{"floor":6,"key":"Happy Flower"},{"floor":13,"key":"Whetstone"}],"event_choices":[{"damage_healed":0,"gold_gain":0,"player_choice":"Box","damage_taken":0,"relics_obtained":["Pen Nib"],"max_hp_gain":0,"max_hp_loss":0,"event_name":"Big Fish","floor":7,"gold_loss":0,"cards_obtained":["Regret"]},{"damage_healed":0,"gold_gain":175,"player_choice":"AGREE","damage_taken":0,"max_hp_gain":0,"max_hp_loss":0,"event_name":"Liars Game","floor":8,"gold_loss":0,"cards_obtained":["Doubt"]}],"is_beta":false,"boss_relics":[],"items_purged_floors":[],"is_endless":false,"potions_floor_spawned":[1,5,12,13],"killed_by":"Lots of Slimes","ascension_level":0}