{"gold_per_floor":[113,124,49,49,124,149,49,49,49,49,84,95,126,139,139,242,242,261,441,19,19,31,57,57,69,119,119,139,172,191,118,118,217,217,236,85,96,96,112,112,126,160,231,250,314,464,497,0,0,0],"floor_reached":50,"playtime":3015,"items_purged":["Defend_G","Strike_G","Defend_G"],"score":635,"play_id":"48e7856e-0880-4b1a-886c-96f1b5f7ba1e","local_time":"20190110033025","is_ascension_mode":false,"campfire_choices":[{"data":"Cloak And Dagger","floor":8.0,"key":"SMITH"},{"data":"A Thousand Cuts","floor":10.0,"key":"SMITH"},{"data":"Accuracy","floor":15.0,"key":"SMITH"},{"floor":27.0,"key":"REST"},{"floor":32,"key":"REST"},{"floor":40,"key":"RECALL"},{"floor":49,"key":"REST"}],"neow_cost":"NONE","seed_source_timestamp":45694188571699,"circlet_count":0,"master_deck":["Defend_G","Defend_G","Defend_G","Strike_G","Strike_G","Strike_G","Strike_G","Survivor","Neutralize","Cloak And Dagger+1","Sucker Punch","A Thousand Cuts+1","Backflip","Prepared","Accuracy+1","Backflip","After Image","Cloak And Dagger","Accuracy","Infinite Blades","Choke","Blade Dance","Backstab","Leg Sweep","Storm of Steel","After Image","Cloak And Dagger","Flying Knee+1","Parasite","Well Laid Plans"],"special_seed":0,"relics":["Ring of the Snake","NeowsBlessing","Strawberry","Orichalcum","PreservedInsect","Shuriken","Blood Vial","WristBlade","TwistedFunnel","Anchor","Bottled Lightning","Happy Flower","Pen Nib","Sozu","SsserpentHead","Bottled Tornado","Torii","Girya","Red Mask"],"potions_floor_usage":[42],"damage_taken":[{"damage":0.0,"enemies":"2 Louse","floor":1.0,"turns":1.0},{"damage":0.0,"enemies":"Cultist","floor":2.0,"turns":1.0},{"damage":0.0,"enemies":"Gremlin Nob","floor":6.0,"turns":1.0},{"damage":5.0,"enemies":"3 Sentries","floor":11.0,"turns":5.0},{"damage":3.0,"enemies":"Jaw Worm","floor":12.0,"turns":3.0},{"damage":3.0,"enemies":"Lagavulin","floor":13.0,"turns":5.0},{"damage":1.0,"enemies":"Looter","floor":14.0,"turns":3.0},{"damage":22.0,"enemies":"Hexaghost","floor":16.0,"turns":10.0},{"damage":15.0,"enemies":"Spheric Guardian","floor":18.0,"turns":5.0},{"damage":1.0,"enemies":"2 Thieves","floor":22.0,"turns":4.0},{"damage":11.0,"enemies":"Book of Stabbing","floor":23.0,"turns":4.0},{"damage":20.0,"enemies":"3 Cultists","floor":25.0,"turns":5.0},{"damage":1.0,"enemies":"Snecko","floor":28.0,"turns":5.0},{"damage":0.0,"enemies":"Slavers","floor":29.0,"turns":4.0},{"damage":23.0,"enemies":"Sentry and Sphere","floor":30.0,"turns":6.0},{"damage":51,"enemies":"Collector","floor":33,"turns":9},{"damage":7,"enemies":"3 Shapes","floor":35,"turns":5},{"damage":11,"enemies":"Orb Walker","floor":37,"turns":3},{"damage":11,"enemies":"Transient","floor":39,"turns":5},{"damage":0,"enemies":"Writhing Mass","floor":41,"turns":6},{"damage":16,"enemies":"Reptomancer","floor":42,"turns":3},{"damage":6,"enemies":"3 Darklings","floor":44,"turns":3},{"damage":1,"enemies":"4 Shapes","floor":45,"turns":3},{"damage":0,"enemies":"Mind Bloom Boss Battle","floor":46,"turns":4},{"damage":30,"enemies":"Nemesis","floor":47,"turns":5},{"damage":49,"enemies":"Time Eater","floor":50,"turns":7}],"seed_played":"5386293068549932384","potions_obtained":[{"floor":1.0,"key":"Weak Potion"},{"floor":2.0,"key":"FearPotion"},{"floor":14.0,"key":"GhostInAJar"},{"floor":30.0,"key":"SkillPotion"},{"floor":33,"key":"FearPotion"}],"is_trial":false,"path_per_floor":["M","M","$","?","?","E","$","R","T","R","E","M","E","M","R","B",null,"M","?","$","?","M","E","?","M","T","R","M","E","M","$","R","B",null,"M","$","M","?","M","R","M","E","T","M","M","?","E","?","R","B"],"character_chosen":"THE_SILENT","items_purchased":["TwistedFunnel","Anchor","Accuracy","Storm of Steel","Cloak And Dagger"],"campfire_rested":3,"item_purchase_floors":[20,20,20,31,36],"current_hp_per_floor":[70,70,70,74,63,63,63,63,63,63,58,55,52,53,53,33,77,62,41,41,66,67,58,44,26,26,50,51,53,32,32,56,7,82,75,75,66,66,57,57,59,45,45,41,42,44,16,16,40,0],"gold":0,"neow_bonus":"THREE_ENEMY_KILL","is_prod":false,"is_daily":false,"chose_seed":false,"campfire_upgraded":3,"win_rate":0,"timestamp":1547109025,"path_taken":["M","M","$","?","?","E","$","R","T","R","E","M","E","M","R","BOSS","M","?","$","?","M","E","?","?","T","R","M","E","M","$","R","BOSS","M","$","M","?","M","R","M","E","T","M","?","?","E","?","R","BOSS"],"build_version":"2019-01-03v4","purchased_purges":3,"victory":false,"max_hp_per_floor":[70,70,70,77,77,77,77,77,77,77,77,77,77,77,77,77,77,77,77,77,77,77,77,82,82,82,82,82,82,82,82,82,82,82,82,82,82,82,82,82,82,82,82,82,82,82,82,82,82,82],"card_choices":[{"not_picked":["Flechettes","Acrobatics"],"picked":"Cloak And Dagger","floor":1.0},{"not_picked":["Deadly Poison","Underhanded Strike"],"picked":"Sucker Punch","floor":2.0},{"not_picked":["Flying Knee","Deflect"],"picked":"A Thousand Cuts","floor":6.0},{"not_picked":["Heel Hook","Caltrops"],"picked":"Backflip","floor":11.0},{"not_picked":["Riddle With Holes","Catalyst"],"picked":"Prepared","floor":12.0},{"not_picked":["Dagger Throw","Deflect"],"picked":"Accuracy","floor":13.0},{"not_picked":["Dagger Spray","Acrobatics"],"picked":"Backflip","floor":14.0},{"not_picked":["Corpse Explosion","Malaise"],"picked":"After Image","floor":16.0},{"not_picked":["Terror","Flechettes"],"picked":"Cloak And Dagger","floor":18.0},{"not_picked":["Masterful Stab","Flechettes"],"picked":"Infinite Blades","floor":22.0},{"not_picked":["Dagger Throw","Phantasmal Killer"],"picked":"Choke","floor":23.0},{"not_picked":["Underhanded Strike","Dodge and Roll"],"picked":"Blade Dance","floor":25.0},{"not_picked":["Accuracy","Distraction+1"],"picked":"Backstab","floor":28.0},{"not_picked":["Footwork","Noxious Fumes"],"picked":"Leg Sweep","floor":29.0},{"not_picked":["PiercingWail","Expertise","Underhanded Strike"],"picked":"SKIP","floor":30.0},{"not_picked":["Malaise","Adrenaline"],"picked":"After Image","floor":33},{"not_picked":["Poisoned Stab","Backflip","Riddle With Holes+1"],"picked":"SKIP","floor":35},{"not_picked":["Catalyst","Deadly Poison","Poisoned Stab+1"],"picked":"SKIP","floor":37},{"not_picked":["Choke","Dodge and Roll+1"],"picked":"Flying Knee+1","floor":39},{"not_picked":["Bane+1","Catalyst+1"],"picked":"Well Laid Plans","floor":41},{"not_picked":["Flechettes+1","Deadly Poison","Slice+1"],"picked":"SKIP","floor":42},{"not_picked":["Predator+1","Tools of the Trade","Cloak And Dagger"],"picked":"SKIP","floor":44},{"not_picked":["Dagger Spray+1","Slice","Tactician+1"],"picked":"SKIP","floor":45},{"not_picked":["Slice","Wraith Form v2","Deflect"],"picked":"SKIP","floor":47}],"player_experience":36655,"relics_obtained":[{"floor":6.0,"key":"Orichalcum"},{"floor":9.0,"key":"PreservedInsect"},{"floor":11.0,"key":"Shuriken"},{"floor":13.0,"key":"Blood Vial"},{"floor":23.0,"key":"Bottled Lightning"},{"floor":26.0,"key":"Happy Flower"},{"floor":29.0,"key":"Pen Nib"},{"floor":42,"key":"Bottled Tornado"},{"floor":46,"key":"Torii"},{"floor":47,"key":"Girya"}],"event_choices":[{"damage_healed":0.0,"max_hp_gain":0.0,"max_hp_loss":0.0,"gold_gain":0.0,"event_name":"Scrap Ooze","player_choice":"Success","floor":4.0,"gold_loss":0.0,"damage_taken":3.0,"relics_obtained":["Strawberry"]},{"damage_healed":0.0,"max_hp_gain":0.0,"max_hp_loss":0.0,"gold_gain":75.0,"event_name":"World of Goop","player_choice":"Gather Gold","floor":5.0,"gold_loss":0.0,"damage_taken":11.0},{"damage_healed":0.0,"max_hp_gain":0.0,"max_hp_loss":0.0,"gold_gain":180.0,"event_name":"Knowing Skull","player_choice":"GOLD GOLD ","floor":19.0,"potions_obtained":[],"gold_loss":0.0,"damage_taken":21.0,"cards_obtained":[]},{"damage_healed":25.0,"max_hp_gain":0.0,"max_hp_loss":0.0,"gold_gain":0.0,"event_name":"The Library","player_choice":"Heal","floor":21.0,"gold_loss":0.0,"damage_taken":0.0},{"damage_healed":0.0,"max_hp_gain":5.0,"max_hp_loss":0.0,"gold_gain":0.0,"event_name":"Forgotten Altar","player_choice":"Shed Blood","floor":24.0,"gold_loss":0.0,"damage_taken":19.0},{"damage_healed":0,"gold_gain":0,"player_choice":"Trade","damage_taken":0,"relics_obtained":["SsserpentHead"],"max_hp_gain":0,"max_hp_loss":0,"event_name":"FaceTrader","floor":38,"gold_loss":0},{"damage_healed":0,"gold_gain":0,"player_choice":"Fight","damage_taken":0,"max_hp_gain":0,"max_hp_loss":0,"event_name":"MindBloom","floor":46,"gold_loss":0},{"damage_healed":0,"gold_gain":0,"player_choice":"Paid","damage_taken":0,"relics_obtained":["Red Mask"],"max_hp_gain":0,"max_hp_loss":0,"event_name":"Tomb of Lord Red Mask","floor":48,"gold_loss":547}],"is_beta":false,"boss_relics":[{"not_picked":["Calling Bell","Velvet Choker"],"picked":"WristBlade"},{"not_picked":["Ring of the Serpent","Runic Pyramid"],"picked":"Sozu"}],"items_purged_floors":[3,7,36],"is_endless":false,"potions_floor_spawned":[1,2,14,18,22,25,30,33,41,42,44,45,47],"killed_by":"Time Eater","ascension_level":0}