{"gold_per_floor":[215,23,39,39,39,39,67,67,91,91,106,6,6,6,6,6],"floor_reached":16,"playtime":477,"items_purged":["Defend_B","Regret"],"score":110,"play_id":"6b1ad072-a906-477c-aa17-570c1caf36d5","local_time":"20190117034151","is_ascension_mode":true,"campfire_choices":[{"data":"Genetic Algorithm","floor":6,"key":"SMITH"},{"floor":8,"key":"REST"},{"data":"Gash","floor":13,"key":"SMITH"},{"floor":15,"key":"REST"}],"neow_cost":"NONE","seed_source_timestamp":653785940367110,"circlet_count":0,"master_deck":["Strike_B","Strike_B","Strike_B","Strike_B","Defend_B","Defend_B","Zap","Dualcast","Leap","Genetic Algorithm+1","Gash+1","Glacier"],"relics":["Cracked Core","Nunchaku","Darkstone Periapt","Unceasing Top","Anchor"],"potions_floor_usage":[],"damage_taken":[{"damage":7,"enemies":"Jaw Worm","floor":1,"turns":3},{"damage":17,"enemies":"Small Slimes","floor":3,"turns":3},{"damage":42,"enemies":"3 Sentries","floor":7,"turns":8},{"damage":1,"enemies":"Cultist","floor":11,"turns":4},{"damage":67,"enemies":"Hexaghost","floor":16,"turns":14}],"seed_played":"8152154462744247603","potions_obtained":[{"floor":7,"key":"FocusPotion"},{"floor":11,"key":"Dexterity Potion"}],"is_trial":false,"path_per_floor":["M","$","M","?","?","R","E","R","T","?","M","$","R","$","R","B"],"character_chosen":"DEFECT","items_purchased":["Genetic Algorithm","Gash"],"campfire_rested":2,"item_purchase_floors":[2,2],"current_hp_per_floor":[68,68,51,48,54,54,12,36,36,36,35,35,35,35,59,0],"gold":6,"neow_bonus":"HUNDRED_GOLD","is_prod":false,"is_daily":false,"chose_seed":false,"campfire_upgraded":2,"win_rate":0,"timestamp":1547714511,"path_taken":["M","$","M","?","?","R","E","R","T","?","?","$","R","?","R","BOSS"],"build_version":"2019-01-10","purchased_purges":2,"victory":false,"max_hp_per_floor":[75,75,75,75,81,81,81,81,81,81,81,81,81,81,81,81],"card_choices":[{"not_picked":["Rebound","Lockon"],"picked":"Leap","floor":1},{"not_picked":["Static Discharge","Undo","Rebound"],"picked":"SKIP","floor":3},{"not_picked":["Turbo","Hyperbeam","Coolheaded"],"picked":"SKIP","floor":7},{"not_picked":["Stack","Beam Cell","Static Discharge"],"picked":"SKIP","floor":11}],"player_experience":82778,"relics_obtained":[{"floor":7,"key":"Unceasing Top"},{"floor":9,"key":"Anchor"}],"event_choices":[{"damage_healed":0,"gold_gain":0,"player_choice":"Success","damage_taken":3,"relics_obtained":["Nunchaku"],"max_hp_gain":0,"max_hp_loss":0,"event_name":"Scrap Ooze","floor":4,"gold_loss":0},{"damage_healed":0,"gold_gain":0,"player_choice":"Box","damage_taken":0,"relics_obtained":["Darkstone Periapt"],"max_hp_gain":0,"max_hp_loss":0,"event_name":"Big Fish","floor":5,"gold_loss":0,"cards_obtained":["Regret"]},{"damage_healed":0,"gold_gain":0,"cards_transformed":["Defend_B"],"player_choice":"Transformed","damage_taken":0,"max_hp_gain":0,"max_hp_loss":0,"event_name":"Transmorgrifier","floor":10,"gold_loss":0,"cards_obtained":["Glacier"]}],"is_beta":false,"boss_relics":[],"items_purged_floors":[2,12],"is_endless":false,"potions_floor_spawned":[7,11],"killed_by":"Hexaghost","ascension_level":3}