{"gold_per_floor":[113,133,133,5,5,36,36,68,117,117,128,128,144,164,164,237,237,248,267,345,345,395,426,438,469,481,513,59,59,59,75,75,153,153,165,17,292,10,10,10,24,24,48,59,59,86,98,98,98,98],"floor_reached":51,"playtime":2401,"items_purged":["Strike_R","Defend_R","Regret"],"score":1305,"play_id":"0e4d3a55-79b3-4139-bad3-4a084a77e895","local_time":"20190325223241","is_ascension_mode":true,"campfire_choices":[{"data":"Fiend Fire","floor":10,"key":"SMITH"},{"data":"Demon Form","floor":12,"key":"SMITH"},{"data":"Blind","floor":15,"key":"SMITH"},{"data":"Bash","floor":24,"key":"SMITH"},{"floor":29,"key":"REST"},{"floor":32,"key":"REST"},{"data":"Limit Break","floor":40,"key":"SMITH"},{"data":"Exhume","floor":42,"key":"SMITH"},{"data":"Fiend Fire","floor":45,"key":"SMITH"},{"data":"Spot Weakness","floor":49,"key":"SMITH"}],"neow_cost":"NONE","seed_source_timestamp":367715393653811,"circlet_count":0,"master_deck":["AscendersBane","Strike_R","Strike_R","Defend_R+1","Defend_R","Defend_R","Bash+1","Ghostly Armor+1","Cleave","Fiend Fire+1","Blind+1","Feel No Pain","Iron Wave","Metallicize","Demon Form+1","Spot Weakness+1","Offering","Shrug It Off","Twin Strike","Havoc+1","Heavy Blade","Limit Break+1","Fiend Fire+1","Exhume+1","Reaper","Warcry+1","Shrug It Off+1"],"relics":["Burning Blood","NeowsBlessing","Centennial Puzzle","Ginger","War Paint","Eternal Feather","Darkstone Periapt","MutagenicStrength","MawBank","Oddly Smooth Stone","Red Skull","Runic Pyramid","Juzu Bracelet","Happy Flower","Lantern"],"potions_floor_usage":[23,23,33,33,50],"damage_taken":[{"damage":0,"enemies":"Cultist","floor":1,"turns":1},{"damage":0,"enemies":"Jaw Worm","floor":2,"turns":1},{"damage":0,"enemies":"3 Sentries","floor":6,"turns":2},{"damage":11,"enemies":"Gremlin Nob","floor":8,"turns":5},{"damage":0,"enemies":"Small Slimes","floor":11,"turns":3},{"damage":0,"enemies":"2 Fungi Beasts","floor":13,"turns":5},{"damage":14,"enemies":"Red Slaver","floor":14,"turns":3},{"damage":32,"enemies":"Hexaghost","floor":16,"turns":10},{"damage":10,"enemies":"3 Byrds","floor":18,"turns":8},{"damage":4,"enemies":"Chosen","floor":19,"turns":4},{"damage":43,"enemies":"Book of Stabbing","floor":23,"turns":6},{"damage":22,"enemies":"Shelled Parasite and Fungi","floor":25,"turns":5},{"damage":22,"enemies":"Snake Plant","floor":27,"turns":4},{"damage":18,"enemies":"Snecko","floor":31,"turns":3},{"damage":37,"enemies":"Champ","floor":33,"turns":8},{"damage":7,"enemies":"3 Shapes","floor":35,"turns":8},{"damage":60,"enemies":"3 Darklings","floor":41,"turns":7},{"damage":7,"enemies":"Writhing Mass","floor":44,"turns":5},{"damage":20,"enemies":"Giant Head","floor":46,"turns":5},{"damage":3,"enemies":"Jaw Worm Horde","floor":47,"turns":4},{"damage":95,"enemies":"Awakened One","floor":50,"turns":8}],"seed_played":"8223361095193663092","potions_obtained":[{"floor":6,"key":"FairyPotion"},{"floor":8,"key":"FearPotion"},{"floor":13,"key":"SkillPotion"},{"floor":23,"key":"Ancient Potion"},{"floor":25,"key":"SpeedPotion"},{"floor":41,"key":"EssenceOfSteel"}],"is_trial":false,"path_per_floor":["M","M","?","$","?","E","?","E","T","R","M","R","M","M","R","B",null,"M","M","T","?","?","E","R","M","T","M","$","R","$","M","R","B",null,"M","$","?","$","?","R","M","R","T","M","R","E","M","?","R","B",null],"character_chosen":"IRONCLAD","items_purchased":["Blind","Feel No Pain","Limit Break","Fiend Fire","Red Skull","SteroidPotion","Juzu Bracelet"],"campfire_rested":2,"item_purchase_floors":[4,4,28,28,28,36,38],"current_hp_per_floor":[74,75,75,75,75,75,75,70,70,70,75,75,75,67,67,41,67,63,65,65,65,65,28,40,24,24,8,8,42,42,30,67,36,65,75,75,81,81,77,77,70,77,77,76,77,63,66,66,77,77],"gold":98,"neow_bonus":"THREE_ENEMY_KILL","is_prod":false,"is_daily":false,"chose_seed":false,"campfire_upgraded":8,"win_rate":0,"timestamp":1553520761,"path_taken":["M","?","?","$","?","E","?","E","T","R","M","R","M","M","R","BOSS","M","M","?","?","?","E","R","M","T","?","$","R","$","M","R","BOSS","M","$","?","$","?","R","M","R","T","M","R","E","M","?","R","BOSS"],"build_version":"2019-01-23","purchased_purges":3,"victory":true,"max_hp_per_floor":[75,75,75,75,75,75,75,75,75,75,75,75,75,75,75,75,75,75,75,75,75,75,75,75,75,75,75,75,75,75,75,75,75,75,75,75,81,81,77,77,77,77,77,77,77,77,77,77,77,77],"card_choices":[{"not_picked":["Iron Wave","Anger"],"picked":"Ghostly Armor","floor":1},{"not_picked":["Reckless Charge","Rampage"],"picked":"Cleave","floor":2},{"not_picked":["Cleave","Ghostly Armor"],"picked":"Iron Wave","floor":6},{"not_picked":["Rupture","Flex","Thunderclap"],"picked":"SKIP","floor":8},{"not_picked":["Flex","Power Through"],"picked":"Demon Form","floor":11},{"not_picked":["Fire Breathing","True Grit"],"picked":"Spot Weakness","floor":13},{"not_picked":["Wild Strike","Feel No Pain","Blood for Blood"],"picked":"SKIP","floor":14},{"not_picked":["Wild Strike","Feel No Pain","Blood for Blood"],"picked":"SKIP","floor":14},{"not_picked":["Demon Form","Juggernaut"],"picked":"Offering","floor":16},{"not_picked":["Reckless Charge+1","Carnage"],"picked":"Shrug It Off","floor":18},{"not_picked":["Headbutt","Metallicize"],"picked":"Twin Strike","floor":19},{"not_picked":["Cleave","Armaments","Wild Strike+1"],"picked":"SKIP","floor":23},{"not_picked":["Cleave","True Grit"],"picked":"Havoc+1","floor":25},{"not_picked":["Havoc","Perfected Strike"],"picked":"Heavy Blade","floor":27},{"not_picked":["Wild Strike","Heavy Blade"],"picked":"Exhume","floor":31},{"not_picked":["Exhume","Demon Form"],"picked":"Reaper","floor":33},{"not_picked":["Havoc+1","Anger","Cleave"],"picked":"SKIP","floor":35},{"not_picked":["Wild Strike","Twin Strike"],"picked":"Warcry+1","floor":41},{"not_picked":["Inflame","Juggernaut"],"picked":"Shrug It Off+1","floor":44},{"not_picked":["Pommel Strike","Cleave","Thunderclap"],"picked":"SKIP","floor":46},{"not_picked":["Clash+1","Body Slam","Sword Boomerang"],"picked":"SKIP","floor":47}],"player_experience":1043853,"relics_obtained":[{"floor":6,"key":"Centennial Puzzle"},{"floor":8,"key":"Ginger"},{"floor":9,"key":"War Paint"},{"floor":20,"key":"Darkstone Periapt"},{"floor":23,"key":"MawBank"},{"floor":26,"key":"Oddly Smooth Stone"},{"floor":43,"key":"Happy Flower"},{"floor":46,"key":"Lantern"}],"event_choices":[{"damage_healed":0,"gold_gain":0,"cards_transformed":["Strike_R"],"player_choice":"Change","damage_taken":0,"max_hp_gain":0,"max_hp_loss":0,"event_name":"Living Wall","floor":3,"gold_loss":0,"cards_obtained":["Fiend Fire"]},{"damage_healed":0,"gold_gain":0,"player_choice":"Leave","damage_taken":0,"max_hp_gain":0,"max_hp_loss":0,"event_name":"The Cleric","floor":5,"gold_loss":0},{"damage_healed":0,"gold_gain":0,"cards_transformed":["Strike_R"],"player_choice":"Transformed","damage_taken":0,"max_hp_gain":0,"max_hp_loss":0,"event_name":"Transmorgrifier","floor":7,"gold_loss":0,"cards_obtained":["Metallicize"]},{"damage_healed":0,"gold_gain":0,"player_choice":"Inject Mutagens","damage_taken":0,"relics_obtained":["MutagenicStrength"],"max_hp_gain":0,"max_hp_loss":0,"event_name":"Drug Dealer","floor":21,"gold_loss":0},{"damage_healed":0,"gold_gain":50,"player_choice":"Stole From Cult","damage_taken":0,"max_hp_gain":0,"max_hp_loss":0,"event_name":"Nest","floor":22,"gold_loss":0},{"damage_healed":0,"gold_gain":275,"player_choice":"Desecrate","damage_taken":0,"max_hp_gain":0,"max_hp_loss":0,"event_name":"Golden Shrine","floor":37,"gold_loss":0,"cards_obtained":["Regret"]},{"damage_healed":0,"gold_gain":0,"player_choice":"Max HP","damage_taken":0,"max_hp_gain":0,"max_hp_loss":4,"event_name":"Winding Halls","floor":39,"gold_loss":0},{"damage_healed":0,"gold_gain":0,"player_choice":"Ignored","damage_taken":0,"max_hp_gain":0,"max_hp_loss":0,"event_name":"Mysterious Sphere","floor":48,"gold_loss":0}],"is_beta":false,"boss_relics":[{"not_picked":["Empty Cage","Pandora\u0027s Box"],"picked":"Eternal Feather"},{"not_picked":["Lizard Tail","Sozu"],"picked":"Runic Pyramid"}],"items_purged_floors":[28,36,38],"is_endless":false,"potions_floor_spawned":[6,8,13,14,23,25,27,31,41,47],"ascension_level":15}