{"gold_per_floor":[116,130,130,305,42,67,80,96,96,96,27,60,74,109,109,211,211,227,241,251,271,19,19,19,19],"floor_reached":25,"playtime":1082,"items_purged":["Doubt","Shame"],"score":223,"play_id":"0cc4037a-def6-4009-af63-de0ab4b39ca8","local_time":"20190420145728","is_ascension_mode":false,"campfire_choices":[{"data":"Inflame","floor":10,"key":"SMITH"},{"data":"Power Through","floor":15,"key":"SMITH"},{"floor":23,"key":"REST"}],"neow_cost":"NONE","seed_source_timestamp":3102417264354,"circlet_count":0,"master_deck":["Strike_R","Strike_R","Strike_R","Strike_R","Defend_R","Defend_R","Defend_R","Defend_R","Bash","Immolate","Clothesline","Armaments+1","Intimidate","Inflame+1","Flex+1","Heavy Blade","Body Slam","Pommel Strike","Infernal Blade","Headbutt","Inflame","Fiend Fire","Power Through+1","Exhume","Doubt","Doubt","Spot Weakness","Shrug It Off","Sentinel+1","Seeing Red","Juggernaut","Bash"],"relics":["Burning Blood","Bronze Scales","Matryoshka","WingedGreaves","War Paint","Calling Bell","Anchor","Dodecahedron","Ginger","Happy Flower"],"potions_floor_usage":[12,14,14,16,19,20,25],"damage_taken":[{"damage":6,"enemies":"Cultist","floor":1,"turns":4},{"damage":11,"enemies":"Jaw Worm","floor":2,"turns":3},{"damage":37,"enemies":"Lagavulin","floor":6,"turns":8},{"damage":0,"enemies":"Small Slimes","floor":7,"turns":1},{"damage":3,"enemies":"Gremlin Gang","floor":8,"turns":1},{"damage":10,"enemies":"Gremlin Nob","floor":12,"turns":3},{"damage":0,"enemies":"2 Fungi Beasts","floor":13,"turns":1},{"damage":13,"enemies":"Lagavulin","floor":14,"turns":3},{"damage":16,"enemies":"Slime Boss","floor":16,"turns":5},{"damage":7,"enemies":"2 Thieves","floor":18,"turns":3},{"damage":14,"enemies":"3 Byrds","floor":19,"turns":3},{"damage":35,"enemies":"Centurion and Healer","floor":20,"turns":8},{"damage":24,"enemies":"Shelled Parasite and Fungi","floor":21,"turns":6},{"damage":49,"enemies":"Cultist and Chosen","floor":25,"turns":8}],"seed_played":"-2592374436490751744","potions_obtained":[{"floor":1,"key":"Explosive Potion"},{"floor":2,"key":"BloodPotion"},{"floor":7,"key":"Fire Potion"},{"floor":14,"key":"GamblersBrew"},{"floor":16,"key":"SkillPotion"},{"floor":19,"key":"PowerPotion"},{"floor":21,"key":"Weak Potion"}],"is_trial":false,"path_per_floor":["M","M","?","?","$","E","M","M","T","R","$","E","M","E","R","B",null,"M","M","M","M","$","R","?","M"],"character_chosen":"IRONCLAD","items_purchased":["Inflame","Flex","Heavy Blade","Body Slam","Inflame","Happy Flower"],"campfire_rested":1,"item_purchase_floors":[5,5,5,5,11,22],"current_hp_per_floor":[80,75,75,75,75,44,50,53,53,53,53,49,55,56,56,46,80,79,71,42,24,24,48,48,0],"gold":19,"neow_bonus":"ONE_RANDOM_RARE_CARD","is_prod":false,"is_daily":false,"chose_seed":false,"campfire_upgraded":2,"win_rate":0,"timestamp":1555736248,"path_taken":["M","M","?","?","$","E","M","M","T","R","?","E","M","E","R","BOSS","M","M","M","M","$","R","?","M"],"build_version":"2019-01-23","purchased_purges":2,"victory":false,"max_hp_per_floor":[80,80,80,80,80,80,80,80,80,80,80,80,80,80,80,80,80,80,80,80,80,80,80,80,80],"card_choices":[{"not_picked":["Dual Wield","Bloodletting"],"picked":"Clothesline","floor":1},{"not_picked":["Clash","Second Wind"],"picked":"Armaments","floor":2},{"not_picked":["Sword Boomerang","Carnage"],"picked":"Pommel Strike","floor":6},{"not_picked":["Clash","Whirlwind"],"picked":"Infernal Blade","floor":7},{"not_picked":["Searing Blow","Pummel"],"picked":"Headbutt","floor":8},{"not_picked":["Headbutt","Heavy Blade"],"picked":"Fiend Fire","floor":12},{"not_picked":["Clothesline","Disarm","Reckless Charge"],"picked":"SKIP","floor":13},{"not_picked":["Bloodletting","Reckless Charge"],"picked":"Power Through","floor":14},{"not_picked":["Brutality","Fiend Fire"],"picked":"Exhume","floor":16},{"not_picked":["Sword Boomerang","Evolve"],"picked":"Spot Weakness","floor":18},{"not_picked":["Perfected Strike","Corruption"],"picked":"Shrug It Off","floor":19},{"not_picked":["Twin Strike+1","Perfected Strike+1"],"picked":"Sentinel+1","floor":20},{"not_picked":["Clothesline","Iron Wave"],"picked":"Seeing Red","floor":21}],"player_experience":340326,"relics_obtained":[{"floor":6,"key":"Bronze Scales"},{"floor":9,"key":"Matryoshka"},{"floor":12,"key":"WingedGreaves"},{"floor":14,"key":"War Paint"},{"floor":17,"key":"Anchor"},{"floor":17,"key":"Dodecahedron"},{"floor":17,"key":"Ginger"}],"event_choices":[{"damage_healed":0,"gold_gain":0,"cards_transformed":["Strike_R"],"player_choice":"Change","damage_taken":0,"max_hp_gain":0,"max_hp_loss":0,"event_name":"Living Wall","floor":3,"gold_loss":0,"cards_obtained":["Intimidate"]},{"damage_healed":0,"gold_gain":175,"player_choice":"AGREE","damage_taken":0,"max_hp_gain":0,"max_hp_loss":0,"event_name":"Liars Game","floor":4,"gold_loss":0,"cards_obtained":["Doubt"]},{"damage_healed":0,"gold_gain":0,"player_choice":"2 cards matched","damage_taken":0,"max_hp_gain":0,"max_hp_loss":0,"event_name":"Match and Keep!","floor":24,"gold_loss":0,"cards_obtained":["Juggernaut","Bash"]}],"is_beta":false,"boss_relics":[{"not_picked":["White Beast Statue","Empty Cage"],"picked":"Calling Bell"}],"items_purged_floors":[5,22],"is_endless":false,"potions_floor_spawned":[1,2,7,14,16,19,21],"killed_by":"Cultist and Chosen","ascension_level":0}