{"gold_per_floor":[113,113,113,113,127,161,171,171,195,145,145],"floor_reached":11,"playtime":591,"items_purged":["Defend_B"],"score":75,"play_id":"261cc41b-6ae4-402e-9117-62cfbbab629d","local_time":"20190116234537","is_ascension_mode":true,"campfire_choices":[],"neow_cost":"NONE","seed_source_timestamp":175690461329618,"circlet_count":0,"master_deck":["Strike_B+1","Strike_B+1","Defend_B","Defend_B","Defend_B","Zap","Dualcast","Dramatic Entrance","Gash","Go for the Eyes","Rebound"],"relics":["Cracked Core","Orichalcum","Smiling Mask"],"potions_floor_usage":[11],"damage_taken":[{"damage":1,"enemies":"2 Louse","floor":1,"turns":2},{"damage":6,"enemies":"Jaw Worm","floor":5,"turns":2},{"damage":32,"enemies":"Lagavulin","floor":6,"turns":8},{"damage":0,"enemies":"Cultist","floor":7,"turns":2},{"damage":20,"enemies":"3 Sentries","floor":11,"turns":4}],"seed_played":"4986055491096060143","potions_obtained":[{"floor":7,"key":"SkillPotion"}],"is_trial":false,"path_per_floor":["M","?","?","?","M","E","M","?","T","$","E"],"character_chosen":"DEFECT","items_purchased":[],"campfire_rested":0,"item_purchase_floors":[],"current_hp_per_floor":[74,59,52,52,46,14,14,14,14,14,0],"gold":145,"neow_bonus":"RANDOM_COLORLESS","is_prod":false,"is_daily":false,"chose_seed":false,"campfire_upgraded":0,"win_rate":0,"timestamp":1547703937,"path_taken":["M","?","?","?","?","E","?","?","T","?","E"],"build_version":"2019-01-10","purchased_purges":1,"victory":false,"max_hp_per_floor":[75,75,75,75,75,75,75,75,75,75,75],"card_choices":[{"not_picked":["Melter","Tempest"],"picked":"Gash","floor":1},{"not_picked":["Conserve Battery","Redo"],"picked":"Go for the Eyes","floor":5},{"not_picked":["Barrage","Fusion","Creative AI"],"picked":"SKIP","floor":6},{"not_picked":["Sunder","Stack"],"picked":"Rebound","floor":7}],"player_experience":300928,"relics_obtained":[{"floor":6,"key":"Orichalcum"},{"floor":9,"key":"Smiling Mask"}],"event_choices":[{"damage_healed":0,"gold_gain":0,"player_choice":"Entered Light","damage_taken":15,"max_hp_gain":0,"max_hp_loss":0,"event_name":"Shining Light","floor":2,"gold_loss":0,"cards_upgraded":["Strike_B","Strike_B"]},{"cards_removed":["Strike_B"],"damage_healed":0,"gold_gain":0,"player_choice":"Card Removal","damage_taken":7,"max_hp_gain":0,"max_hp_loss":0,"event_name":"Golden Wing","floor":3,"gold_loss":0},{"damage_healed":0,"gold_gain":0,"player_choice":"Bought 0 Potions","damage_taken":0,"max_hp_gain":0,"max_hp_loss":0,"event_name":"The Woman in Blue","floor":4,"gold_loss":0},{"cards_removed":["Strike_B"],"damage_healed":0,"gold_gain":0,"player_choice":"Forget","damage_taken":0,"max_hp_gain":0,"max_hp_loss":0,"event_name":"Living Wall","floor":8,"gold_loss":0}],"is_beta":false,"boss_relics":[],"items_purged_floors":[10],"is_endless":false,"potions_floor_spawned":[7],"killed_by":"3 Sentries","ascension_level":1}