{"gold_per_floor":[15,33,9,9,9,37,12,42,92,92,42,62,91,2,2,106,106,124,124,141,141,161,161,178,32,85,85,95,95,108,128,128,128],"floor_reached":33,"playtime":81979,"items_purged":["Strike_B"],"score":280,"play_id":"5c03e945-b230-4faf-92f3-fa166635fccd","local_time":"20190715183811","is_ascension_mode":false,"campfire_choices":[{"data":"Dualcast","floor":10,"key":"SMITH"},{"floor":15,"key":"REST"},{"data":"Go for the Eyes","floor":23,"key":"SMITH"},{"data":"Scrape","floor":32,"key":"SMITH"}],"neow_cost":"NO_GOLD","seed_source_timestamp":169850270862800,"circlet_count":0,"master_deck":["Defend_B","Defend_B","Defend_B","Defend_B","Zap+1","Dualcast+1","BootSequence","Scrape+1","Steam","Cold Snap","Leap","Gash","Sweeping Beam","Buffer","Gash","Flash of Steel","Electrodynamics","Go for the Eyes+1","Writhe","Gash","Steam Power","All For One","Machine Learning","Bite","Bite","Bite","Bite","Bite","FTL+1","Steam Power"],"relics":["Cracked Core","Thread and Needle","Bag of Marbles","Odd Mushroom","Regal Pillow","Dodecahedron","Coffee Dripper","Incense Burner","MutagenicStrength","Centennial Puzzle"],"potions_floor_usage":[20,33,33],"damage_taken":[{"damage":0,"enemies":"Small Slimes","floor":1,"turns":3},{"damage":0,"enemies":"2 Louse","floor":2,"turns":2},{"damage":12,"enemies":"3 Sentries","floor":6,"turns":8},{"damage":12,"enemies":"The Mushroom Lair","floor":8,"turns":4},{"damage":0,"enemies":"Jaw Worm","floor":12,"turns":2},{"damage":7,"enemies":"Lagavulin","floor":13,"turns":7},{"damage":15,"enemies":"The Guardian","floor":16,"turns":11},{"damage":0,"enemies":"Shell Parasite","floor":18,"turns":5},{"damage":0,"enemies":"Chosen","floor":20,"turns":5},{"damage":0,"enemies":"Centurion and Healer","floor":22,"turns":7},{"damage":10,"enemies":"Sentry and Sphere","floor":24,"turns":6},{"damage":0,"enemies":"Shelled Parasite and Fungi","floor":28,"turns":3},{"damage":14,"enemies":"Centurion and Healer","floor":30,"turns":5},{"damage":0,"enemies":"Cultist and Chosen","floor":31,"turns":4},{"damage":67,"enemies":"Champ","floor":33,"turns":11}],"seed_played":"-2279794141247599222","potions_obtained":[{"floor":6,"key":"Ancient Potion"},{"floor":13,"key":"Swift Potion"},{"floor":16,"key":"Energy Potion"},{"floor":20,"key":"Poison Potion"}],"is_trial":false,"path_per_floor":["M","M","$","?","?","E","$","?","T","R","$","M","E","$","R","B",null,"M","?","M","?","M","R","M","$","T","$","M","?","M","M","R","B"],"character_chosen":"DEFECT","items_purchased":["Steam","Leap","Sweeping Beam","Flash of Steel","All For One"],"campfire_rested":1,"item_purchase_floors":[3,7,11,14,25],"current_hp_per_floor":[75,75,75,75,68,56,56,44,44,44,44,44,37,37,74,59,75,75,75,75,75,75,75,65,65,65,65,65,52,48,52,52,0],"gold":128,"neow_bonus":"ONE_RARE_RELIC","is_prod":false,"is_daily":false,"chose_seed":false,"campfire_upgraded":3,"win_rate":0.0,"timestamp":1563230291,"path_taken":["M","M","$","?","?","E","$","?","T","R","$","M","E","?","R","BOSS","M","?","M","?","?","R","M","$","T","?","M","?","M","M","R","BOSS"],"build_version":"2019-07-05","purchased_purges":1,"victory":false,"max_hp_per_floor":[75,75,75,75,75,75,75,75,75,75,75,75,75,75,75,75,75,75,75,75,75,75,75,75,75,75,75,75,52,52,52,52,52],"card_choices":[{"not_picked":["Gash","Reprogram"],"picked":"BootSequence","floor":1},{"not_picked":["Redo","Steam"],"picked":"Scrape","floor":2},{"not_picked":["Compile Driver","Leap"],"picked":"Cold Snap","floor":6},{"not_picked":["Tempest","Ball Lightning"],"picked":"Gash","floor":8},{"not_picked":["Barrage","Cold Snap"],"picked":"Buffer","floor":12},{"not_picked":["Blizzard","Streamline"],"picked":"Gash","floor":13},{"not_picked":["Fission","Multi-Cast"],"picked":"Electrodynamics","floor":16},{"not_picked":["Compile Driver","Streamline"],"picked":"Go for the Eyes","floor":18},{"not_picked":["Coolheaded","Loop+1"],"picked":"Gash","floor":20},{"not_picked":["Streamline","Stack","Barrage"],"picked":"SKIP","floor":22},{"not_picked":["Beam Cell","Fusion"],"picked":"Steam Power","floor":24},{"not_picked":["Consume+1","BootSequence"],"picked":"Machine Learning","floor":28},{"not_picked":["Compile Driver","Sweeping Beam"],"picked":"FTL+1","floor":30},{"not_picked":["Redo","Static Discharge"],"picked":"Steam Power","floor":31}],"player_experience":75677,"relics_obtained":[{"floor":6,"key":"Bag of Marbles"},{"floor":8,"key":"Odd Mushroom"},{"floor":9,"key":"Regal Pillow"},{"floor":13,"key":"Dodecahedron"},{"floor":26,"key":"Centennial Puzzle"}],"event_choices":[{"damage_healed":0,"gold_gain":0,"player_choice":"Grow","damage_taken":0,"max_hp_gain":0,"max_hp_loss":0,"event_name":"Living Wall","floor":4,"gold_loss":0,"cards_upgraded":["Zap"]},{"cards_removed":["Strike_B"],"damage_healed":0,"gold_gain":0,"player_choice":"Card Removal","damage_taken":7,"max_hp_gain":0,"max_hp_loss":0,"event_name":"Golden Wing","floor":5,"gold_loss":0},{"damage_healed":0,"gold_gain":0,"player_choice":"Fought Mushrooms","damage_taken":0,"max_hp_gain":0,"max_hp_loss":0,"event_name":"Mushrooms","floor":8,"gold_loss":0},{"damage_healed":0,"gold_gain":0,"player_choice":"Opened","damage_taken":0,"relics_obtained":["Incense Burner"],"max_hp_gain":0,"max_hp_loss":0,"event_name":"The Mausoleum","floor":19,"gold_loss":0,"cards_obtained":["Writhe"]},{"damage_healed":0,"gold_gain":0,"player_choice":"Inject Mutagens","damage_taken":0,"relics_obtained":["MutagenicStrength"],"max_hp_gain":0,"max_hp_loss":0,"event_name":"Drug Dealer","floor":21,"gold_loss":0},{"damage_healed":0,"gold_gain":0,"player_choice":"Became a vampire","damage_taken":0,"max_hp_gain":0,"max_hp_loss":23,"event_name":"Vampires","floor":29,"gold_loss":0,"cards_obtained":["Bite","Bite","Bite","Bite","Bite"]}],"is_beta":false,"boss_relics":[{"not_picked":["Runic Dome","Fusion Hammer"],"picked":"Coffee Dripper"}],"items_purged_floors":[25],"is_endless":false,"potions_floor_spawned":[6,13,16,18,20,24],"killed_by":"Champ","ascension_level":0}