{"gold_per_floor":[116,136,411,429,15,15,43,43,43,60,93,93,106,125,125,196,196,208,478,452,104,124,124,137,148,148,148,72,9,24,57,57,129,129,146,157,0,11,286,286,9,27,76,91,91,101,101,120,120,120],"floor_reached":51,"playtime":3685,"items_purged":["Regret","Strike_G","Strike_G","Regret"],"score":1254,"play_id":"8c9bf70e-775e-4669-b8b9-d1aced3feb19","local_time":"20190716064915","is_ascension_mode":true,"campfire_choices":[{"data":"Poisoned Stab","floor":8.0,"key":"SMITH"},{"floor":12.0,"key":"REST"},{"data":"Well Laid Plans","floor":15.0,"key":"SMITH"},{"floor":23.0,"key":"REST"},{"data":"Bouncing Flask","floor":27.0,"key":"SMITH"},{"floor":32.0,"key":"REST"},{"floor":40.0,"key":"REST"},{"floor":45.0,"key":"REST"},{"floor":47,"key":"REST"},{"floor":49,"key":"REST"}],"neow_cost":"NONE","seed_source_timestamp":0,"circlet_count":0,"master_deck":["AscendersBane","Strike_G","Strike_G","Defend_G","Defend_G","Defend_G","Defend_G","Defend_G","Survivor","Neutralize","Footwork","Cloak And Dagger","Leg Sweep","Poisoned Stab+1","Heel Hook","Well Laid Plans+1","Acrobatics","PiercingWail","Sucker Punch","After Image","Dagger Spray","Deadly Poison","Footwork","Dagger Throw","Bouncing Flask+1","Noxious Fumes","Flying Knee","Backflip","Well Laid Plans","Tools of the Trade","PiercingWail+1","Crippling Poison","Bullet Time","Bane","Predator","PiercingWail"],"special_seed":0,"relics":["Ring of the Snake","NeowsBlessing","Membership Card","The Specimen","Ginger","Ornamental Fan","Mummified Hand","Orrery","TwistedFunnel","Thread and Needle","Bottled Lightning","Letter Opener","Torii","Lizard Tail","Red Mask","Bag of Marbles","Vajra","Bronze Scales"],"potions_floor_usage":[46,50,50],"damage_taken":[{"damage":0.0,"enemies":"Small Slimes","floor":1.0,"turns":1.0},{"damage":0.0,"enemies":"Cultist","floor":2.0,"turns":1.0},{"damage":0.0,"enemies":"Jaw Worm","floor":4.0,"turns":1.0},{"damage":28.0,"enemies":"Lagavulin","floor":7.0,"turns":11.0},{"damage":0.0,"enemies":"Blue Slaver","floor":10.0,"turns":4.0},{"damage":7.0,"enemies":"3 Sentries","floor":11.0,"turns":13.0},{"damage":4.0,"enemies":"Lots of Slimes","floor":13.0,"turns":5.0},{"damage":5.0,"enemies":"2 Fungi Beasts","floor":14.0,"turns":5.0},{"damage":2.0,"enemies":"The Guardian","floor":16.0,"turns":16.0},{"damage":1.0,"enemies":"Shell Parasite","floor":18.0,"turns":9.0},{"damage":20.0,"enemies":"2 Thieves","floor":20.0,"turns":5.0},{"damage":0.0,"enemies":"Snecko","floor":22.0,"turns":6.0},{"damage":1.0,"enemies":"Centurion and Healer","floor":24.0,"turns":7.0},{"damage":4.0,"enemies":"Cultist and Chosen","floor":25.0,"turns":8.0},{"damage":12.0,"enemies":"3 Cultists","floor":30.0,"turns":6.0},{"damage":0.0,"enemies":"Book of Stabbing","floor":31.0,"turns":6.0},{"damage":0.0,"enemies":"Automaton","floor":33.0,"turns":12.0},{"damage":1.0,"enemies":"Orb Walker","floor":35.0,"turns":4.0},{"damage":20.0,"enemies":"3 Shapes","floor":36.0,"turns":5.0},{"damage":33.0,"enemies":"Writhing Mass","floor":38.0,"turns":9.0},{"damage":24.0,"enemies":"Maw","floor":42.0,"turns":8.0},{"damage":1.0,"enemies":"Sphere and 2 Shapes","floor":44.0,"turns":4.0},{"damage":18,"enemies":"3 Darklings","floor":46,"turns":5},{"damage":1,"enemies":"4 Shapes","floor":48,"turns":4},{"damage":9,"enemies":"Donu and Deca","floor":50,"turns":10}],"seed_played":"-8540966970653870783","potions_obtained":[{"floor":2.0,"key":"Swift Potion"},{"floor":4.0,"key":"GhostInAJar"},{"floor":7.0,"key":"Regen Potion"},{"floor":13.0,"key":"GhostInAJar"},{"floor":20.0,"key":"SkillPotion"},{"floor":31.0,"key":"Regen Potion"},{"floor":35.0,"key":"Explosive Potion"},{"floor":46,"key":"Block Potion"},{"floor":48,"key":"Swift Potion"}],"is_trial":false,"path_per_floor":["M","M","?","M","$","?","E","R","T","M","E","R","M","M","R","B",null,"M","?","M","$","M","R","M","M","T","R","?","$","M","E","R","B",null,"M","M","?","M","?","R","$","M","T","M","R","M","R","M","R","B",null],"character_chosen":"THE_SILENT","items_purchased":["Membership Card","The Specimen","Poisoned Stab","TwistedFunnel","Noxious Fumes","Thread and Needle","Bag of Marbles","Vajra","SkillPotion","SteroidPotion"],"campfire_rested":7,"item_purchase_floors":[5,5,5,21,21,21,41,41,41,41],"current_hp_per_floor":[59,59,59,59,59,52,24,24,24,24,17,36,32,27,27,25,56,55,31,11,11,11,30,29,25,25,25,25,25,13,13,32,32,58,57,51,51,18,18,37,37,13,13,12,31,13,32,31,50,41],"gold":120,"neow_bonus":"THREE_ENEMY_KILL","is_prod":false,"is_daily":false,"chose_seed":false,"campfire_upgraded":3,"win_rate":0,"timestamp":1563223755,"path_taken":["M","M","?","?","$","?","E","R","T","M","E","R","M","M","R","BOSS","M","?","?","$","?","R","M","M","T","R","?","?","?","E","R","BOSS","M","M","?","M","?","R","$","?","T","M","R","M","R","M","R","BOSS"],"build_version":"2019-07-05","purchased_purges":4,"victory":true,"max_hp_per_floor":[66,66,66,66,66,66,66,66,66,66,66,66,66,66,66,66,66,66,66,66,66,66,66,66,66,66,66,66,66,66,66,66,66,66,66,66,66,66,66,66,66,66,66,66,66,66,66,66,66,66],"card_choices":[{"not_picked":["Prepared","Tactician"],"picked":"Footwork","floor":1.0},{"not_picked":["Catalyst","Prepared"],"picked":"Cloak And Dagger","floor":2.0},{"not_picked":["PiercingWail","Dagger Throw"],"picked":"Leg Sweep","floor":4.0},{"not_picked":["Riddle With Holes","Underhanded Strike"],"picked":"Heel Hook","floor":7.0},{"not_picked":["Wraith Form v2","Sucker Punch"],"picked":"Well Laid Plans","floor":10.0},{"not_picked":["Eviscerate","Prepared"],"picked":"Acrobatics","floor":11.0},{"not_picked":["Poisoned Stab","Dodge and Roll"],"picked":"PiercingWail","floor":13.0},{"not_picked":["Terror","Riddle With Holes"],"picked":"Sucker Punch","floor":14.0},{"not_picked":["Tools of the Trade","Die Die Die"],"picked":"After Image","floor":16.0},{"not_picked":["Bane","Deflect"],"picked":"Dagger Spray","floor":17.0},{"not_picked":["Footwork","Acrobatics"],"picked":"Deadly Poison","floor":17.0},{"not_picked":["Deadly Poison","Heel Hook"],"picked":"Footwork","floor":17.0},{"not_picked":["Flechettes","Riddle With Holes"],"picked":"Dagger Throw","floor":17.0},{"not_picked":["Quick Slash","Well Laid Plans"],"picked":"Bouncing Flask","floor":18.0},{"not_picked":["Flechettes","Poisoned Stab","Blade Dance"],"picked":"SKIP","floor":20.0},{"not_picked":["Flying Knee","Quick Slash","Acrobatics"],"picked":"SKIP","floor":22.0},{"not_picked":["Quick Slash","Acrobatics"],"picked":"Flying Knee","floor":22.0},{"not_picked":["Blade Dance","Deflect"],"picked":"Backflip","floor":24.0},{"not_picked":["Terror","Skewer","Deadly Poison"],"picked":"SKIP","floor":25.0},{"not_picked":["Slice+1","Infinite Blades"],"picked":"Well Laid Plans","floor":30.0},{"not_picked":["Reflex","Bane","Malaise"],"picked":"SKIP","floor":31.0},{"not_picked":["A Thousand Cuts","Bullet Time"],"picked":"Tools of the Trade","floor":33.0},{"not_picked":["Finisher+1","Skewer"],"picked":"PiercingWail+1","floor":35.0},{"not_picked":["Acrobatics","Poisoned Stab"],"picked":"Crippling Poison","floor":36.0},{"not_picked":["Dagger Throw","Dodge and Roll"],"picked":"Bullet Time","floor":38.0},{"not_picked":["Blade Dance","Outmaneuver"],"picked":"Bane","floor":42.0},{"not_picked":["Accuracy","Unload"],"picked":"Predator","floor":44.0},{"not_picked":["Well Laid Plans","Quick Slash"],"picked":"PiercingWail","floor":46},{"not_picked":["Predator","Distraction","Dagger Spray+1"],"picked":"SKIP","floor":48}],"player_experience":985850,"relics_obtained":[{"floor":7.0,"key":"Ginger"},{"floor":9.0,"key":"Ornamental Fan"},{"floor":11.0,"key":"Mummified Hand"},{"floor":26.0,"key":"Bottled Lightning"},{"floor":31.0,"key":"Torii"},{"floor":43.0,"key":"Bronze Scales"}],"event_choices":[{"damage_healed":0.0,"max_hp_gain":0.0,"max_hp_loss":0.0,"gold_gain":275.0,"event_name":"Golden Shrine","player_choice":"Desecrate","floor":3.0,"gold_loss":0.0,"damage_taken":0.0,"cards_obtained":["Regret"]},{"cards_removed":["Strike_G"],"damage_healed":0.0,"max_hp_gain":0.0,"max_hp_loss":0.0,"gold_gain":0.0,"event_name":"Golden Wing","player_choice":"Card Removal","floor":6.0,"gold_loss":0.0,"damage_taken":7.0},{"damage_healed":0.0,"max_hp_gain":0.0,"max_hp_loss":0.0,"gold_gain":270.0,"event_name":"Knowing Skull","player_choice":"GOLD GOLD GOLD ","floor":19.0,"potions_obtained":[],"gold_loss":0.0,"damage_taken":24.0,"cards_obtained":[]},{"damage_healed":0.0,"max_hp_gain":0.0,"max_hp_loss":0.0,"gold_gain":0.0,"event_name":"WeMeetAgain","player_choice":"Paid Gold","floor":28.0,"gold_loss":76.0,"damage_taken":0.0,"relics_obtained":["Letter Opener"]},{"damage_healed":0.0,"max_hp_gain":0.0,"max_hp_loss":0.0,"gold_gain":0.0,"event_name":"Tomb of Lord Red Mask","player_choice":"Paid","floor":37.0,"gold_loss":157.0,"damage_taken":0.0,"relics_obtained":["Red Mask"]},{"damage_healed":0.0,"max_hp_gain":0.0,"max_hp_loss":0.0,"gold_gain":275.0,"event_name":"Golden Shrine","player_choice":"Desecrate","floor":39.0,"gold_loss":0.0,"damage_taken":0.0,"cards_obtained":["Regret"]}],"is_beta":false,"boss_relics":[{"not_picked":["Coffee Dripper","Snecko Eye"],"picked":"Orrery"},{"not_picked":["Calling Bell","Velvet Choker"],"picked":"Lizard Tail"}],"items_purged_floors":[5,21,29,41],"is_endless":false,"potions_floor_spawned":[2,4,7,13,16,18,20,31,35,46,48],"ascension_level":14}