{"gold_per_floor":[115,126,137,147,159,191,191,156,156,190,190,190,202,0,0,77,77,87,5,5,5,15,49,49,249,331,331,49,49,63,63,63,134,134,145,45,62,62,62,62,162,162,162,162,162,192,204,0,0,0],"floor_reached":51,"playtime":2034,"items_purged":["Defend_R","Defend_R"],"score":1211,"play_id":"68611a85-fed9-4af9-858e-aa9aa154d6b4","local_time":"20190321005005","is_ascension_mode":true,"campfire_choices":[{"data":"Inflame","floor":7,"key":"SMITH"},{"data":"Limit Break","floor":12,"key":"SMITH"},{"data":"Metallicize","floor":15,"key":"SMITH"},{"data":"Trip","floor":24,"key":"SMITH"},{"data":"Body Slam","floor":27,"key":"SMITH"},{"data":"Disarm","floor":29,"key":"SMITH"},{"data":"Thunderclap","floor":32,"key":"SMITH"},{"data":"Double Tap","floor":40,"key":"SMITH"},{"data":"Bash","floor":44,"key":"SMITH"},{"data":"Battle Trance","floor":49,"key":"SMITH"}],"neow_cost":"NONE","seed_source_timestamp":616648695318162,"circlet_count":0,"master_deck":["AscendersBane","Strike_R","Strike_R","Strike_R","Strike_R","Defend_R","Bash+1","Pommel Strike","Limit Break+1","Inflame+1","Metallicize+1","Body Slam+1","Headbutt","Reaper","Thunderclap+1","Cleave","Disarm+1","Cleave+1","Trip+1","Sever Soul","Reaper","Inflame+1","Headbutt+1","Double Tap+1","Clothesline+1","Sword Boomerang+1","Flash of Steel+1","Decay","Battle Trance+1"],"relics":["Burning Blood","Orichalcum","Prayer Wheel","Ice Cream","Mummified Hand","Chemical X","Orrery","Pocketwatch","Molten Egg 2","DollysMirror","Cursed Key","Dead Branch","Pantograph","Happy Flower","Red Mask"],"potions_floor_usage":[5,16,18,18,23,50,50],"damage_taken":[{"damage":7,"enemies":"Jaw Worm","floor":1,"turns":5},{"damage":0,"enemies":"Small Slimes","floor":2,"turns":3},{"damage":0,"enemies":"Cultist","floor":3,"turns":3},{"damage":6,"enemies":"Looter","floor":4,"turns":3},{"damage":16,"enemies":"Exordium Thugs","floor":5,"turns":4},{"damage":28,"enemies":"Lagavulin","floor":6,"turns":6},{"damage":2,"enemies":"Gremlin Nob","floor":10,"turns":3},{"damage":3,"enemies":"Blue Slaver","floor":13,"turns":3},{"damage":28,"enemies":"Hexaghost","floor":16,"turns":7},{"damage":6,"enemies":"3 Byrds","floor":18,"turns":2},{"damage":6,"enemies":"Chosen","floor":22,"turns":4},{"damage":49,"enemies":"Slavers","floor":23,"turns":5},{"damage":10,"enemies":"Snecko","floor":30,"turns":4},{"damage":65,"enemies":"Collector","floor":33,"turns":7},{"damage":10,"enemies":"Orb Walker","floor":35,"turns":3},{"damage":28,"enemies":"3 Shapes","floor":37,"turns":3},{"damage":8,"enemies":"Mind Bloom Boss Battle","floor":41,"turns":4},{"damage":23,"enemies":"Giant Head","floor":46,"turns":5},{"damage":10,"enemies":"Maw","floor":47,"turns":4},{"damage":45,"enemies":"Awakened One","floor":50,"turns":6}],"seed_played":"159208997486814394","potions_obtained":[{"floor":3,"key":"Explosive Potion"},{"floor":10,"key":"Explosive Potion"},{"floor":13,"key":"GamblersBrew"},{"floor":16,"key":"LiquidBronze"},{"floor":22,"key":"Energy Potion"},{"floor":30,"key":"Ancient Potion"},{"floor":41,"key":"FairyPotion"},{"floor":47,"key":"Energy Potion"}],"is_trial":false,"path_per_floor":["M","M","M","M","M","E","R","?","T","E","?","R","M","$","R","B",null,"M","$","$","?","M","E","R","?","T","R","$","R","M","?","R","B",null,"M","$","M","?","?","R","?","?","T","R","?","E","M","?","R","B",null],"character_chosen":"IRONCLAD","items_purchased":["Chemical X","Trip","DollysMirror"],"campfire_rested":0,"item_purchase_floors":[14,19,28],"current_hp_per_floor":[67,73,75,75,65,43,43,61,61,65,65,65,68,68,68,46,68,68,68,68,68,75,47,47,47,47,47,47,47,68,68,68,52,69,75,75,68,68,68,68,75,65,65,65,65,70,71,71,71,71],"gold":0,"neow_bonus":"RANDOM_COMMON_RELIC","is_prod":false,"is_daily":false,"chose_seed":false,"campfire_upgraded":10,"win_rate":0,"timestamp":1553097005,"path_taken":["M","M","M","M","M","E","R","?","T","E","?","R","M","$","R","BOSS","M","?","$","?","?","E","R","?","T","R","?","R","M","?","R","BOSS","M","$","M","?","?","R","?","?","T","R","?","E","?","?","R","BOSS"],"build_version":"2019-01-23","purchased_purges":2,"victory":true,"max_hp_per_floor":[75,75,75,75,75,75,75,75,75,75,75,75,75,75,75,75,75,75,75,75,75,75,75,75,75,75,75,75,75,75,75,75,75,75,75,75,75,75,75,75,75,75,75,75,71,71,71,71,71,71],"card_choices":[{"not_picked":["Wild Strike","Heavy Blade"],"picked":"Perfected Strike","floor":1},{"not_picked":["Searing Blow","Clash","Body Slam"],"picked":"SKIP","floor":2},{"not_picked":["Headbutt","Warcry"],"picked":"Pommel Strike","floor":3},{"not_picked":["Iron Wave","Anger"],"picked":"Limit Break","floor":4},{"not_picked":["Pummel","Rage"],"picked":"Inflame","floor":5},{"not_picked":["Havoc","Wild Strike","Clothesline"],"picked":"SKIP","floor":6},{"not_picked":["Evolve","Flex"],"picked":"Metallicize","floor":10},{"not_picked":["Clothesline","Sword Boomerang"],"picked":"Headbutt","floor":13},{"not_picked":["Perfected Strike","True Grit","Armaments"],"picked":"SKIP","floor":13},{"not_picked":["Offering","Impervious"],"picked":"Reaper","floor":16},{"not_picked":["True Grit","Clothesline"],"picked":"Thunderclap","floor":17},{"not_picked":["Shrug It Off","Sword Boomerang"],"picked":"Cleave","floor":17},{"not_picked":["Twin Strike","Warcry"],"picked":"Disarm","floor":18},{"not_picked":["Blood for Blood","Feel No Pain"],"picked":"Cleave+1","floor":18},{"not_picked":["Feel No Pain","Thunderclap","Warcry"],"picked":"SKIP","floor":22},{"not_picked":["Shrug It Off","Burning Pact","Heavy Blade"],"picked":"SKIP","floor":22},{"not_picked":["Exhume","Clothesline"],"picked":"Reaper","floor":23},{"not_picked":["Thunderclap+1","Iron Wave+1"],"picked":"Headbutt+1","floor":30},{"not_picked":["Body Slam+1","True Grit","Clash+1"],"picked":"SKIP","floor":30},{"not_picked":["Exhume","Reaper+1"],"picked":"Double Tap","floor":33},{"not_picked":["Headbutt+1","Flex"],"picked":"Clothesline+1","floor":35},{"not_picked":["Blood for Blood+1","Thunderclap+1","Havoc"],"picked":"SKIP","floor":35},{"not_picked":["Pommel Strike+1","Flex"],"picked":"Sword Boomerang+1","floor":37},{"not_picked":["Body Slam+1","Warcry","Flex"],"picked":"SKIP","floor":37},{"not_picked":["Blind","Jack Of All Trades"],"picked":"Flash of Steel+1","floor":42},{"not_picked":["Bloodletting","Rage+1","Entrench"],"picked":"SKIP","floor":46},{"not_picked":["Bloodletting","Rage+1","Entrench"],"picked":"SKIP","floor":46},{"not_picked":["True Grit","Headbutt+1"],"picked":"Battle Trance","floor":47},{"not_picked":["Sword Boomerang+1","Seeing Red+1","Inflame"],"picked":"SKIP","floor":47}],"player_experience":1041267,"relics_obtained":[{"floor":6,"key":"Prayer Wheel"},{"floor":9,"key":"Ice Cream"},{"floor":10,"key":"Mummified Hand"},{"floor":23,"key":"Pocketwatch"},{"floor":26,"key":"Molten Egg 2"},{"floor":41,"key":"Dead Branch"},{"floor":43,"key":"Pantograph"},{"floor":46,"key":"Happy Flower"}],"event_choices":[{"damage_healed":18,"gold_gain":0,"player_choice":"Healed","damage_taken":0,"max_hp_gain":0,"max_hp_loss":0,"event_name":"The Cleric","floor":8,"gold_loss":35},{"damage_healed":0,"gold_gain":0,"cards_transformed":["Strike_R"],"player_choice":"Transformed","damage_taken":0,"max_hp_gain":0,"max_hp_loss":0,"event_name":"Transmorgrifier","floor":11,"gold_loss":0,"cards_obtained":["Body Slam"]},{"damage_healed":0,"gold_gain":0,"cards_transformed":["Perfected Strike"],"player_choice":"Transformed","damage_taken":0,"max_hp_gain":0,"max_hp_loss":0,"event_name":"Transmorgrifier","floor":21,"gold_loss":0,"cards_obtained":["Sever Soul"]},{"damage_healed":0,"gold_gain":200,"player_choice":"Gold","damage_taken":0,"max_hp_gain":0,"max_hp_loss":0,"event_name":"Wheel of Change","floor":25,"gold_loss":0},{"damage_healed":0,"gold_gain":0,"player_choice":"Ignored","damage_taken":0,"max_hp_gain":0,"max_hp_loss":0,"event_name":"Ghosts","floor":31,"gold_loss":0},{"damage_healed":0,"gold_gain":0,"player_choice":"Ignored","damage_taken":0,"max_hp_gain":0,"max_hp_loss":0,"event_name":"Mysterious Sphere","floor":38,"gold_loss":0},{"cards_removed":["Defend_R"],"damage_healed":0,"gold_gain":0,"player_choice":"Removed Skill","damage_taken":0,"max_hp_gain":0,"max_hp_loss":0,"event_name":"Falling","floor":39,"gold_loss":0},{"damage_healed":0,"gold_gain":0,"player_choice":"Fight","damage_taken":0,"max_hp_gain":0,"max_hp_loss":0,"event_name":"MindBloom","floor":41,"gold_loss":0},{"damage_healed":0,"gold_gain":0,"player_choice":"Memory 3","damage_taken":10,"max_hp_gain":0,"max_hp_loss":0,"event_name":"SensoryStone","floor":42,"gold_loss":0},{"damage_healed":0,"gold_gain":0,"player_choice":"Max HP","damage_taken":0,"max_hp_gain":0,"max_hp_loss":4,"event_name":"Winding Halls","floor":45,"gold_loss":0},{"damage_healed":0,"gold_gain":0,"player_choice":"Paid","damage_taken":0,"relics_obtained":["Red Mask"],"max_hp_gain":0,"max_hp_loss":0,"event_name":"Tomb of Lord Red Mask","floor":48,"gold_loss":204}],"is_beta":false,"boss_relics":[{"not_picked":["Lizard Tail","Empty Cage"],"picked":"Orrery"},{"not_picked":["Mark of Pain","Snecko Eye"],"picked":"Cursed Key"}],"items_purged_floors":[28,36],"is_endless":false,"potions_floor_spawned":[3,10,13,16,22,30,41,47],"ascension_level":15}