{"gold_per_floor":[109,126,2,21,21,46,46,46,71,71,71,100,112,149,161,248,260,283,295,357,340,365,405,417,463,475,516,542,554,599,683,695,784,796,825,837,849,877,818,863,875,920,932,976,988,1017,1059,82,82,82,82,82,82,39,71,71],"floor_reached":57,"playtime":5451,"items_purged":["Normality"],"score":2974,"play_id":"0a82d17f-8e7a-4ee2-9f8b-9eae3b32e5a4","local_time":"20190704222017","is_ascension_mode":true,"campfire_choices":[{"floor":8.0,"key":"REST"},{"floor":10.0,"key":"REST"},{"floor":15.0,"key":"REST"},{"floor":24.0,"key":"REST"},{"data":"Well Laid Plans","floor":32.0,"key":"SMITH"},{"data":"Ghostly","floor":41.0,"key":"SMITH"},{"floor":45.0,"key":"RECALL"},{"data":"Ghostly","floor":49,"key":"SMITH"},{"data":"Noxious Fumes","floor":53,"key":"SMITH"}],"neow_cost":"NONE","seed_source_timestamp":0,"circlet_count":0,"master_deck":["AscendersBane","Strike_G","Strike_G","Strike_G+1","Strike_G","Defend_G","Defend_G","Defend_G+1","Defend_G","Defend_G","Survivor","Neutralize","Noxious Fumes+1","Bane","Bandage Up","Acrobatics+1","Malaise","Glass Knife","Regret","Flying Knee+1","Backflip","Malaise","Dagger Throw","Ghostly+1","Ghostly+1","Ghostly","Dagger Throw","Acrobatics","Well Laid Plans+1","Clumsy","Die Die Die","Underhanded Strike","Cloak And Dagger","Decay","A Thousand Cuts+1","Acrobatics","Finesse","Finesse","Dramatic Entrance","Well Laid Plans+1","Dash+1","Cloak And Dagger+1","Cloak And Dagger","Reflex","Burst","Reflex","Footwork+1","Tactician"],"special_seed":0,"relics":["Cursed Key","War Paint","Blood Vial","MawBank","Du-Vu Doll","Black Star","Orichalcum","Meat on the Bone","Gremlin Horn","Tough Bandages","Letter Opener","Whetstone","Pear","Incense Burner","Regal Pillow","Frozen Egg 2","Coffee Dripper","Ginger","Question Card","Dodecahedron","Ninja Scroll","Pocketwatch","Boot","Potion Belt","Dream Catcher","Mango","Toy Ornithopter","Pen Nib","Sundial","Pantograph","Ice Cream"],"potions_floor_usage":[56,56],"damage_taken":[{"damage":16.0,"enemies":"Jaw Worm","floor":1.0,"turns":6.0},{"damage":1.0,"enemies":"Small Slimes","floor":2.0,"turns":4.0},{"damage":0.0,"enemies":"Cultist","floor":4.0,"turns":3.0},{"damage":40.0,"enemies":"3 Sentries","floor":6.0,"turns":10.0},{"damage":0.0,"enemies":"Exordium Thugs","floor":11.0,"turns":1.0},{"damage":0.0,"enemies":"Lagavulin","floor":12.0,"turns":7.0},{"damage":62.0,"enemies":"Gremlin Nob","floor":14.0,"turns":5.0},{"damage":26.0,"enemies":"The Guardian","floor":16.0,"turns":13.0},{"damage":11.0,"enemies":"Spheric Guardian","floor":18.0,"turns":6.0},{"damage":5.0,"enemies":"2 Thieves","floor":21.0,"turns":4.0},{"damage":12.0,"enemies":"Sentry and Sphere","floor":22.0,"turns":8.0},{"damage":24.0,"enemies":"Slavers","floor":23.0,"turns":9.0},{"damage":9.0,"enemies":"Gremlin Leader","floor":25.0,"turns":10.0},{"damage":12.0,"enemies":"Slavers","floor":27.0,"turns":7.0},{"damage":0.0,"enemies":"Snake Plant","floor":28.0,"turns":6.0},{"damage":8.0,"enemies":"Gremlin Leader","floor":30.0,"turns":6.0},{"damage":35.0,"enemies":"Champ","floor":33.0,"turns":14.0},{"damage":18.0,"enemies":"Orb Walker","floor":35.0,"turns":5.0},{"damage":0.0,"enemies":"3 Shapes","floor":38.0,"turns":1.0},{"damage":22.0,"enemies":"Reptomancer","floor":40.0,"turns":5.0},{"damage":22.0,"enemies":"Nemesis","floor":42.0,"turns":11.0},{"damage":22.0,"enemies":"Giant Head","floor":44.0,"turns":7.0},{"damage":3.0,"enemies":"Maw","floor":46.0,"turns":6.0},{"damage":8,"enemies":"Nemesis","floor":47,"turns":7},{"damage":23,"enemies":"Awakened One","floor":50,"turns":21},{"damage":8,"enemies":"Time Eater","floor":51,"turns":14},{"damage":7,"enemies":"Shield and Spear","floor":55,"turns":8},{"damage":95,"enemies":"The Heart","floor":56,"turns":12}],"seed_played":"908556972219016","potions_obtained":[{"floor":1.0,"key":"EssenceOfSteel"},{"floor":4.0,"key":"SmokeBomb"},{"floor":12.0,"key":"FairyPotion"},{"floor":14.0,"key":"GhostInAJar"},{"floor":23.0,"key":"SkillPotion"},{"floor":25.0,"key":"Fire Potion"},{"floor":28.0,"key":"Strength Potion"},{"floor":30.0,"key":"Regen Potion"},{"floor":38.0,"key":"SpeedPotion"},{"floor":47,"key":"FairyPotion"}],"is_trial":false,"path_per_floor":["M","M","$","M","?","E","$","R","T","R","M","E","?","E","R","B",null,"M","?","?","M","M","E","R","E","T","E","M","$","E","T","R","B",null,"M","?","?","M","?","E","R","E","T","E","R","M","E","$","R","B","B",null,"R","$","E","B",null],"character_chosen":"THE_SILENT","items_purchased":["Bandage Up","Acrobatics","Toy Ornithopter","Pen Nib","Sundial","Reflex","PowerPotion","Swift Potion","FearPotion","Footwork+1"],"campfire_rested":4,"item_purchase_floors":[3,3,48,48,48,48,48,48,48,54],"current_hp_per_floor":[43,42,42,46,39,3,3,22,22,41,43,49,49,6,25,5,51,46,33,33,28,22,4,13,22,22,38,43,43,39,39,39,22,38,22,12,12,26,26,23,23,19,19,15,15,30,42,42,42,37,35,52,52,52,51,13],"gold":71,"neow_bonus":"BOSS_RELIC","is_prod":false,"is_daily":false,"chose_seed":false,"campfire_upgraded":4,"win_rate":0,"timestamp":1562293217,"path_taken":["M","M","$","M","?","E","$","R","T","R","M","E","?","E","R","BOSS","M","?","?","M","M","E","R","E","T","E","?","$","E","?","R","BOSS","M","?","?","M","?","E","R","E","T","E","R","?","E","$","R","BOSS","BOSS","R","$","E","BOSS"],"build_version":"2019-06-30","purchased_purges":1,"victory":true,"max_hp_per_floor":[66,66,66,66,66,66,66,66,66,66,66,66,66,66,66,66,66,66,33,33,33,33,33,33,33,33,43,43,43,43,43,43,43,43,43,43,43,43,43,43,43,43,43,43,43,43,57,57,57,57,57,57,57,57,57,57],"card_choices":[{"not_picked":["Outmaneuver","Caltrops"],"picked":"Noxious Fumes","floor":1.0},{"not_picked":["Acrobatics","Flying Knee"],"picked":"Bane","floor":2.0},{"not_picked":["Dodge and Roll","Backflip"],"picked":"Malaise","floor":4.0},{"not_picked":["Skewer","Quick Slash"],"picked":"Glass Knife","floor":6.0},{"not_picked":["PiercingWail","Flechettes"],"picked":"Flying Knee","floor":12.0},{"not_picked":["Night Terror","Bane"],"picked":"Backflip","floor":14.0},{"not_picked":["Night Terror","A Thousand Cuts"],"picked":"Malaise","floor":16.0},{"not_picked":["Flying Knee","Outmaneuver"],"picked":"Dagger Throw","floor":18.0},{"not_picked":["Deflect","Deadly Poison"],"picked":"Poisoned Stab","floor":21.0},{"not_picked":["Bane","Deadly Poison+1"],"picked":"Dagger Throw","floor":22.0},{"not_picked":["Blur","Dodge and Roll"],"picked":"Acrobatics","floor":23.0},{"not_picked":["Reflex","Slice"],"picked":"Well Laid Plans","floor":25.0},{"not_picked":["Choke","Deflect"],"picked":"Die Die Die","floor":27.0},{"not_picked":["Slice","Dagger Spray"],"picked":"Underhanded Strike","floor":28.0},{"not_picked":["Finisher","Poisoned Stab"],"picked":"Cloak And Dagger","floor":30.0},{"not_picked":["Venomology","Night Terror"],"picked":"A Thousand Cuts+1","floor":33.0},{"not_picked":["Poisoned Stab","Dagger Spray"],"picked":"Acrobatics","floor":35.0},{"not_picked":["Master of Strategy","Mayhem+1"],"picked":"Finesse","floor":36.0},{"not_picked":["Blind","Impatience"],"picked":"Finesse","floor":36.0},{"not_picked":["The Bomb","HandOfGreed"],"picked":"Dramatic Entrance","floor":36.0},{"not_picked":["Quick Slash","Setup"],"picked":"Well Laid Plans+1","floor":38.0},{"not_picked":["Distraction+1","Deadly Poison+1"],"picked":"Dash+1","floor":40.0},{"not_picked":["PiercingWail","Distraction","Dagger Spray"],"picked":"Cloak And Dagger+1","floor":42.0},{"not_picked":["Dodge and Roll","Underhanded Strike+1","Deadly Poison"],"picked":"Cloak And Dagger","floor":44.0},{"not_picked":["Outmaneuver","Poisoned Stab","Expertise"],"picked":"Reflex","floor":46.0},{"not_picked":["Flechettes+1","Poisoned Stab","Backflip"],"picked":"Burst","floor":47},{"not_picked":["Flying Knee","Accuracy+1","Deflect"],"picked":"Tactician","floor":55}],"player_experience":3138642,"relics_obtained":[{"floor":6.0,"key":"War Paint"},{"floor":9.0,"key":"Blood Vial"},{"floor":12.0,"key":"MawBank"},{"floor":14.0,"key":"Du-Vu Doll"},{"floor":23.0,"key":"Orichalcum"},{"floor":23.0,"key":"Meat on the Bone"},{"floor":25.0,"key":"Gremlin Horn"},{"floor":25.0,"key":"Tough Bandages"},{"floor":26.0,"key":"Letter Opener"},{"floor":27.0,"key":"Whetstone"},{"floor":27.0,"key":"Pear"},{"floor":30.0,"key":"Incense Burner"},{"floor":30.0,"key":"Regal Pillow"},{"floor":31.0,"key":"Frozen Egg 2"},{"floor":40.0,"key":"Question Card"},{"floor":40.0,"key":"Dodecahedron"},{"floor":42.0,"key":"Ninja Scroll"},{"floor":42.0,"key":"Pocketwatch"},{"floor":44.0,"key":"Boot"},{"floor":44.0,"key":"Potion Belt"},{"floor":47,"key":"Dream Catcher"},{"floor":47,"key":"Mango"},{"floor":55,"key":"Pantograph"},{"floor":55,"key":"Ice Cream"}],"event_choices":[{"cards_removed":["Strike_G"],"damage_healed":0.0,"max_hp_gain":0.0,"max_hp_loss":0.0,"gold_gain":0.0,"event_name":"Golden Wing","player_choice":"Card Removal","floor":5.0,"gold_loss":0.0,"damage_taken":7.0},{"damage_healed":0.0,"max_hp_gain":0.0,"max_hp_loss":0.0,"gold_gain":0.0,"event_name":"Liars Game","player_choice":"Ignored","floor":13.0,"gold_loss":0.0,"damage_taken":0.0},{"damage_healed":0.0,"max_hp_gain":0.0,"max_hp_loss":33.0,"gold_gain":0.0,"event_name":"Ghosts","player_choice":"Became a Ghost","floor":19.0,"gold_loss":0.0,"damage_taken":0.0,"cards_obtained":["Ghostly","Ghostly","Ghostly"]},{"damage_healed":0.0,"max_hp_gain":0.0,"max_hp_loss":0.0,"gold_gain":100.0,"event_name":"The Joust","player_choice":"Bet on Murderer","floor":20.0,"gold_loss":50.0,"damage_taken":0.0},{"damage_healed":0.0,"max_hp_gain":0.0,"max_hp_loss":0.0,"gold_gain":0.0,"event_name":"SensoryStone","player_choice":"Memory 3","floor":36.0,"gold_loss":0.0,"damage_taken":10.0},{"cards_removed":["Poisoned Stab"],"damage_healed":0.0,"max_hp_gain":0.0,"max_hp_loss":0.0,"gold_gain":0.0,"event_name":"Falling","player_choice":"Removed Attack","floor":37.0,"gold_loss":0.0,"damage_taken":0.0},{"damage_healed":0.0,"max_hp_gain":0.0,"max_hp_loss":0.0,"gold_gain":0.0,"event_name":"WeMeetAgain","player_choice":"Paid Gold","floor":39.0,"gold_loss":71.0,"damage_taken":0.0,"relics_obtained":["Ginger"]}],"is_beta":true,"boss_relics":[{"not_picked":["Eternal Feather","Busted Crown"],"picked":"Black Star"},{"not_picked":["Snecko Eye","Empty Cage"],"picked":"Coffee Dripper"}],"items_purged_floors":[48],"is_endless":false,"potions_floor_spawned":[1,4,12,14,16,23,25,28,30,38,47],"ascension_level":20}