{"gold_per_floor":[112,112,112,137,155,155,155,174,246,246,346,346,379,410,422,434],"floor_reached":16,"playtime":683,"items_purged":[],"score":105,"play_id":"b198558a-86f8-4e39-916b-e00f606ce6dd","local_time":"20190119090410","is_ascension_mode":true,"campfire_choices":[{"floor":6,"key":"REST"},{"data":"Heatsinks","floor":12,"key":"SMITH"},{"floor":15,"key":"REST"}],"neow_cost":"PERCENT_DAMAGE","seed_source_timestamp":381924084456583,"circlet_count":0,"master_deck":["Strike_B","Strike_B","Strike_B","Strike_B","Defend_B","Defend_B","Defend_B","Defend_B","Zap","Dualcast","Heatsinks+1","Amplify","Gash"],"relics":["Cracked Core","FossilizedHelix","Juzu Bracelet","Golden Idol","Dream Catcher","Bottled Tornado","MawBank"],"potions_floor_usage":[8,13,16],"damage_taken":[{"damage":0,"enemies":"2 Louse","floor":1,"turns":3},{"damage":0,"enemies":"Jaw Worm","floor":4,"turns":3},{"damage":0,"enemies":"Small Slimes","floor":5,"turns":3},{"damage":0,"enemies":"2 Fungi Beasts","floor":8,"turns":2},{"damage":25,"enemies":"3 Sentries","floor":13,"turns":7},{"damage":8,"enemies":"Red Slaver","floor":14,"turns":4},{"damage":46,"enemies":"Hexaghost","floor":16,"turns":9}],"seed_played":"-5753628404820029516","potions_obtained":[{"floor":4,"key":"Explosive Potion"},{"floor":8,"key":"PowerPotion"},{"floor":14,"key":"Block Potion"}],"is_trial":false,"path_per_floor":["M","?","?","M","M","R","?","M","T","?","?","R","E","M","R","B"],"character_chosen":"DEFECT","items_purchased":[],"campfire_rested":2,"item_purchase_floors":[],"current_hp_per_floor":[54,51,33,33,33,55,55,55,55,55,55,55,30,22,44,0],"gold":434,"neow_bonus":"ONE_RARE_RELIC","is_prod":false,"is_daily":false,"chose_seed":false,"campfire_upgraded":1,"win_rate":0,"timestamp":1547910250,"path_taken":["M","?","?","M","M","R","?","M","T","?","?","R","E","M","R","BOSS"],"build_version":"2019-01-17v2","purchased_purges":0,"victory":false,"max_hp_per_floor":[75,75,75,75,75,75,75,75,75,75,75,75,75,75,75,75],"card_choices":[{"not_picked":["Ball Lightning","Recycle","Leap"],"picked":"SKIP","floor":1},{"not_picked":["Hello World","Hologram","Darkness"],"picked":"SKIP","floor":4},{"not_picked":["Go for the Eyes","Coolheaded"],"picked":"Heatsinks","floor":5},{"not_picked":["Conserve Battery","Beam Cell","Sweeping Beam"],"picked":"SKIP","floor":8},{"not_picked":["Thunder Strike","Blizzard"],"picked":"Amplify","floor":13},{"not_picked":["Streamline","Redo","Force Field"],"picked":"SKIP","floor":14},{"not_picked":["Glacier","Leap"],"picked":"Gash","floor":15}],"player_experience":321814,"relics_obtained":[{"floor":9,"key":"Bottled Tornado"},{"floor":13,"key":"MawBank"}],"event_choices":[{"damage_healed":0,"gold_gain":0,"player_choice":"Success","damage_taken":3,"relics_obtained":["Juzu Bracelet"],"max_hp_gain":0,"max_hp_loss":0,"event_name":"Scrap Ooze","floor":2,"gold_loss":0},{"damage_healed":0,"gold_gain":0,"player_choice":"Take Damage","damage_taken":18,"relics_obtained":["Golden Idol"],"max_hp_gain":0,"max_hp_loss":0,"event_name":"Golden Idol","floor":3,"gold_loss":0},{"damage_healed":0,"gold_gain":0,"player_choice":"Searched \u00271\u0027 times","damage_taken":0,"relics_obtained":["Dream Catcher"],"max_hp_gain":0,"max_hp_loss":0,"event_name":"Dead Adventurer","floor":7,"gold_loss":0},{"damage_healed":0,"gold_gain":0,"player_choice":"Ignored","damage_taken":0,"max_hp_gain":0,"max_hp_loss":0,"event_name":"Shining Light","floor":10,"gold_loss":0},{"damage_healed":0,"gold_gain":100,"player_choice":"Pray","damage_taken":0,"max_hp_gain":0,"max_hp_loss":0,"event_name":"Golden Shrine","floor":11,"gold_loss":0}],"is_beta":false,"boss_relics":[],"items_purged_floors":[],"is_endless":false,"potions_floor_spawned":[4,8,14],"killed_by":"Hexaghost","ascension_level":1}