{"gold_per_floor":[112,67,87,101,101,132,132,151,151,151,186,186,198,213,213,317,317,334,334,334],"floor_reached":20,"playtime":1307,"items_purged":[],"score":230,"play_id":"61ed2bab-4775-4a99-a4f0-bb446bc39cec","local_time":"20190220164934","is_ascension_mode":true,"campfire_choices":[{"floor":7,"key":"REST"},{"floor":15,"key":"REST"}],"neow_cost":"NONE","seed_source_timestamp":78431137705892,"circlet_count":0,"master_deck":["Strike_B","Strike_B","Defend_B","Defend_B","Defend_B","Defend_B","Zap","Dualcast","Gash","Gash","Chill","Seek","Self Repair+1"],"relics":["Cracked Core","NeowsBlessing","Pear","Blue Candle","Dodecahedron","Question Card","Lizard Tail"],"potions_floor_usage":[14,16,16,20],"damage_taken":[{"damage":0,"enemies":"Cultist","floor":1,"turns":1},{"damage":0,"enemies":"Jaw Worm","floor":3,"turns":1},{"damage":0,"enemies":"2 Louse","floor":4,"turns":1},{"damage":45,"enemies":"3 Sentries","floor":6,"turns":11},{"damage":0,"enemies":"Large Slime","floor":8,"turns":5},{"damage":30,"enemies":"Gremlin Nob","floor":11,"turns":4},{"damage":1,"enemies":"2 Fungi Beasts","floor":13,"turns":4},{"damage":13,"enemies":"Exordium Thugs","floor":14,"turns":3},{"damage":52,"enemies":"Slime Boss","floor":16,"turns":11},{"damage":31,"enemies":"3 Byrds","floor":18,"turns":6},{"damage":115,"enemies":"Masked Bandits","floor":20,"turns":6}],"seed_played":"7479288772811051487","potions_obtained":[{"floor":4,"key":"Ancient Potion"},{"floor":11,"key":"AttackPotion"},{"floor":13,"key":"Ancient Potion"},{"floor":14,"key":"GamblersBrew"},{"floor":16,"key":"FairyPotion"}],"is_trial":false,"path_per_floor":["M","$","M","M","?","E","R","M","T","T","E","?","M","M","R","B",null,"M","?","?"],"character_chosen":"DEFECT","items_purchased":["Gash"],"campfire_rested":2,"item_purchase_floors":[2],"current_hp_per_floor":[75,75,75,75,75,40,65,65,65,65,35,63,62,49,74,22,69,38,38,0],"gold":334,"neow_bonus":"THREE_ENEMY_KILL","is_prod":false,"is_daily":false,"chose_seed":false,"campfire_upgraded":0,"win_rate":0,"timestamp":1550702974,"path_taken":["M","$","?","?","?","E","R","?","T","?","E","?","M","M","R","BOSS","M","?","?"],"build_version":"2019-01-23","purchased_purges":0,"victory":false,"max_hp_per_floor":[75,75,75,75,75,85,85,85,85,85,85,85,85,85,85,85,85,85,85,85],"card_choices":[{"not_picked":["Barrage","Storm","Compile Driver"],"picked":"SKIP","floor":1},{"not_picked":["White Noise","Steam","Coolheaded"],"picked":"SKIP","floor":3},{"not_picked":["Rebound","Doom and Gloom","Stack"],"picked":"SKIP","floor":4},{"not_picked":["Streamline","Buffer","Melter"],"picked":"SKIP","floor":6},{"not_picked":["Darkness","Redo","Beam Cell"],"picked":"SKIP","floor":8},{"not_picked":["Ball Lightning","Leap","Capacitor"],"picked":"SKIP","floor":11},{"not_picked":["Beam Cell","Sweeping Beam","Hologram"],"picked":"Gash","floor":13},{"not_picked":["White Noise","Leap","Force Field"],"picked":"Chill","floor":14},{"not_picked":["Rainbow","Fission","Core Surge"],"picked":"Seek","floor":16},{"not_picked":["Redo","White Noise","Coolheaded"],"picked":"Self Repair+1","floor":18}],"player_experience":421529,"relics_obtained":[{"floor":6,"key":"Pear"},{"floor":9,"key":"Blue Candle"},{"floor":10,"key":"Dodecahedron"},{"floor":11,"key":"Question Card"}],"event_choices":[{"cards_removed":["Strike_B"],"damage_healed":0,"gold_gain":0,"player_choice":"Card Removal","damage_taken":0,"max_hp_gain":0,"max_hp_loss":0,"event_name":"Wheel of Change","floor":5,"gold_loss":0},{"damage_healed":28,"gold_gain":0,"player_choice":"Banana","damage_taken":0,"max_hp_gain":0,"max_hp_loss":0,"event_name":"Big Fish","floor":12,"gold_loss":0},{"cards_removed":["Strike_B"],"damage_healed":0,"gold_gain":0,"player_choice":"Elegance","damage_taken":0,"max_hp_gain":0,"max_hp_loss":0,"event_name":"Back to Basics","floor":19,"gold_loss":0},{"damage_healed":0,"gold_gain":0,"player_choice":"Fought Bandits","damage_taken":0,"max_hp_gain":0,"max_hp_loss":0,"event_name":"Masked Bandits","floor":20,"gold_loss":0}],"is_beta":false,"boss_relics":[{"not_picked":["Ectoplasm","Calling Bell"],"picked":"Lizard Tail"}],"items_purged_floors":[],"is_endless":false,"potions_floor_spawned":[4,11,13,14,16],"killed_by":"Masked Bandits","ascension_level":5}