{"gold_per_floor":[113,126,137,312,42,42,42,67,67,67,83,93,123,38,38,139,139,150,167,10,25,25,25],"floor_reached":23,"playtime":915,"items_purged":["Doubt"],"score":264,"play_id":"414003a9-5a74-4f08-aaf2-e39c5c11ad85","local_time":"20190503150304","is_ascension_mode":true,"campfire_choices":[{"data":"Cleave","floor":6,"key":"SMITH"},{"floor":10,"key":"REST"},{"floor":15,"key":"REST"}],"neow_cost":"CURSE","seed_source_timestamp":11499106006800,"circlet_count":0,"master_deck":["Strike_R+1","Strike_R","Strike_R","Strike_R","Strike_R","Defend_R+1","Defend_R","Defend_R","Defend_R","Bash","Writhe","Rampage","Body Slam","Cleave+1","Wild Strike","Battle Trance","Flex","Headbutt","Inflame","Shrug It Off","Juggernaut","Spot Weakness","Metallicize","Intimidate","Blood for Blood"],"relics":["Burning Blood","Pantograph","Gremlin Horn","Bottled Flame","Darkstone Periapt","Mark of Pain"],"potions_floor_usage":[8,18],"damage_taken":[{"damage":8,"enemies":"Jaw Worm","floor":1,"turns":4},{"damage":8,"enemies":"2 Louse","floor":2,"turns":3},{"damage":13,"enemies":"Small Slimes","floor":3,"turns":4},{"damage":48,"enemies":"Lagavulin","floor":8,"turns":7},{"damage":31,"enemies":"Exordium Wildlife","floor":11,"turns":4},{"damage":0,"enemies":"3 Louse","floor":12,"turns":2},{"damage":79,"enemies":"The Guardian","floor":16,"turns":16},{"damage":20,"enemies":"2 Thieves","floor":18,"turns":3},{"damage":28,"enemies":"Chosen","floor":19,"turns":5},{"damage":7,"enemies":"3 Cultists","floor":21,"turns":4},{"damage":45,"enemies":"Book of Stabbing","floor":23,"turns":4}],"seed_played":"-5692883602070095111","potions_obtained":[{"floor":2,"key":"Block Potion"},{"floor":16,"key":"Regen Potion"},{"floor":19,"key":"Energy Potion"}],"is_trial":false,"path_per_floor":["M","M","M","?","$","R","?","E","T","R","M","M","?","$","R","B",null,"M","M","$","M","?","E"],"character_chosen":"IRONCLAD","items_purchased":["Pantograph","Wild Strike","Inflame","Shrug It Off","Intimidate"],"campfire_rested":2,"item_purchase_floors":[5,5,14,14,20],"current_hp_per_floor":[94,92,85,85,85,85,66,24,24,52,27,33,33,33,61,13,75,66,44,44,43,43,0],"gold":25,"neow_bonus":"TWENTY_PERCENT_HP_BONUS","is_prod":false,"is_daily":false,"chose_seed":false,"campfire_upgraded":1,"win_rate":0,"timestamp":1556859784,"path_taken":["M","M","M","?","$","R","?","E","T","R","M","M","?","$","R","BOSS","M","M","$","M","?","E"],"build_version":"2019-01-23","purchased_purges":1,"victory":false,"max_hp_per_floor":[96,96,96,96,96,96,96,96,96,96,96,96,96,96,96,96,96,96,96,96,96,96,96],"card_choices":[{"not_picked":["Heavy Blade","Havoc"],"picked":"Rampage","floor":1},{"not_picked":["Sword Boomerang","Thunderclap"],"picked":"Body Slam","floor":2},{"not_picked":["Body Slam","Clash"],"picked":"Cleave","floor":3},{"not_picked":["Thunderclap","Havoc"],"picked":"Battle Trance","floor":8},{"not_picked":["Brutality","Anger"],"picked":"Flex","floor":11},{"not_picked":["Anger","Searing Blow"],"picked":"Headbutt","floor":12},{"not_picked":["Berserk","Exhume"],"picked":"Juggernaut","floor":16},{"not_picked":["Flex+1","Sentinel"],"picked":"Spot Weakness","floor":18},{"not_picked":["Clothesline","Carnage"],"picked":"Metallicize","floor":19},{"not_picked":["Combust+1","Second Wind+1"],"picked":"Blood for Blood","floor":21}],"player_experience":596480,"relics_obtained":[{"floor":8,"key":"Gremlin Horn"},{"floor":9,"key":"Bottled Flame"}],"event_choices":[{"damage_healed":0,"gold_gain":175,"player_choice":"AGREE","damage_taken":0,"max_hp_gain":0,"max_hp_loss":0,"event_name":"Liars Game","floor":4,"gold_loss":0,"cards_obtained":["Doubt"]},{"damage_healed":0,"gold_gain":0,"player_choice":"Entered Light","damage_taken":19,"max_hp_gain":0,"max_hp_loss":0,"event_name":"Shining Light","floor":7,"gold_loss":0,"cards_upgraded":["Strike_R","Defend_R"]},{"damage_healed":0,"gold_gain":30,"player_choice":"Searched \u00273\u0027 times","damage_taken":0,"relics_obtained":["Darkstone Periapt"],"max_hp_gain":0,"max_hp_loss":0,"event_name":"Dead Adventurer","floor":13,"gold_loss":0},{"damage_healed":0,"gold_gain":0,"player_choice":"Ignored","damage_taken":0,"max_hp_gain":0,"max_hp_loss":0,"event_name":"Ghosts","floor":22,"gold_loss":0}],"is_beta":false,"boss_relics":[{"not_picked":["Runic Dome","White Beast Statue"],"picked":"Mark of Pain"}],"items_purged_floors":[20],"is_endless":false,"potions_floor_spawned":[2,16,19],"killed_by":"Book of Stabbing","ascension_level":5}