{"gold_per_floor":[114,114,289,239,17,17,46,46,46,10,21,21,54,73,73,174,174,190,105,120,79,79,111,111],"floor_reached":24,"playtime":1187,"items_purged":["Strike_B"],"score":242,"play_id":"2f93399e-9a05-48d0-ad6b-581dae1b73af","local_time":"20190120121421","is_ascension_mode":true,"campfire_choices":[{"data":"Rainbow","floor":6,"key":"SMITH"},{"floor":8,"key":"REST"},{"data":"White Noise","floor":12,"key":"SMITH"},{"data":"Loop","floor":15,"key":"SMITH"}],"neow_cost":"NONE","seed_source_timestamp":479235099875336,"circlet_count":0,"master_deck":["Strike_B","Strike_B","Defend_B","Defend_B","Defend_B","Defend_B","Zap","Dualcast","Loop+1","Rainbow+1","White Noise+1","Sweeping Beam","Core Surge","Buffer","Capacitor","Writhe","Go for the Eyes+1"],"relics":["Cracked Core","Art of War","Cables","Thread and Needle","Lantern","Runic Pyramid","Pocketwatch","Anchor","Question Card"],"potions_floor_usage":[13,23],"damage_taken":[{"damage":0,"enemies":"Jaw Worm","floor":1,"turns":3},{"damage":15,"enemies":"Gremlin Nob","floor":7,"turns":4},{"damage":2,"enemies":"2 Louse","floor":11,"turns":3},{"damage":10,"enemies":"Lagavulin","floor":13,"turns":5},{"damage":0,"enemies":"Small Slimes","floor":14,"turns":2},{"damage":5,"enemies":"Slime Boss","floor":16,"turns":8},{"damage":4,"enemies":"Chosen","floor":18,"turns":4},{"damage":6,"enemies":"Shell Parasite","floor":20,"turns":3},{"damage":59,"enemies":"Slavers","floor":23,"turns":6},{"damage":23,"enemies":"Sentry and Sphere","floor":24,"turns":4}],"seed_played":"-8702154869031874476","potions_obtained":[{"floor":7,"key":"Regen Potion"},{"floor":13,"key":"Regen Potion"},{"floor":16,"key":"Explosive Potion"},{"floor":18,"key":"PowerPotion"},{"floor":20,"key":"Weak Potion"}],"is_trial":false,"path_per_floor":["M","?","?","?","$","R","E","R","T","$","M","R","E","M","R","B",null,"M","?","M","$","?","E","M"],"character_chosen":"DEFECT","items_purchased":["Rainbow","White Noise","Capacitor"],"campfire_rested":1,"item_purchase_floors":[5,10,21],"current_hp_per_floor":[75,68,68,68,68,68,53,75,75,75,73,73,68,68,68,63,75,71,71,65,65,65,18,0],"gold":111,"neow_bonus":"RANDOM_COMMON_RELIC","is_prod":false,"is_daily":false,"chose_seed":false,"campfire_upgraded":3,"win_rate":0,"timestamp":1548008061,"path_taken":["M","?","?","?","?","R","E","R","T","$","M","R","E","M","R","BOSS","M","?","M","$","?","E","M"],"build_version":"2019-01-17v2","purchased_purges":1,"victory":false,"max_hp_per_floor":[75,75,75,75,75,75,75,75,75,75,75,75,75,75,75,75,75,75,75,75,75,75,75,75],"card_choices":[{"not_picked":["Ball Lightning","Conserve Battery"],"picked":"Loop","floor":1},{"not_picked":["Static Discharge","Ball Lightning","Storm"],"picked":"SKIP","floor":7},{"not_picked":["Compile Driver","Steam Power"],"picked":"Sweeping Beam","floor":11},{"not_picked":["Streamline","Auto Shields"],"picked":"Core Surge","floor":13},{"not_picked":["Leap","Redo","Turbo"],"picked":"SKIP","floor":14},{"not_picked":["Amplify","Thunder Strike"],"picked":"Buffer","floor":16},{"not_picked":["Glacier","Cold Snap+1","Go for the Eyes"],"picked":"SKIP","floor":18},{"not_picked":["Hologram","Blizzard+1","Cold Snap"],"picked":"SKIP","floor":20},{"not_picked":["Leap","Barrage"],"picked":"Go for the Eyes+1","floor":23}],"player_experience":328809,"relics_obtained":[{"floor":7,"key":"Cables"},{"floor":9,"key":"Thread and Needle"},{"floor":13,"key":"Lantern"},{"floor":23,"key":"Question Card"}],"event_choices":[{"cards_removed":["Strike_B"],"damage_healed":0,"gold_gain":0,"player_choice":"Card Removal","damage_taken":7,"max_hp_gain":0,"max_hp_loss":0,"event_name":"Golden Wing","floor":2,"gold_loss":0},{"damage_healed":0,"gold_gain":175,"player_choice":"AGREE","damage_taken":0,"max_hp_gain":0,"max_hp_loss":0,"event_name":"Liars Game","floor":3,"gold_loss":0,"cards_obtained":["Doubt"]},{"cards_removed":["Doubt"],"damage_healed":0,"gold_gain":0,"player_choice":"Card Removal","damage_taken":0,"max_hp_gain":0,"max_hp_loss":0,"event_name":"The Cleric","floor":4,"gold_loss":50},{"damage_healed":0,"gold_gain":0,"player_choice":"Obtained Relic","damage_taken":0,"relics_obtained":["Pocketwatch"],"max_hp_gain":0,"max_hp_loss":0,"event_name":"Addict","floor":19,"gold_loss":85},{"damage_healed":0,"gold_gain":0,"player_choice":"Opened","damage_taken":0,"relics_obtained":["Anchor"],"max_hp_gain":0,"max_hp_loss":0,"event_name":"The Mausoleum","floor":22,"gold_loss":0,"cards_obtained":["Writhe"]}],"is_beta":false,"boss_relics":[{"not_picked":["Cursed Key","Calling Bell"],"picked":"Runic Pyramid"}],"items_purged_floors":[5],"is_endless":false,"potions_floor_spawned":[7,13,16,18,20],"killed_by":"Sentry and Sphere","ascension_level":2}