{"gold_per_floor":[12,30,40,40,40,79,79,79],"floor_reached":8,"playtime":665,"items_purged":[],"score":56,"play_id":"3d2f5e92-b230-4164-848c-c583aba68f7a","local_time":"20190708132347","is_ascension_mode":false,"campfire_choices":[{"data":"Double Tap","floor":7,"key":"SMITH"}],"neow_cost":"NO_GOLD","seed_source_timestamp":10194949893105,"circlet_count":0,"master_deck":["Strike_R","Strike_R","Strike_R","Strike_R","Strike_R","Defend_R","Defend_R","Defend_R","Bash","Violence","Blind","Shrug It Off","Twin Strike","Sword Boomerang","Double Tap+1"],"relics":["Burning Blood","Golden Idol","Matryoshka"],"potions_floor_usage":[],"damage_taken":[{"damage":4,"enemies":"Cultist","floor":1,"turns":3},{"damage":2,"enemies":"2 Louse","floor":2,"turns":4},{"damage":6,"enemies":"Jaw Worm","floor":3,"turns":4},{"damage":27,"enemies":"Gremlin Nob","floor":6,"turns":5},{"damage":35,"enemies":"Gremlin Gang","floor":8,"turns":3}],"seed_played":"-1019908691180715963","potions_obtained":[{"floor":2,"key":"Dexterity Potion"},{"floor":3,"key":"BloodPotion"}],"is_trial":false,"path_per_floor":["M","M","M","?","?","E","R","M"],"character_chosen":"IRONCLAD","items_purchased":[],"campfire_rested":0,"item_purchase_floors":[],"current_hp_per_floor":[80,80,80,73,53,32,32,0],"gold":79,"neow_bonus":"RANDOM_COLORLESS_2","is_prod":false,"is_daily":false,"chose_seed":false,"campfire_upgraded":1,"win_rate":0.0,"timestamp":1562585027,"path_taken":["M","M","?","?","?","E","R","M"],"build_version":"2019-07-05","purchased_purges":0,"victory":false,"max_hp_per_floor":[80,80,80,80,80,80,80,80],"card_choices":[{"not_picked":["Clash","Flex"],"picked":"Shrug It Off","floor":1},{"not_picked":["Perfected Strike","Body Slam"],"picked":"Twin Strike","floor":2},{"not_picked":["Heavy Blade","Whirlwind"],"picked":"Sword Boomerang","floor":3},{"not_picked":["Shockwave","Bludgeon"],"picked":"Double Tap","floor":6}],"player_experience":7704,"relics_obtained":[{"floor":6,"key":"Matryoshka"}],"event_choices":[{"cards_removed":["Defend_R"],"damage_healed":0,"gold_gain":0,"player_choice":"Card Removal","damage_taken":7,"max_hp_gain":0,"max_hp_loss":0,"event_name":"Golden Wing","floor":4,"gold_loss":0},{"damage_healed":0,"gold_gain":0,"player_choice":"Take Damage","damage_taken":20,"relics_obtained":["Golden Idol"],"max_hp_gain":0,"max_hp_loss":0,"event_name":"Golden Idol","floor":5,"gold_loss":0}],"is_beta":false,"boss_relics":[],"items_purged_floors":[],"is_endless":false,"potions_floor_spawned":[2,3],"killed_by":"Gremlin Gang","ascension_level":0}