{"gold_per_floor":[363,374,70,70,245,277,28,28,55,83,93,168,224,288,288,393,393,405,405,18,18,117,117,136,163,231,431,431,446,446,463,463,562,562,573,135,155,170,180,214,228,263,263,263,281,281,281,299,299,299],"floor_reached":51,"playtime":1255,"items_purged":["Decay","Doubt","Strike_R"],"score":979,"play_id":"0ca42026-9a10-4679-a2b6-d93e0e067a84","local_time":"20190113184403","is_ascension_mode":true,"campfire_choices":[{"data":"Rampage","floor":8,"key":"SMITH"},{"floor":15,"key":"REST"},{"data":"Double Tap","floor":23,"key":"SMITH"},{"floor":28,"key":"REST"},{"floor":32,"key":"REST"},{"data":"1","floor":44,"key":"LIFT"},{"data":"2","floor":46,"key":"LIFT"},{"data":"3","floor":49,"key":"LIFT"}],"neow_cost":"CURSE","seed_source_timestamp":361533244998791,"circlet_count":0,"master_deck":["Strike_R","Strike_R","Defend_R","Defend_R","Defend_R","Defend_R","Bash","Rampage+1","Inflame","Flex","Clothesline","Double Tap+1","Headbutt","Twin Strike","Pummel","Evolve+1","Heavy Blade+1","Metallicize+1"],"relics":["Black Blood","Brimstone","Gremlin Horn","Ice Cream","Red Skull","Vajra","Shuriken","Mercury Hourglass","Paper Frog","Lantern","Bag of Marbles","Oddly Smooth Stone","Sundial","Mark of Pain","Thread and Needle","Girya","Ancient Tea Set","Calipers"],"potions_floor_usage":[18,25,25,42,50,50],"damage_taken":[{"damage":10,"enemies":"Small Slimes","floor":1,"turns":4},{"damage":6,"enemies":"2 Louse","floor":2,"turns":3},{"damage":31,"enemies":"3 Sentries","floor":6,"turns":5},{"damage":12,"enemies":"Gremlin Nob","floor":10,"turns":3},{"damage":0,"enemies":"Cultist","floor":11,"turns":2},{"damage":21,"enemies":"3 Sentries","floor":14,"turns":4},{"damage":14,"enemies":"Slime Boss","floor":16,"turns":5},{"damage":32,"enemies":"Shell Parasite","floor":18,"turns":5},{"damage":14,"enemies":"Chosen","floor":24,"turns":2},{"damage":55,"enemies":"Book of Stabbing","floor":25,"turns":4},{"damage":13,"enemies":"Centurion and Healer","floor":29,"turns":3},{"damage":18,"enemies":"Snake Plant","floor":31,"turns":2},{"damage":51,"enemies":"Champ","floor":33,"turns":5},{"damage":14,"enemies":"3 Darklings","floor":35,"turns":3},{"damage":0,"enemies":"3 Shapes","floor":37,"turns":1},{"damage":12,"enemies":"Writhing Mass","floor":38,"turns":3},{"damage":0,"enemies":"Maw","floor":39,"turns":3},{"damage":49,"enemies":"Nemesis","floor":40,"turns":3},{"damage":3,"enemies":"Spire Growth","floor":41,"turns":2},{"damage":4,"enemies":"Giant Head","floor":42,"turns":5},{"damage":0,"enemies":"Transient","floor":45,"turns":5},{"damage":0,"enemies":"Jaw Worm Horde","floor":48,"turns":2},{"damage":55,"enemies":"Awakened One","floor":50,"turns":5}],"seed_played":"7666032663855048950","potions_obtained":[{"floor":2,"key":"LiquidBronze"},{"floor":6,"key":"FairyPotion"},{"floor":16,"key":"SkillPotion"},{"floor":18,"key":"Poison Potion"},{"floor":31,"key":"GamblersBrew"},{"floor":33,"key":"Poison Potion"},{"floor":35,"key":"Ancient Potion"},{"floor":48,"key":"Swift Potion"}],"is_trial":false,"path_per_floor":["M","M","$","?","?","E","$","R","T","E","M","?","?","?","R","B",null,"M","?","$","?","?","R","M","E","T","?","R","M","?","M","R","B",null,"M","$","M","M","M","E","M","E","T","R","M","R","?","M","R","B",null],"character_chosen":"IRONCLAD","items_purchased":["Brimstone","Flex","Red Skull","Paper Frog","Lantern","Thread and Needle"],"campfire_rested":3,"item_purchase_floors":[3,3,7,20,20,36],"current_hp_per_floor":[76,76,76,73,73,48,48,48,48,42,48,37,37,22,46,38,80,58,58,58,58,58,58,54,18,18,18,42,39,39,31,55,14,80,76,76,80,78,80,41,48,54,54,54,64,64,64,74,74,29],"gold":299,"neow_bonus":"TWO_FIFTY_GOLD","is_prod":false,"is_daily":false,"chose_seed":false,"campfire_upgraded":2,"win_rate":0,"timestamp":1547423043,"path_taken":["M","M","$","?","?","E","$","R","T","E","M","?","?","?","R","BOSS","M","?","?","?","?","R","M","E","T","?","R","?","?","M","R","BOSS","M","$","?","M","M","E","M","E","T","R","?","R","?","M","R","BOSS"],"build_version":"2019-01-10","purchased_purges":3,"victory":true,"max_hp_per_floor":[80,80,80,80,80,80,80,80,80,80,80,80,80,80,80,80,80,80,80,80,80,80,80,80,80,80,80,80,80,80,80,80,80,80,80,80,80,80,80,80,80,80,80,80,80,80,80,80,80,80],"card_choices":[{"not_picked":["Uppercut","Heavy Blade"],"picked":"Rampage","floor":1},{"not_picked":["Dropkick","Twin Strike"],"picked":"Inflame","floor":2},{"not_picked":["True Grit","Blood for Blood","Metallicize"],"picked":"SKIP","floor":6},{"not_picked":["Iron Wave","Clash","Armaments"],"picked":"SKIP","floor":10},{"not_picked":["Anger","Power Through"],"picked":"Clothesline","floor":11},{"not_picked":["Berserk","Fiend Fire"],"picked":"Double Tap","floor":16},{"not_picked":["Wild Strike+1","Shrug It Off+1"],"picked":"Headbutt","floor":18},{"not_picked":["Hemokinesis+1","Pommel Strike","Sword Boomerang"],"picked":"SKIP","floor":24},{"not_picked":["Shrug It Off","Wild Strike","Twin Strike"],"picked":"SKIP","floor":25},{"not_picked":["Body Slam","Rupture","Battle Trance"],"picked":"SKIP","floor":29},{"not_picked":["Twin Strike+1","Rampage"],"picked":"Pummel","floor":31},{"not_picked":["Anger+1","Reckless Charge","Armaments"],"picked":"SKIP","floor":35},{"not_picked":["True Grit+1","Uppercut"],"picked":"Evolve+1","floor":37},{"not_picked":["Armaments","Searing Blow+1"],"picked":"Heavy Blade+1","floor":38},{"not_picked":["Intimidate+1","Clothesline+1","Feel No Pain+1"],"picked":"SKIP","floor":39},{"not_picked":["Anger+1","Wild Strike"],"picked":"Metallicize+1","floor":40},{"not_picked":["Iron Wave+1","Thunderclap","Wild Strike"],"picked":"SKIP","floor":41},{"not_picked":["Sword Boomerang+1","Evolve","Cleave+1"],"picked":"SKIP","floor":42},{"not_picked":["Perfected Strike+1","Wild Strike+1","Thunderclap"],"picked":"SKIP","floor":45},{"not_picked":["Sword Boomerang","Body Slam+1","Perfected Strike+1"],"picked":"SKIP","floor":48}],"player_experience":69243,"relics_obtained":[{"floor":6,"key":"Ice Cream"},{"floor":9,"key":"Vajra"},{"floor":10,"key":"Shuriken"},{"floor":14,"key":"Mercury Hourglass"},{"floor":25,"key":"Oddly Smooth Stone"},{"floor":26,"key":"Sundial"},{"floor":40,"key":"Girya"},{"floor":42,"key":"Ancient Tea Set"},{"floor":43,"key":"Calipers"}],"event_choices":[{"damage_healed":0,"gold_gain":0,"player_choice":"Success","damage_taken":3,"relics_obtained":["Gremlin Horn"],"max_hp_gain":0,"max_hp_loss":0,"event_name":"Scrap Ooze","floor":4,"gold_loss":0},{"damage_healed":0,"gold_gain":175,"player_choice":"AGREE","damage_taken":0,"max_hp_gain":0,"max_hp_loss":0,"event_name":"Liars Game","floor":5,"gold_loss":0,"cards_obtained":["Doubt"]},{"damage_healed":0,"gold_gain":75,"player_choice":"Gather Gold","damage_taken":11,"max_hp_gain":0,"max_hp_loss":0,"event_name":"World of Goop","floor":12,"gold_loss":0},{"damage_healed":0,"gold_gain":56,"player_choice":"Gained Gold","damage_taken":0,"max_hp_gain":0,"max_hp_loss":0,"event_name":"Golden Wing","floor":13,"gold_loss":0},{"damage_healed":0,"gold_gain":0,"player_choice":"Searched \u00272\u0027 times","damage_taken":0,"max_hp_gain":0,"max_hp_loss":0,"event_name":"Dead Adventurer","floor":14,"gold_loss":0},{"damage_healed":0,"gold_gain":0,"player_choice":"Bought 0 Potions","damage_taken":0,"max_hp_gain":0,"max_hp_loss":0,"event_name":"The Woman in Blue","floor":19,"gold_loss":0},{"damage_healed":0,"gold_gain":0,"player_choice":"Opened","damage_taken":0,"relics_obtained":["Bag of Marbles"],"max_hp_gain":0,"max_hp_loss":0,"event_name":"The Mausoleum","floor":21,"gold_loss":0},{"damage_healed":0,"gold_gain":99,"player_choice":"Stole From Cult","damage_taken":0,"max_hp_gain":0,"max_hp_loss":0,"event_name":"Nest","floor":22,"gold_loss":0},{"damage_healed":0,"gold_gain":250,"player_choice":"Bet on Owner","damage_taken":0,"max_hp_gain":0,"max_hp_loss":0,"event_name":"The Joust","floor":27,"gold_loss":50},{"damage_healed":0,"gold_gain":0,"cards_transformed":["Strike_R"],"player_choice":"Transformed","damage_taken":0,"max_hp_gain":0,"max_hp_loss":0,"event_name":"Transmorgrifier","floor":30,"gold_loss":0,"cards_obtained":["Twin Strike"]},{"cards_removed":["Strike_R"],"damage_healed":0,"gold_gain":0,"player_choice":"Removed Attack","damage_taken":0,"max_hp_gain":0,"max_hp_loss":0,"event_name":"Falling","floor":47,"gold_loss":0}],"is_beta":false,"boss_relics":[{"not_picked":["Runic Cube","Tiny House"],"picked":"Black Blood"},{"not_picked":["Orrery","Eternal Feather"],"picked":"Mark of Pain"}],"items_purged_floors":[3,7,36],"is_endless":false,"potions_floor_spawned":[2,6,16,18,24,31,33,35,37,38,40,41,48],"ascension_level":2}