{"gold_per_floor":[111,43,61,75,75,75,75,75,102,116,116],"floor_reached":11,"playtime":1193,"items_purged":[],"score":104,"play_id":"4454cf05-0bae-40bc-9ae1-b61c7e02ebe4","local_time":"20190714152310","is_ascension_mode":true,"campfire_choices":[{"data":"Scrape","floor":6,"key":"SMITH"}],"neow_cost":"NONE","seed_source_timestamp":172198166571788,"circlet_count":0,"master_deck":["AscendersBane","Strike_B","Strike_B","Strike_B","Defend_B","Defend_B","Defend_B","Defend_B","Zap","Dualcast","Hologram","Self Repair","Scrape+1","Defragment"],"special_seed":0,"relics":["White Beast Statue","Molten Egg 2","Cables","Art of War"],"potions_floor_usage":[10,11],"damage_taken":[{"damage":6.0,"enemies":"Cultist","floor":1.0,"turns":4.0},{"damage":14.0,"enemies":"Jaw Worm","floor":3.0,"turns":5.0},{"damage":8,"enemies":"2 Louse","floor":4,"turns":4},{"damage":20,"enemies":"Lots of Slimes","floor":10,"turns":4},{"damage":63,"enemies":"Gremlin Nob","floor":11,"turns":4}],"seed_played":"5877721293529903720","potions_obtained":[{"floor":1.0,"key":"PowerPotion"},{"floor":3.0,"key":"GamblersBrew"},{"floor":4,"key":"Swift Potion"},{"floor":10,"key":"SkillPotion"}],"is_trial":false,"path_per_floor":["M","$","M","M","T","R","T","?","T","M","E"],"character_chosen":"DEFECT","items_purchased":["Self Repair"],"campfire_rested":0,"item_purchase_floors":[2],"current_hp_per_floor":[62,62,55,54,54,54,54,54,54,41,0],"gold":116,"neow_bonus":"BOSS_RELIC","is_prod":false,"is_daily":false,"chose_seed":false,"campfire_upgraded":1,"win_rate":0,"timestamp":1563135790,"path_taken":["M","$","?","M","?","R","?","?","T","?","E"],"build_version":"2019-07-05","purchased_purges":0,"victory":false,"max_hp_per_floor":[75,75,75,75,75,75,75,75,75,75,75],"card_choices":[{"not_picked":["Coolheaded","Barrage"],"picked":"Hologram","floor":1.0},{"not_picked":["Rebound","Stack"],"picked":"Scrape","floor":3.0},{"not_picked":["Steam","Coolheaded","Rip and Tear"],"picked":"SKIP","floor":4},{"not_picked":["BootSequence","Cold Snap+1"],"picked":"Defragment","floor":10}],"player_experience":578000,"relics_obtained":[{"floor":5,"key":"Molten Egg 2"},{"floor":7,"key":"Cables"},{"floor":9,"key":"Art of War"}],"event_choices":[{"cards_removed":["Strike_B"],"damage_healed":0,"gold_gain":0,"player_choice":"Offered Basic","damage_taken":0,"max_hp_gain":0,"max_hp_loss":0,"event_name":"Bonfire Elementals","floor":8,"gold_loss":0}],"is_beta":false,"boss_relics":[],"items_purged_floors":[],"is_endless":false,"potions_floor_spawned":[1,3,4,10],"killed_by":"Gremlin Nob","ascension_level":13}