{"gold_per_floor":[109,109,124,124,124,124,124,124,151,195,195,146,180,200,200,330,393,411,411,431,431,10,10],"floor_reached":23,"playtime":737,"items_purged":[],"score":308,"play_id":"eabb208e-33ae-47a2-9042-6db5de3205be","local_time":"20190602223858","is_ascension_mode":true,"campfire_choices":[{"data":"Flex","floor":6,"key":"SMITH"},{"floor":8,"key":"REST"},{"data":"Body Slam","floor":11,"key":"SMITH"},{"floor":15,"key":"REST"}],"neow_cost":"PERCENT_DAMAGE","seed_source_timestamp":19534354585957,"circlet_count":0,"master_deck":["Strike_R+1","Strike_R","Strike_R","Strike_R","Defend_R","Defend_R","Defend_R","Defend_R+1","Bash","Power Through","Flex+1","Headbutt+1","Body Slam+1","Pommel Strike+1","Inflame","Immolate","Sentinel","Sword Boomerang","Clothesline+1","Impervious","Metallicize","Infernal Blade"],"relics":["Burning Blood","Golden Idol","Blood Vial","Bag of Preparation","Potion Belt","Tiny House","Gambling Chip","Omamori"],"potions_floor_usage":[10,13,18,23],"damage_taken":[{"damage":14,"enemies":"2 Louse","floor":1,"turns":4},{"damage":13,"enemies":"Small Slimes","floor":3,"turns":5},{"damage":27,"enemies":"Gremlin Nob","floor":10,"turns":5},{"damage":12,"enemies":"3 Sentries","floor":13,"turns":6},{"damage":12,"enemies":"Jaw Worm","floor":14,"turns":2},{"damage":50,"enemies":"Slime Boss","floor":16,"turns":11},{"damage":44,"enemies":"Shell Parasite","floor":18,"turns":7},{"damage":12,"enemies":"3 Byrds","floor":20,"turns":5},{"damage":60,"enemies":"Book of Stabbing","floor":23,"turns":7}],"seed_played":"5940601185225413700","potions_obtained":[{"floor":1,"key":"BloodPotion"},{"floor":10,"key":"SkillPotion"},{"floor":17,"key":"BloodPotion"},{"floor":20,"key":"Strength Potion"}],"is_trial":false,"path_per_floor":["M","?","M","?","?","R","?","R","T","E","R","?","E","M","R","B",null,"M","?","M","T","$","E"],"character_chosen":"IRONCLAD","items_purchased":["Omamori","Impervious","Metallicize","Infernal Blade"],"campfire_rested":2,"item_purchase_floors":[22,22,22,22],"current_hp_per_floor":[59,59,52,45,45,45,26,54,54,44,44,44,40,36,64,22,83,57,57,53,53,53,0],"gold":10,"neow_bonus":"TWENTY_PERCENT_HP_BONUS","is_prod":false,"is_daily":false,"chose_seed":false,"campfire_upgraded":2,"win_rate":0,"timestamp":1559479138,"path_taken":["M","?","M","?","?","R","?","R","T","E","R","?","E","M","R","BOSS","M","?","?","?","?","E"],"build_version":"2019-01-23","purchased_purges":0,"victory":false,"max_hp_per_floor":[96,96,96,96,96,96,96,96,96,96,96,96,96,96,96,96,101,101,101,101,101,101,101],"card_choices":[{"not_picked":["Shrug It Off","Headbutt"],"picked":"Power Through","floor":1},{"not_picked":["Metallicize","Havoc"],"picked":"Flex","floor":3},{"not_picked":["Bludgeon","Iron Wave"],"picked":"Body Slam","floor":10},{"not_picked":["Sword Boomerang","Body Slam"],"picked":"Pommel Strike","floor":13},{"not_picked":["Combust","Second Wind"],"picked":"Inflame","floor":14},{"not_picked":["Dark Embrace","Juggernaut"],"picked":"Immolate","floor":16},{"not_picked":["Body Slam","Seeing Red"],"picked":"Sentinel","floor":17},{"not_picked":["Ghostly Armor","Havoc"],"picked":"Sword Boomerang","floor":18},{"not_picked":["Corruption","Iron Wave"],"picked":"Clothesline+1","floor":20}],"player_experience":790226,"relics_obtained":[{"floor":9,"key":"Blood Vial"},{"floor":10,"key":"Bag of Preparation"},{"floor":13,"key":"Potion Belt"},{"floor":21,"key":"Gambling Chip"}],"event_choices":[{"damage_healed":0,"gold_gain":0,"player_choice":"Take Wound","damage_taken":0,"relics_obtained":["Golden Idol"],"max_hp_gain":0,"max_hp_loss":0,"event_name":"Golden Idol","floor":2,"gold_loss":0,"cards_obtained":["Injury"]},{"cards_removed":["Injury"],"damage_healed":0,"gold_gain":0,"player_choice":"Card Removal","damage_taken":7,"max_hp_gain":0,"max_hp_loss":0,"event_name":"Golden Wing","floor":4,"gold_loss":0},{"damage_healed":0,"gold_gain":0,"cards_transformed":["Strike_R"],"player_choice":"Change","damage_taken":0,"max_hp_gain":0,"max_hp_loss":0,"event_name":"Living Wall","floor":5,"gold_loss":0,"cards_obtained":["Headbutt"]},{"damage_healed":0,"gold_gain":0,"player_choice":"Entered Light","damage_taken":19,"max_hp_gain":0,"max_hp_loss":0,"event_name":"Shining Light","floor":7,"gold_loss":0,"cards_upgraded":["Strike_R","Defend_R"]},{"damage_healed":0,"gold_gain":0,"player_choice":"Left Gold","damage_taken":0,"max_hp_gain":0,"max_hp_loss":0,"event_name":"World of Goop","floor":12,"gold_loss":49},{"damage_healed":0,"gold_gain":0,"player_choice":"Upgraded","damage_taken":0,"max_hp_gain":0,"max_hp_loss":0,"event_name":"Upgrade Shrine","floor":19,"gold_loss":0,"cards_upgraded":["Pommel Strike"]}],"is_beta":false,"boss_relics":[{"not_picked":["Black Star","Runic Pyramid"],"picked":"Tiny House"}],"items_purged_floors":[],"is_endless":false,"potions_floor_spawned":[1,10,20],"killed_by":"Book of Stabbing","ascension_level":9}