{"gold_per_floor":[111,130,142,142,161,194,194,238,238,263,263,14,14,27,27,151,151,165,70,94,94,94,94,117,155,155,155,155,198,221,24,24,145,145,160,173,173],"floor_reached":37,"playtime":2311,"items_purged":[],"score":532,"play_id":"afb5247f-8a54-4918-8f16-530b7ea7a085","local_time":"20190422063505","is_ascension_mode":true,"campfire_choices":[{"floor":7,"key":"REST"},{"floor":11,"key":"REST"},{"data":"Neutralize","floor":13,"key":"SMITH"},{"floor":15,"key":"REST"},{"data":"Envenom","floor":23,"key":"SMITH"},{"floor":28,"key":"REST"},{"floor":32,"key":"REST"}],"neow_cost":"NONE","seed_source_timestamp":53253038200352,"circlet_count":0,"master_deck":["Defend_G+1","Defend_G+1","Defend_G+1","Defend_G+1","Defend_G+1","Strike_G+1","Strike_G+1","Strike_G+1","Strike_G+1","Strike_G+1","Survivor","Neutralize+1","Choke","PiercingWail","Skewer","Injury","Cloak And Dagger","Cloak And Dagger","Cloak And Dagger","Crippling Poison+1","Backflip+1","Envenom+1","Caltrops","Well Laid Plans","Dagger Spray","Dodge and Roll+1","RitualDagger","Poisoned Stab","Phantasmal Killer+1","Night Terror+1","Deflect+1","Neutralize","Normality","Deflect+1","Choke+1","Cloak And Dagger+1","After Image","Well Laid Plans","Heel Hook+1"],"relics":["Ring of the Snake","Happy Flower","Golden Idol","Blue Candle","Mercury Hourglass","Toxic Egg 2","Ornamental Fan","Eternal Feather","Gremlin Horn","Paper Crane","Bag of Marbles","Regal Pillow","WristBlade"],"potions_floor_usage":[5,6,16,16,25,30,36],"damage_taken":[{"damage":1,"enemies":"Jaw Worm","floor":1,"turns":5},{"damage":0,"enemies":"Small Slimes","floor":2,"turns":3},{"damage":1,"enemies":"2 Louse","floor":3,"turns":2},{"damage":0,"enemies":"2 Fungi Beasts","floor":5,"turns":2},{"damage":38,"enemies":"Lagavulin","floor":6,"turns":7},{"damage":26,"enemies":"Gremlin Nob","floor":8,"turns":5},{"damage":1,"enemies":"Gremlin Gang","floor":10,"turns":4},{"damage":0,"enemies":"Lots of Slimes","floor":14,"turns":2},{"damage":25,"enemies":"The Guardian","floor":16,"turns":11},{"damage":9,"enemies":"Shell Parasite","floor":18,"turns":8},{"damage":1,"enemies":"3 Byrds","floor":20,"turns":3},{"damage":28,"enemies":"3 Cultists","floor":24,"turns":5},{"damage":17,"enemies":"Book of Stabbing","floor":25,"turns":8},{"damage":33,"enemies":"Gremlin Leader","floor":29,"turns":7},{"damage":20,"enemies":"Snake Plant","floor":30,"turns":6},{"damage":30,"enemies":"Champ","floor":33,"turns":16},{"damage":16,"enemies":"3 Darklings","floor":35,"turns":5},{"damage":16,"enemies":"Orb Walker","floor":36,"turns":5},{"damage":47,"enemies":"Jaw Worm Horde","floor":37,"turns":3}],"seed_played":"-3714190176792375796","potions_obtained":[{"floor":1,"key":"PowerPotion"},{"floor":2,"key":"Fire Potion"},{"floor":6,"key":"Strength Potion"},{"floor":14,"key":"FearPotion"},{"floor":20,"key":"EssenceOfSteel"},{"floor":25,"key":"GamblersBrew"},{"floor":29,"key":"Strength Potion"},{"floor":35,"key":"EssenceOfSteel"},{"floor":36,"key":"SteroidPotion"}],"is_trial":false,"path_per_floor":["M","M","M","?","M","E","R","E","T","M","R","$","R","M","R","B",null,"M","$","M","?","?","R","M","E","T","?","R","E","M","$","R","B",null,"M","M","M"],"character_chosen":"THE_SILENT","items_purchased":["Ornamental Fan","Well Laid Plans","Dagger Spray","Regal Pillow","Cloak And Dagger+1"],"campfire_rested":5,"item_purchase_floors":[12,19,19,31,31],"current_hp_per_floor":[69,69,68,68,68,30,51,25,25,24,45,45,45,45,66,41,70,61,61,60,60,54,69,41,24,24,24,63,30,10,10,67,37,70,54,38,0],"gold":173,"neow_bonus":"RANDOM_COMMON_RELIC","is_prod":false,"is_daily":false,"chose_seed":false,"campfire_upgraded":2,"win_rate":0,"timestamp":1555878905,"path_taken":["M","M","M","?","M","E","R","E","T","M","R","$","R","M","R","BOSS","M","$","M","?","?","R","M","E","T","?","R","E","M","$","R","BOSS","M","?","M"],"build_version":"2019-01-23","purchased_purges":0,"victory":false,"max_hp_per_floor":[70,70,70,70,70,70,70,70,70,70,70,70,70,70,70,70,70,70,70,70,70,70,70,70,70,70,70,70,70,70,70,70,70,70,70,70,70],"card_choices":[{"not_picked":["Reflex","Sucker Punch"],"picked":"Choke","floor":1},{"not_picked":["Outmaneuver","Predator"],"picked":"PiercingWail","floor":2},{"not_picked":["Dash","Terror"],"picked":"Skewer","floor":3},{"not_picked":["Flechettes","Acrobatics"],"picked":"Cloak And Dagger","floor":5},{"not_picked":["Corpse Explosion","All Out Attack"],"picked":"Cloak And Dagger","floor":6},{"not_picked":["Slice","Riddle With Holes"],"picked":"Cloak And Dagger","floor":8},{"not_picked":["Setup+1","Acrobatics+1"],"picked":"Crippling Poison+1","floor":10},{"not_picked":["PiercingWail+1","Sucker Punch"],"picked":"Backflip+1","floor":14},{"not_picked":["Storm of Steel+1","Night Terror+1"],"picked":"Envenom","floor":16},{"not_picked":["Dagger Throw","Masterful Stab"],"picked":"Caltrops","floor":18},{"not_picked":["Bouncing Flask+1","Sucker Punch"],"picked":"Dodge and Roll+1","floor":20},{"not_picked":["Flying Knee","Dagger Spray"],"picked":"Poisoned Stab","floor":24},{"not_picked":["Flying Knee","Sucker Punch"],"picked":"Phantasmal Killer+1","floor":25},{"not_picked":["Outmaneuver+1","Setup+1"],"picked":"Deflect+1","floor":29},{"not_picked":["All Out Attack+1","Riddle With Holes"],"picked":"Choke+1","floor":30},{"not_picked":["Phantasmal Killer+1","A Thousand Cuts"],"picked":"After Image","floor":33},{"not_picked":["Slice","Bane"],"picked":"Well Laid Plans","floor":35},{"not_picked":["All Out Attack+1","Acrobatics+1"],"picked":"Heel Hook+1","floor":36}],"player_experience":430806,"relics_obtained":[{"floor":6,"key":"Blue Candle"},{"floor":8,"key":"Mercury Hourglass"},{"floor":9,"key":"Toxic Egg 2"},{"floor":25,"key":"Gremlin Horn"},{"floor":26,"key":"Paper Crane"},{"floor":29,"key":"Bag of Marbles"}],"event_choices":[{"damage_healed":0,"gold_gain":0,"player_choice":"Take Wound","damage_taken":0,"relics_obtained":["Golden Idol"],"max_hp_gain":0,"max_hp_loss":0,"event_name":"Golden Idol","floor":4,"gold_loss":0,"cards_obtained":["Injury"]},{"damage_healed":0,"gold_gain":0,"player_choice":"Simplicity","damage_taken":0,"max_hp_gain":0,"max_hp_loss":0,"event_name":"Back to Basics","floor":21,"gold_loss":0,"cards_upgraded":["Defend_G","Defend_G","Defend_G","Defend_G","Defend_G","Strike_G","Strike_G","Strike_G","Strike_G","Strike_G"]},{"damage_healed":0,"gold_gain":0,"player_choice":"Joined the Cult","damage_taken":6,"max_hp_gain":0,"max_hp_loss":0,"event_name":"Nest","floor":22,"gold_loss":0,"cards_obtained":["RitualDagger"]},{"damage_healed":0,"gold_gain":0,"player_choice":"4 cards matched","damage_taken":0,"max_hp_gain":0,"max_hp_loss":0,"event_name":"Match and Keep!","floor":27,"gold_loss":0,"cards_obtained":["Night Terror","Deflect","Neutralize","Normality"]}],"is_beta":false,"boss_relics":[{"not_picked":["Lizard Tail","Empty Cage"],"picked":"Eternal Feather"},{"not_picked":["Astrolabe","Black Star"],"picked":"WristBlade"}],"items_purged_floors":[],"is_endless":false,"potions_floor_spawned":[1,2,6,14,20,25,29,35,36],"killed_by":"Jaw Worm Horde","ascension_level":3}