{"gold_per_floor":[118,130,140,156,168,168,168,199,199,199,217,217,231,245,245,364,364,383,433,451,212,230,230,230],"floor_reached":24,"playtime":2517,"items_purged":["Strike_R"],"score":202,"play_id":"b0ade1ab-2981-4b1d-858b-1e3f342d98a8","local_time":"20190716231731","is_ascension_mode":false,"campfire_choices":[{"data":"Anger","floor":6,"key":"SMITH"},{"data":"Second Wind","floor":10,"key":"SMITH"},{"data":"Battle Trance","floor":15,"key":"SMITH"},{"data":"Havoc","floor":23,"key":"SMITH"}],"neow_cost":"NONE","seed_source_timestamp":25496257931732,"circlet_count":0,"master_deck":["Strike_R","Strike_R","Strike_R","Strike_R","Defend_R","Defend_R","Defend_R","Defend_R","Bash","Anger+1","Warcry","Second Wind+1","Reaper","Pommel Strike","Feel No Pain","Battle Trance+1","Immolate","Seeing Red+1","Offering","Havoc+1","Anger+1"],"relics":["Burning Blood","Torii","Golden Idol","Black Star"],"potions_floor_usage":[5,8,18,22,24],"damage_taken":[{"damage":0,"enemies":"Small Slimes","floor":1,"turns":3},{"damage":3,"enemies":"2 Louse","floor":2,"turns":3},{"damage":1,"enemies":"Jaw Worm","floor":3,"turns":4},{"damage":13,"enemies":"Red Slaver","floor":4,"turns":4},{"damage":8,"enemies":"Gremlin Gang","floor":5,"turns":4},{"damage":50,"enemies":"Lagavulin","floor":8,"turns":7},{"damage":16,"enemies":"Exordium Thugs","floor":11,"turns":4},{"damage":14,"enemies":"Red Slaver","floor":13,"turns":4},{"damage":6,"enemies":"Gremlin Gang","floor":14,"turns":5},{"damage":29,"enemies":"Hexaghost","floor":16,"turns":10},{"damage":34,"enemies":"Spheric Guardian","floor":18,"turns":5},{"damage":41,"enemies":"Shell Parasite","floor":20,"turns":8},{"damage":6,"enemies":"3 Cultists","floor":22,"turns":4},{"damage":32,"enemies":"Book of Stabbing","floor":24,"turns":4}],"seed_played":"2332367758912595473","potions_obtained":[{"floor":2,"key":"Explosive Potion"},{"floor":3,"key":"LiquidBronze"},{"floor":4,"key":"SpeedPotion"},{"floor":14,"key":"Fire Potion"},{"floor":18,"key":"GamblersBrew"}],"is_trial":false,"path_per_floor":["M","M","M","M","M","R","?","E","T","R","M","?","M","M","R","B",null,"M","?","M","$","M","R","E"],"character_chosen":"IRONCLAD","items_purchased":["Offering","Havoc"],"campfire_rested":0,"item_purchase_floors":[21,21],"current_hp_per_floor":[80,80,80,73,79,79,84,41,41,41,39,39,35,51,51,34,79,51,51,16,16,28,28,0],"gold":230,"neow_bonus":"THREE_CARDS","is_prod":false,"is_daily":false,"chose_seed":false,"campfire_upgraded":4,"win_rate":0,"timestamp":1563311851,"path_taken":["M","M","M","M","M","R","?","E","T","R","M","?","M","M","R","BOSS","M","?","M","$","M","R","E"],"build_version":"2019-07-05","purchased_purges":1,"victory":false,"max_hp_per_floor":[80,80,80,80,80,80,85,85,85,85,85,79,79,79,79,79,79,79,79,79,79,79,79,79],"card_choices":[{"not_picked":["Combust","Bloodletting"],"picked":"Anger","floor":0},{"not_picked":["Pommel Strike","Seeing Red"],"picked":"Warcry","floor":1},{"not_picked":["Anger","Twin Strike"],"picked":"Second Wind","floor":2},{"not_picked":["Heavy Blade","Sword Boomerang","Twin Strike"],"picked":"SKIP","floor":3},{"not_picked":["Uppercut","Intimidate"],"picked":"Reaper","floor":4},{"not_picked":["Heavy Blade","Twin Strike","Body Slam"],"picked":"SKIP","floor":5},{"not_picked":["Body Slam","Intimidate"],"picked":"Pommel Strike","floor":8},{"not_picked":["Havoc","Shrug It Off","Flex"],"picked":"SKIP","floor":11},{"not_picked":["Iron Wave","Heavy Blade"],"picked":"Feel No Pain","floor":13},{"not_picked":["Limit Break","True Grit"],"picked":"Battle Trance","floor":14},{"not_picked":["Dark Embrace","Offering"],"picked":"Immolate","floor":16},{"not_picked":["Sword Boomerang+1","Iron Wave+1","Fire Breathing"],"picked":"SKIP","floor":18},{"not_picked":["Perfected Strike","Sword Boomerang"],"picked":"Seeing Red+1","floor":20},{"not_picked":["Clothesline","Heavy Blade"],"picked":"Anger+1","floor":22}],"player_experience":173261,"relics_obtained":[{"floor":8,"key":"Torii"}],"event_choices":[{"damage_healed":0,"gold_gain":0,"player_choice":"Donut","damage_taken":0,"max_hp_gain":5,"max_hp_loss":0,"event_name":"Big Fish","floor":7,"gold_loss":0},{"damage_healed":0,"gold_gain":0,"player_choice":"Lose Max HP","damage_taken":0,"relics_obtained":["Golden Idol"],"max_hp_gain":0,"max_hp_loss":6,"event_name":"Golden Idol","floor":12,"gold_loss":0},{"damage_healed":0,"gold_gain":100,"player_choice":"Bet on Murderer","damage_taken":0,"max_hp_gain":0,"max_hp_loss":0,"event_name":"The Joust","floor":19,"gold_loss":50}],"is_beta":false,"boss_relics":[{"not_picked":["Calling Bell","Runic Pyramid"],"picked":"Black Star"}],"items_purged_floors":[21],"is_endless":false,"potions_floor_spawned":[2,3,4,14,18],"killed_by":"Book of Stabbing","ascension_level":0}