{"gold_per_floor":[213,7,26,38,38,38,58,89,114,130,130,148,167,181,181,280,280,292,308,308,308],"floor_reached":21,"playtime":1695,"items_purged":[],"score":185,"play_id":"389b16df-5f78-49f5-8aa6-98dceb981ad8","local_time":"20190330202516","is_ascension_mode":false,"campfire_choices":[{"data":"Uppercut","floor":6,"key":"SMITH"},{"floor":15,"key":"REST"}],"neow_cost":"NONE","seed_source_timestamp":3369845424077,"circlet_count":0,"master_deck":["Strike_R","Strike_R","Strike_R","Strike_R+1","Defend_R","Defend_R","Defend_R","Defend_R","Bash","Uppercut+1","Shrug It Off","Perfected Strike","Armaments","Shrug It Off","Inflame","Double Tap","Infernal Blade","Intimidate","Limit Break","Armaments","Intimidate","Inflame"],"relics":["Burning Blood","HandDrill","PreservedInsect","Regal Pillow","Philosopher\u0027s Stone"],"potions_floor_usage":[3,13,16,16],"damage_taken":[{"damage":15,"enemies":"Small Slimes","floor":1,"turns":4},{"damage":4,"enemies":"Cultist","floor":3,"turns":4},{"damage":10,"enemies":"2 Louse","floor":4,"turns":3},{"damage":4,"enemies":"Red Slaver","floor":7,"turns":3},{"damage":26,"enemies":"3 Sentries","floor":8,"turns":17},{"damage":1,"enemies":"Blue Slaver","floor":10,"turns":3},{"damage":4,"enemies":"3 Louse","floor":12,"turns":6},{"damage":9,"enemies":"Exordium Thugs","floor":13,"turns":5},{"damage":0,"enemies":"Large Slime","floor":14,"turns":4},{"damage":82,"enemies":"Hexaghost","floor":16,"turns":16},{"damage":63,"enemies":"3 Byrds","floor":18,"turns":9},{"damage":25,"enemies":"2 Thieves","floor":19,"turns":4},{"damage":12,"enemies":"Centurion and Healer","floor":21,"turns":1}],"seed_played":"-5376998983914617477","potions_obtained":[{"floor":3,"key":"Fruit Juice"},{"floor":10,"key":"Poison Potion"},{"floor":13,"key":"GamblersBrew"},{"floor":14,"key":"Weak Potion"},{"floor":16,"key":"SpeedPotion"}],"is_trial":false,"path_per_floor":["M","$","M","M","?","R","M","E","T","M","?","M","M","M","R","B",null,"M","M","?","M"],"character_chosen":"IRONCLAD","items_purchased":["HandDrill"],"campfire_rested":1,"item_purchase_floors":[2],"current_hp_per_floor":[71,71,78,74,57,57,59,39,39,44,44,46,43,49,85,9,85,28,9,9,0],"gold":308,"neow_bonus":"HUNDRED_GOLD","is_prod":false,"is_daily":false,"chose_seed":false,"campfire_upgraded":1,"win_rate":0,"timestamp":1553941516,"path_taken":["M","$","M","M","?","R","M","E","T","M","?","?","?","M","R","BOSS","M","?","?","?"],"build_version":"2019-01-23","purchased_purges":0,"victory":false,"max_hp_per_floor":[80,80,85,85,85,85,85,85,85,85,85,85,85,85,85,85,85,85,85,85,85],"card_choices":[{"not_picked":["Havoc","Burning Pact"],"picked":"Uppercut","floor":1},{"not_picked":["Pummel","Cleave"],"picked":"Shrug It Off","floor":3},{"not_picked":["Warcry","Corruption"],"picked":"Perfected Strike","floor":4},{"not_picked":["Feel No Pain","Battle Trance"],"picked":"Armaments","floor":7},{"not_picked":["Sword Boomerang","Whirlwind"],"picked":"Shrug It Off","floor":8},{"not_picked":["Rampage","Headbutt"],"picked":"Inflame","floor":10},{"not_picked":["Body Slam","Warcry"],"picked":"Double Tap","floor":12},{"not_picked":["Hemokinesis","Wild Strike"],"picked":"Infernal Blade","floor":13},{"not_picked":["Headbutt","Havoc"],"picked":"Intimidate","floor":14},{"not_picked":["Berserk","Bludgeon"],"picked":"Limit Break","floor":16},{"not_picked":["Disarm","Dropkick+1"],"picked":"Armaments","floor":18},{"not_picked":["Havoc","Feel No Pain"],"picked":"Intimidate","floor":19}],"player_experience":291747,"relics_obtained":[{"floor":8,"key":"PreservedInsect"},{"floor":9,"key":"Regal Pillow"}],"event_choices":[{"damage_healed":0,"gold_gain":0,"player_choice":"Entered Light","damage_taken":17,"max_hp_gain":0,"max_hp_loss":0,"event_name":"Shining Light","floor":5,"gold_loss":0,"cards_upgraded":["Strike_R","Strike_R"]},{"cards_removed":["Strike_R"],"damage_healed":0,"gold_gain":0,"player_choice":"Purged","damage_taken":0,"max_hp_gain":0,"max_hp_loss":0,"event_name":"Purifier","floor":11,"gold_loss":0},{"damage_healed":0,"gold_gain":0,"player_choice":"Copied","damage_taken":0,"max_hp_gain":0,"max_hp_loss":0,"event_name":"Duplicator","floor":20,"gold_loss":0,"cards_obtained":["Inflame"]}],"is_beta":false,"boss_relics":[{"not_picked":["Sozu","Runic Cube"],"picked":"Philosopher\u0027s Stone"}],"items_purged_floors":[],"is_endless":false,"potions_floor_spawned":[3,10,13,14,16],"killed_by":"Centurion and Healer","ascension_level":0}