{"gold_per_floor":[118,118,46,58,58,83,83,83,139,24,43,78,43,59,59,59],"floor_reached":16,"playtime":419,"items_purged":["Defend_B"],"score":119,"play_id":"6c44565d-9add-483a-a365-c6e889344bfe","local_time":"20190116014536","is_ascension_mode":true,"campfire_choices":[{"data":"Loop","floor":8,"key":"SMITH"},{"floor":15,"key":"REST"}],"neow_cost":"NONE","seed_source_timestamp":560471976600953,"circlet_count":0,"master_deck":["Strike_B","Strike_B","Strike_B","Defend_B","Defend_B","Defend_B","Zap","Dualcast","Buffer","Loop+1","Static Discharge","Loop","Consume"],"relics":["Cracked Core","Strawberry","Golden Idol","Tiny Chest","Potion Belt"],"potions_floor_usage":[12],"damage_taken":[{"damage":0,"enemies":"Small Slimes","floor":1,"turns":3},{"damage":1,"enemies":"Cultist","floor":4,"turns":4},{"damage":18,"enemies":"Gremlin Nob","floor":6,"turns":5},{"damage":9,"enemies":"2 Louse","floor":11,"turns":2},{"damage":21,"enemies":"3 Sentries","floor":12,"turns":7},{"damage":14,"enemies":"Exordium Wildlife","floor":14,"turns":5},{"damage":47,"enemies":"The Guardian","floor":16,"turns":5}],"seed_played":"3390887754461558808","potions_obtained":[{"floor":1,"key":"FearPotion"},{"floor":11,"key":"PowerPotion"},{"floor":12,"key":"Energy Potion"},{"floor":14,"key":"Poison Potion"}],"is_trial":false,"path_per_floor":["M","?","$","M","?","E","?","R","T","$","M","E","?","M","R","B"],"character_chosen":"DEFECT","items_purchased":["Static Discharge","Loop"],"campfire_rested":1,"item_purchase_floors":[3,10],"current_hp_per_floor":[75,75,75,74,74,63,43,43,43,43,34,13,33,19,43,0],"gold":59,"neow_bonus":"ONE_RANDOM_RARE_CARD","is_prod":false,"is_daily":false,"chose_seed":false,"campfire_upgraded":1,"win_rate":0,"timestamp":1547621136,"path_taken":["M","?","$","?","?","E","?","R","T","?","M","E","?","M","R","BOSS"],"build_version":"2019-01-10","purchased_purges":1,"victory":false,"max_hp_per_floor":[75,75,75,75,75,82,82,82,82,82,82,82,82,82,82,82],"card_choices":[{"not_picked":["Reprogram","Steam"],"picked":"Loop","floor":1},{"not_picked":["Reprogram","Aggregate","BootSequence"],"picked":"SKIP","floor":4},{"not_picked":["Turbo","Glacier","Go for the Eyes"],"picked":"SKIP","floor":6},{"not_picked":["BootSequence","Redo","Blizzard"],"picked":"SKIP","floor":11},{"not_picked":["Cold Snap","Meteor Strike","Sunder"],"picked":"SKIP","floor":12},{"not_picked":["Conserve Battery","Redo"],"picked":"Consume","floor":14}],"player_experience":80004,"relics_obtained":[{"floor":6,"key":"Strawberry"},{"floor":9,"key":"Tiny Chest"},{"floor":12,"key":"Potion Belt"}],"event_choices":[{"damage_healed":0,"gold_gain":0,"player_choice":"0 cards matched","damage_taken":0,"max_hp_gain":0,"max_hp_loss":0,"event_name":"Match and Keep!","floor":2,"gold_loss":0,"cards_obtained":[]},{"cards_removed":["Strike_B"],"damage_healed":0,"gold_gain":0,"player_choice":"Forget","damage_taken":0,"max_hp_gain":0,"max_hp_loss":0,"event_name":"Living Wall","floor":5,"gold_loss":0},{"damage_healed":0,"gold_gain":0,"player_choice":"Take Damage","damage_taken":20,"relics_obtained":["Golden Idol"],"max_hp_gain":0,"max_hp_loss":0,"event_name":"Golden Idol","floor":7,"gold_loss":0},{"damage_healed":20,"gold_gain":0,"player_choice":"Healed","damage_taken":0,"max_hp_gain":0,"max_hp_loss":0,"event_name":"The Cleric","floor":13,"gold_loss":35}],"is_beta":false,"boss_relics":[],"items_purged_floors":[10],"is_endless":false,"potions_floor_spawned":[1,11,12,14],"killed_by":"The Guardian","ascension_level":2}