{"gold_per_floor":[111,12,12,30,47,47,8,8,8,8,20,50,50,61,61,164,164,177,193,193,193,20,51,51,68,91,111,146,164,182,182,182,281,281,301,301,352,352,368,368,368,368,443,343,355,365,365,60,60,60],"floor_reached":51,"playtime":11593,"items_purged":["Strike_B","Strike_B"],"score":1015,"play_id":"43d08152-1de9-4fd1-8637-fc94015e7218","local_time":"20190706095136","is_ascension_mode":true,"campfire_choices":[{"data":"Gash","floor":6.0,"key":"SMITH"},{"floor":8.0,"key":"REST"},{"data":"Scrape","floor":10.0,"key":"SMITH"},{"floor":15.0,"key":"REST"},{"floor":24.0,"key":"REST"},{"floor":32.0,"key":"REST"},{"data":"Scrape","floor":40.0,"key":"SMITH"},{"data":"Scrape","floor":42.0,"key":"SMITH"},{"floor":47,"key":"REST"},{"floor":49,"key":"REST"}],"neow_cost":"NONE","seed_source_timestamp":0,"circlet_count":0,"master_deck":["AscendersBane","Strike_B","Defend_B","Defend_B","Defend_B","Zap","Dualcast","Scrape+1","Go for the Eyes","Gash+1","Scrape+1","Scrape+1","Seek","All For One","Gash","Purity","Chrysalis","White Noise+1","Gash+1","Echo Form","Gash+1","Panache","All For One+1"],"special_seed":0,"relics":["Runic Pyramid","Ornamental Fan","Art of War","Lizard Tail","DataDisk","Lantern","Gambling Chip","Sozu","WingedGreaves","FaceOfCleric","Molten Egg 2"],"potions_floor_usage":[50,50],"damage_taken":[{"damage":6.0,"enemies":"Jaw Worm","floor":1.0,"turns":4.0},{"damage":0.0,"enemies":"Cultist","floor":4.0,"turns":3.0},{"damage":10.0,"enemies":"Small Slimes","floor":5.0,"turns":3.0},{"damage":4.0,"enemies":"Gremlin Gang","floor":11.0,"turns":3.0},{"damage":14.0,"enemies":"Gremlin Nob","floor":12.0,"turns":4.0},{"damage":18.0,"enemies":"Lots of Slimes","floor":14.0,"turns":4.0},{"damage":24.0,"enemies":"Slime Boss","floor":16.0,"turns":10.0},{"damage":15.0,"enemies":"Chosen","floor":18.0,"turns":4.0},{"damage":11.0,"enemies":"Shell Parasite","floor":19.0,"turns":4.0},{"damage":33.0,"enemies":"Slavers","floor":23.0,"turns":5.0},{"damage":26.0,"enemies":"Shelled Parasite and Fungi","floor":25.0,"turns":4.0},{"damage":15.0,"enemies":"Centurion and Healer","floor":27.0,"turns":5.0},{"damage":5.0,"enemies":"Book of Stabbing","floor":28.0,"turns":5.0},{"damage":13.0,"enemies":"Snecko","floor":29.0,"turns":6.0},{"damage":2.0,"enemies":"Snake Plant","floor":30.0,"turns":5.0},{"damage":6.0,"enemies":"Automaton","floor":33.0,"turns":5.0},{"damage":25.0,"enemies":"3 Darklings","floor":35.0,"turns":4.0},{"damage":16.0,"enemies":"2 Orb Walkers","floor":37.0,"turns":4.0},{"damage":6.0,"enemies":"Orb Walker","floor":39.0,"turns":3.0},{"damage":26,"enemies":"3 Darklings","floor":45,"turns":3},{"damage":15,"enemies":"Spire Growth","floor":46,"turns":3},{"damage":26,"enemies":"Awakened One","floor":50,"turns":5}],"seed_played":"1406391321834255852","potions_obtained":[{"floor":5.0,"key":"Swift Potion"},{"floor":11.0,"key":"EssenceOfSteel"},{"floor":14.0,"key":"SteroidPotion"},{"floor":18.0,"key":"SkillPotion"},{"floor":23.0,"key":"Energy Potion"},{"floor":27.0,"key":"Poison Potion"},{"floor":28.0,"key":"Regen Potion"},{"floor":30.0,"key":"Strength Potion"},{"floor":33.0,"key":"PowerPotion"}],"is_trial":false,"path_per_floor":["M","$","?","M","M","R","$","R","T","R","M","E","$","M","R","B",null,"M","M","?","?","$","E","R","M","T","M","E","M","M","?","R","B",null,"M","?","?","?","M","R","?","R","T","$","M","M","R","$","R","B",null],"character_chosen":"DEFECT","items_purchased":["Go for the Eyes","Scrape","Chrysalis","Panache","All For One+1"],"campfire_rested":6,"item_purchase_floors":[2,7,22,48,48],"current_hp_per_floor":[62,62,62,62,52,52,52,74,74,74,70,56,56,38,60,36,65,50,39,39,39,39,6,28,2,2,27,22,24,22,22,44,38,66,41,41,25,62,56,56,56,56,56,56,31,17,36,36,55,30],"gold":60,"neow_bonus":"BOSS_RELIC","is_prod":false,"is_daily":false,"chose_seed":false,"campfire_upgraded":4,"win_rate":0,"timestamp":1562424696,"path_taken":["M","$","?","M","M","R","$","R","T","R","?","E","?","M","R","BOSS","M","M","?","?","$","E","R","?","T","M","E","?","?","?","R","BOSS","M","?","?","?","M","R","?","R","T","$","M","?","R","$","R","BOSS"],"build_version":"2019-07-05","purchased_purges":2,"victory":true,"max_hp_per_floor":[75,75,75,75,75,75,75,75,75,75,75,75,75,75,75,75,75,75,75,75,75,75,75,75,75,75,75,75,75,75,75,75,75,75,75,71,71,62,62,62,62,62,62,62,63,64,64,64,64,65],"card_choices":[{"not_picked":["Gash","Ball Lightning"],"picked":"Scrape","floor":1.0},{"not_picked":["Redo","Cold Snap","Ball Lightning"],"picked":"SKIP","floor":4.0},{"not_picked":["Hologram","Beam Cell"],"picked":"Gash","floor":5.0},{"not_picked":["Go for the Eyes","Barrage","Rebound"],"picked":"SKIP","floor":11.0},{"not_picked":["Hello World","Genetic Algorithm"],"picked":"Scrape","floor":12.0},{"not_picked":["Go for the Eyes","Streamline"],"picked":"Seek","floor":14.0},{"not_picked":["Fission","Electrodynamics"],"picked":"All For One","floor":16.0},{"not_picked":["Darkness","Cold Snap+1","Stack+1"],"picked":"SKIP","floor":18.0},{"not_picked":["Rebound","Blizzard"],"picked":"Gash","floor":19.0},{"not_picked":["Beam Cell","Cold Snap"],"picked":"White Noise+1","floor":23.0},{"not_picked":["Sweeping Beam","Cold Snap","Turbo"],"picked":"SKIP","floor":25.0},{"not_picked":["Redo","Sunder","Compile Driver+1"],"picked":"SKIP","floor":27.0},{"not_picked":["Conserve Battery","Compile Driver","Leap"],"picked":"SKIP","floor":28.0},{"not_picked":["Double Energy","Reinforced Body","Leap"],"picked":"SKIP","floor":29.0},{"not_picked":["Rebound+1","Electrodynamics"],"picked":"Gash+1","floor":30.0},{"not_picked":["Hyperbeam","Rainbow"],"picked":"Echo Form","floor":33.0},{"not_picked":["Conserve Battery","Barrage+1","Leap+1"],"picked":"SKIP","floor":35.0},{"not_picked":["Chill","Streamline"],"picked":"Gash+1","floor":39.0},{"not_picked":["Force Field+1","Storm+1","Consume+1"],"picked":"SKIP","floor":45},{"not_picked":["Rebound+1","Blizzard+1","Steam+1"],"picked":"SKIP","floor":46}],"player_experience":520966,"relics_obtained":[{"floor":9.0,"key":"Ornamental Fan"},{"floor":12.0,"key":"Art of War"},{"floor":23.0,"key":"DataDisk"},{"floor":26.0,"key":"Lantern"},{"floor":28.0,"key":"Gambling Chip"},{"floor":37.0,"key":"WingedGreaves"},{"floor":43.0,"key":"Molten Egg 2"}],"event_choices":[{"cards_removed":["Defend_B"],"damage_healed":0.0,"max_hp_gain":0.0,"max_hp_loss":0.0,"gold_gain":0.0,"event_name":"Bonfire Elementals","player_choice":"Offered Basic","floor":3.0,"gold_loss":0.0,"damage_taken":0.0},{"cards_removed":["Strike_B"],"damage_healed":0.0,"max_hp_gain":0.0,"max_hp_loss":0.0,"gold_gain":0.0,"event_name":"Back to Basics","player_choice":"Elegance","floor":20.0,"gold_loss":0.0,"damage_taken":0.0},{"damage_healed":0.0,"max_hp_gain":0.0,"max_hp_loss":0.0,"gold_gain":0.0,"event_name":"Match and Keep!","player_choice":"1 cards matched","floor":21.0,"gold_loss":0.0,"damage_taken":0.0,"cards_obtained":["Purity"]},{"damage_healed":0.0,"max_hp_gain":0.0,"max_hp_loss":0.0,"gold_gain":0.0,"event_name":"Ghosts","player_choice":"Ignored","floor":31.0,"gold_loss":0.0,"damage_taken":0.0},{"damage_healed":0.0,"max_hp_gain":0.0,"max_hp_loss":4.0,"gold_gain":0.0,"event_name":"Winding Halls","player_choice":"Max HP","floor":36.0,"gold_loss":0.0,"damage_taken":0.0},{"damage_healed":0.0,"max_hp_gain":0.0,"max_hp_loss":0.0,"gold_gain":0.0,"event_name":"Mysterious Sphere","player_choice":"Fight","floor":37.0,"gold_loss":0.0,"damage_taken":0.0},{"damage_healed":62.0,"max_hp_gain":0.0,"max_hp_loss":9.0,"gold_gain":0.0,"event_name":"The Moai Head","player_choice":"Heal","floor":38.0,"gold_loss":0.0,"damage_taken":0.0},{"damage_healed":0.0,"max_hp_gain":0.0,"max_hp_loss":0.0,"gold_gain":0.0,"event_name":"FaceTrader","player_choice":"Trade","floor":41.0,"gold_loss":0.0,"damage_taken":0.0,"relics_obtained":["FaceOfCleric"]}],"is_beta":false,"boss_relics":[{"not_picked":["Fusion Hammer","Snecko Eye"],"picked":"Lizard Tail"},{"not_picked":["Inserter","Calling Bell"],"picked":"Sozu"}],"items_purged_floors":[2,44],"is_endless":false,"potions_floor_spawned":[5,11,14,18,23,27,28,30,33,37,39],"ascension_level":10}