{"gold_per_floor":[361,361,361,382,74,74,118,199,199,199,240,60,60,98,98,98],"floor_reached":16,"playtime":690,"items_purged":["Regret"],"score":137,"play_id":"e69bf289-3e84-409d-8ca4-d6c94e631e3c","local_time":"20190502113852","is_ascension_mode":true,"campfire_choices":[{"data":"Neutralize","floor":6,"key":"SMITH"},{"floor":10,"key":"REST"},{"data":"Cloak And Dagger","floor":13,"key":"SMITH"},{"data":"Noxious Fumes","floor":15,"key":"SMITH"}],"neow_cost":"TEN_PERCENT_HP_LOSS","seed_source_timestamp":1235892028656,"circlet_count":0,"master_deck":["Defend_G","Defend_G","Defend_G","Defend_G","Defend_G","Strike_G","Strike_G","Strike_G","Strike_G","Strike_G","Survivor","Neutralize+1","Noxious Fumes+1","Injury","Cloak And Dagger+1","Quick Slash","Noxious Fumes","Dash","Heel Hook","Outmaneuver","Caltrops+1","Cloak And Dagger","Prepared"],"relics":["Ring of the Snake","Golden Idol","Letter Opener","Pen Nib","Ornamental Fan","Turnip","Frozen Egg 2","Unceasing Top","Art of War"],"potions_floor_usage":[7,14,14,16],"damage_taken":[{"damage":0,"enemies":"Jaw Worm","floor":1,"turns":4},{"damage":8,"enemies":"Small Slimes","floor":4,"turns":5},{"damage":16,"enemies":"Lagavulin","floor":7,"turns":7},{"damage":19,"enemies":"3 Sentries","floor":8,"turns":6},{"damage":19,"enemies":"Gremlin Nob","floor":11,"turns":5},{"damage":4,"enemies":"3 Sentries","floor":14,"turns":6},{"damage":46,"enemies":"Slime Boss","floor":16,"turns":7}],"seed_played":"-6873422613852185834","potions_obtained":[{"floor":1,"key":"Regen Potion"},{"floor":8,"key":"Block Potion"},{"floor":14,"key":"FearPotion"}],"is_trial":false,"path_per_floor":["M","?","?","M","$","R","E","?","T","R","E","$","R","E","R","B"],"character_chosen":"THE_SILENT","items_purchased":["Pen Nib","Quick Slash","Noxious Fumes","Caltrops+1","Regen Potion","Cloak And Dagger"],"campfire_rested":1,"item_purchase_floors":[5,5,5,12,12,12],"current_hp_per_floor":[63,63,63,55,55,55,51,32,32,50,31,31,31,41,41,0],"gold":98,"neow_bonus":"TWO_FIFTY_GOLD","is_prod":false,"is_daily":false,"chose_seed":false,"campfire_upgraded":3,"win_rate":0,"timestamp":1556761132,"path_taken":["M","?","?","M","$","R","E","?","T","R","E","?","R","E","R","BOSS"],"build_version":"2019-01-23","purchased_purges":1,"victory":false,"max_hp_per_floor":[63,63,63,63,63,63,63,63,63,63,63,63,63,63,63,63],"card_choices":[{"not_picked":["Terror","Sucker Punch"],"picked":"Noxious Fumes","floor":1},{"not_picked":["Accuracy","Reflex"],"picked":"Cloak And Dagger","floor":4},{"not_picked":["Choke","Noxious Fumes"],"picked":"Dash","floor":7},{"not_picked":["Quick Slash","Slice"],"picked":"Heel Hook","floor":8},{"not_picked":["Crippling Poison","Acrobatics"],"picked":"Outmaneuver","floor":11},{"not_picked":["Bane","Crippling Poison"],"picked":"Prepared","floor":14}],"player_experience":568540,"relics_obtained":[{"floor":7,"key":"Ornamental Fan"},{"floor":9,"key":"Frozen Egg 2"},{"floor":11,"key":"Unceasing Top"},{"floor":14,"key":"Art of War"}],"event_choices":[{"damage_healed":0,"gold_gain":0,"player_choice":"Take Wound","damage_taken":0,"relics_obtained":["Golden Idol"],"max_hp_gain":0,"max_hp_loss":0,"event_name":"Golden Idol","floor":2,"gold_loss":0,"cards_obtained":["Injury"]},{"damage_healed":0,"gold_gain":0,"player_choice":"Box","damage_taken":0,"relics_obtained":["Letter Opener"],"max_hp_gain":0,"max_hp_loss":0,"event_name":"Big Fish","floor":3,"gold_loss":0,"cards_obtained":["Regret"]},{"damage_healed":0,"gold_gain":0,"player_choice":"Searched \u00272\u0027 times","damage_taken":0,"relics_obtained":["Turnip"],"max_hp_gain":0,"max_hp_loss":0,"event_name":"Dead Adventurer","floor":8,"gold_loss":0}],"is_beta":false,"boss_relics":[],"items_purged_floors":[5],"is_endless":false,"potions_floor_spawned":[1,8,14],"killed_by":"Slime Boss","ascension_level":4}