{"gold_per_floor":[111,36,1,1,13,13,48,48,48,73,73,23,23,42,42,42],"floor_reached":16,"playtime":803,"items_purged":["Strike_B","Strike_B"],"score":164,"play_id":"45160363-1886-4f5e-b629-50dc8aff4738","local_time":"20190220162637","is_ascension_mode":true,"campfire_choices":[{"data":"Gash","floor":6,"key":"SMITH"},{"data":"Genetic Algorithm","floor":8,"key":"SMITH"},{"floor":13,"key":"REST"},{"floor":15,"key":"REST"}],"neow_cost":"NONE","seed_source_timestamp":77559750264021,"circlet_count":0,"master_deck":["Strike_B","Strike_B","Defend_B","Defend_B","Defend_B","Defend_B","Zap","Dualcast","Gash+1","Genetic Algorithm+1"],"relics":["Cracked Core","NeowsBlessing","Oddly Smooth Stone","Peace Pipe","Smiling Mask","Golden Idol"],"potions_floor_usage":[10],"damage_taken":[{"damage":0,"enemies":"Small Slimes","floor":1,"turns":1},{"damage":0,"enemies":"Jaw Worm","floor":5,"turns":1},{"damage":0,"enemies":"Gremlin Nob","floor":7,"turns":1},{"damage":50,"enemies":"3 Sentries","floor":10,"turns":10},{"damage":0,"enemies":"2 Louse","floor":14,"turns":2},{"damage":68,"enemies":"Slime Boss","floor":16,"turns":10}],"seed_played":"5677568438170783131","potions_obtained":[{"floor":7,"key":"SkillPotion"},{"floor":10,"key":"Strength Potion"}],"is_trial":false,"path_per_floor":["M","$","?","$","M","R","E","R","T","E","?","$","R","M","R","B"],"character_chosen":"DEFECT","items_purchased":[],"campfire_rested":2,"item_purchase_floors":[],"current_hp_per_floor":[75,75,75,75,75,75,75,75,75,25,25,25,45,45,65,0],"gold":42,"neow_bonus":"THREE_ENEMY_KILL","is_prod":false,"is_daily":false,"chose_seed":false,"campfire_upgraded":2,"win_rate":0,"timestamp":1550701597,"path_taken":["M","$","?","$","M","R","E","R","T","E","?","$","R","M","R","BOSS"],"build_version":"2019-01-23","purchased_purges":2,"victory":false,"max_hp_per_floor":[75,75,75,75,75,75,75,75,75,75,69,69,69,69,69,69],"card_choices":[{"not_picked":["Turbo","Coolheaded"],"picked":"Gash","floor":1},{"not_picked":["Rebound","Beam Cell","Loop"],"picked":"SKIP","floor":5},{"not_picked":["Lockon","Compile Driver"],"picked":"Genetic Algorithm","floor":7},{"not_picked":["Buffer","Force Field","Rip and Tear"],"picked":"SKIP","floor":10},{"not_picked":["Undo","Lockon","Heatsinks"],"picked":"SKIP","floor":14}],"player_experience":420685,"relics_obtained":[{"floor":7,"key":"Oddly Smooth Stone"},{"floor":9,"key":"Peace Pipe"},{"floor":10,"key":"Smiling Mask"}],"event_choices":[{"damage_healed":18,"gold_gain":0,"player_choice":"Healed","damage_taken":0,"max_hp_gain":0,"max_hp_loss":0,"event_name":"The Cleric","floor":3,"gold_loss":35},{"damage_healed":0,"gold_gain":0,"player_choice":"Lose Max HP","damage_taken":0,"relics_obtained":["Golden Idol"],"max_hp_gain":0,"max_hp_loss":6,"event_name":"Golden Idol","floor":11,"gold_loss":0}],"is_beta":false,"boss_relics":[],"items_purged_floors":[2,12],"is_endless":false,"potions_floor_spawned":[7,10],"killed_by":"Slime Boss","ascension_level":5}