{"gold_per_floor":[112,13,28,46,46,46,46,61,61,81,101,18,50,65,65,160,160,173,189,264,284,284,284,284,284,284,316,328,340,363,375],"floor_reached":31,"playtime":1262,"items_purged":[],"score":282,"play_id":"8d71b4d7-dcfc-46b8-961e-07839f6bf174","local_time":"20190327192325","is_ascension_mode":false,"campfire_choices":[{"data":"Pommel Strike","floor":6,"key":"SMITH"},{"data":"Dual Wield","floor":15,"key":"SMITH"},{"floor":23,"key":"REST"},{"data":"Perfected Strike","floor":25,"key":"SMITH"},{"floor":29,"key":"REST"}],"neow_cost":"NONE","seed_source_timestamp":31121477909129,"circlet_count":0,"master_deck":["Strike_R","Strike_R","Strike_R","Strike_R","Strike_R","Defend_R","Defend_R","Defend_R","Defend_R","Bash+1","Cleave","Anger","Pommel Strike+1","Twin Strike+1","Anger","Dropkick","Clothesline","Anger","Body Slam","Perfected Strike+1","Dual Wield+1","Intimidate","Pommel Strike","Immolate","Warcry+1","Thunderclap+1","Twin Strike","Decay","Iron Wave","Twin Strike","Anger"],"relics":["Black Blood","Paper Frog","Pear","MawBank"],"potions_floor_usage":[10,11,13,16,27,27],"damage_taken":[{"damage":1,"enemies":"Cultist","floor":1,"turns":3},{"damage":0,"enemies":"Small Slimes","floor":3,"turns":3},{"damage":2,"enemies":"2 Louse","floor":4,"turns":2},{"damage":5,"enemies":"Large Slime","floor":8,"turns":4},{"damage":1,"enemies":"Exordium Wildlife","floor":10,"turns":3},{"damage":20,"enemies":"Gremlin Gang","floor":11,"turns":5},{"damage":15,"enemies":"3 Sentries","floor":13,"turns":4},{"damage":7,"enemies":"3 Louse","floor":14,"turns":2},{"damage":56,"enemies":"The Guardian","floor":16,"turns":10},{"damage":5,"enemies":"Chosen","floor":18,"turns":3},{"damage":22,"enemies":"Shell Parasite","floor":19,"turns":3},{"damage":40,"enemies":"Centurion and Healer","floor":21,"turns":5},{"damage":58,"enemies":"Book of Stabbing","floor":27,"turns":6},{"damage":34,"enemies":"Snecko","floor":30,"turns":6},{"damage":27,"enemies":"Sentry and Sphere","floor":31,"turns":4}],"seed_played":"3433817755072335424","potions_obtained":[{"floor":1,"key":"Strength Potion"},{"floor":8,"key":"BloodPotion"},{"floor":11,"key":"EssenceOfSteel"},{"floor":13,"key":"EssenceOfSteel"},{"floor":16,"key":"Weak Potion"},{"floor":18,"key":"SpeedPotion"},{"floor":19,"key":"Explosive Potion"}],"is_trial":false,"path_per_floor":["M","$","M","M","?","R","?","M","T","M","M","$","E","M","R","B",null,"M","M","?","M","?","R","?","R","T","E","$","R","M","M"],"character_chosen":"IRONCLAD","items_purchased":["Pommel Strike","Twin Strike","Perfected Strike","Dual Wield"],"campfire_rested":2,"item_purchase_floors":[2,2,12,12],"current_hp_per_floor":[80,80,80,80,80,80,80,80,80,80,74,74,75,74,74,24,90,90,78,69,39,39,66,66,66,66,18,18,45,21,0],"gold":375,"neow_bonus":"THREE_CARDS","is_prod":false,"is_daily":false,"chose_seed":false,"campfire_upgraded":3,"win_rate":0,"timestamp":1553678605,"path_taken":["M","?","M","M","?","R","?","M","T","M","M","$","E","M","R","BOSS","M","M","?","?","?","R","?","R","T","E","?","R","M","M"],"build_version":"2019-01-23","purchased_purges":0,"victory":false,"max_hp_per_floor":[80,80,80,80,80,80,80,80,80,80,80,80,90,90,90,90,90,90,90,90,90,90,90,90,90,90,90,90,90,90,90],"card_choices":[{"not_picked":["Armaments","Shockwave"],"picked":"Cleave","floor":0},{"not_picked":["Entrench","Pummel"],"picked":"Anger","floor":1},{"not_picked":["Warcry","Sentinel"],"picked":"Anger","floor":3},{"not_picked":["Iron Wave","Body Slam"],"picked":"Dropkick","floor":4},{"not_picked":["Bloodletting","Pommel Strike"],"picked":"Clothesline","floor":8},{"not_picked":["Headbutt","Dropkick"],"picked":"Anger","floor":10},{"not_picked":["Hemokinesis","True Grit"],"picked":"Body Slam","floor":11},{"not_picked":["Corruption","Warcry"],"picked":"Intimidate","floor":13},{"not_picked":["Second Wind","Combust"],"picked":"Pommel Strike","floor":14},{"not_picked":["Bludgeon","Offering"],"picked":"Immolate","floor":16},{"not_picked":["Second Wind","Sword Boomerang"],"picked":"Warcry+1","floor":18},{"not_picked":["Pummel","Havoc"],"picked":"Thunderclap+1","floor":19},{"not_picked":["Thunderclap","Metallicize"],"picked":"Twin Strike","floor":21},{"not_picked":["Clothesline","Seeing Red"],"picked":"Twin Strike","floor":27},{"not_picked":["Cleave","Uppercut"],"picked":"Anger","floor":30}],"player_experience":205333,"relics_obtained":[{"floor":9,"key":"Paper Frog"},{"floor":13,"key":"Pear"},{"floor":27,"key":"MawBank"}],"event_choices":[{"damage_healed":0,"gold_gain":0,"player_choice":"Grow","damage_taken":0,"max_hp_gain":0,"max_hp_loss":0,"event_name":"Living Wall","floor":5,"gold_loss":0,"cards_upgraded":["Bash"]},{"damage_healed":0,"gold_gain":0,"player_choice":"Upgraded","damage_taken":0,"max_hp_gain":0,"max_hp_loss":0,"event_name":"Upgrade Shrine","floor":7,"gold_loss":0,"cards_upgraded":["Twin Strike"]},{"damage_healed":0,"gold_gain":75,"player_choice":"Touch","damage_taken":9,"max_hp_gain":0,"max_hp_loss":0,"event_name":"FaceTrader","floor":20,"gold_loss":0},{"damage_healed":0,"gold_gain":0,"player_choice":"Smashed Altar","damage_taken":0,"max_hp_gain":0,"max_hp_loss":0,"event_name":"Forgotten Altar","floor":22,"gold_loss":0,"cards_obtained":["Decay"]},{"damage_healed":0,"gold_gain":0,"player_choice":"Read","damage_taken":0,"max_hp_gain":0,"max_hp_loss":0,"event_name":"The Library","floor":24,"gold_loss":0,"cards_obtained":["Iron Wave"]}],"is_beta":false,"boss_relics":[{"not_picked":["Velvet Choker","Ectoplasm"],"picked":"Black Blood"}],"items_purged_floors":[],"is_endless":false,"potions_floor_spawned":[1,8,11,13,16,18,19],"killed_by":"Sentry and Sphere","ascension_level":0}