{"gold_per_floor":[209,223,239,164,164,197,197,211,262,282,282,294,244,194,194,194],"floor_reached":16,"playtime":354,"items_purged":["Strike_R","Strike_R","Defend_R"],"score":117,"play_id":"5dbd7766-690a-467e-af81-0713098b7d89","local_time":"20190115175710","is_ascension_mode":true,"campfire_choices":[{"data":"Clash","floor":7,"key":"SMITH"},{"data":"Rage","floor":15,"key":"SMITH"}],"neow_cost":"NONE","seed_source_timestamp":532431797731297,"circlet_count":0,"master_deck":["Strike_R","Strike_R","Strike_R","Defend_R","Defend_R","Bash","Clash+1","Rage+1"],"relics":["Burning Blood","Ornamental Fan","Smiling Mask"],"potions_floor_usage":[16],"damage_taken":[{"damage":14,"enemies":"Jaw Worm","floor":1,"turns":3},{"damage":6,"enemies":"Cultist","floor":2,"turns":3},{"damage":1,"enemies":"2 Louse","floor":3,"turns":3},{"damage":25,"enemies":"Lagavulin","floor":6,"turns":6},{"damage":6,"enemies":"Exordium Wildlife","floor":8,"turns":4},{"damage":11,"enemies":"Looter","floor":10,"turns":3},{"damage":0,"enemies":"2 Fungi Beasts","floor":12,"turns":3},{"damage":57,"enemies":"Hexaghost","floor":16,"turns":9}],"seed_played":"-4869888510394983824","potions_obtained":[{"floor":5,"key":"Fruit Juice"},{"floor":5,"key":"Explosive Potion"},{"floor":5,"key":"EntropicBrew"}],"is_trial":false,"path_per_floor":["M","M","M","$","?","E","R","M","T","M","?","M","$","$","R","B"],"character_chosen":"IRONCLAD","items_purchased":[],"campfire_rested":0,"item_purchase_floors":[],"current_hp_per_floor":[72,72,77,77,77,58,58,58,58,53,46,52,52,52,52,0],"gold":194,"neow_bonus":"HUNDRED_GOLD","is_prod":false,"is_daily":false,"chose_seed":false,"campfire_upgraded":2,"win_rate":0,"timestamp":1547593030,"path_taken":["M","M","M","$","?","E","R","M","T","?","?","M","?","$","R","BOSS"],"build_version":"2019-01-10","purchased_purges":3,"victory":false,"max_hp_per_floor":[80,80,80,80,80,80,80,80,80,80,80,80,80,80,80,85],"card_choices":[{"not_picked":["Havoc","Clothesline","Hemokinesis"],"picked":"SKIP","floor":1},{"not_picked":["Cleave","Shrug It Off","Heavy Blade"],"picked":"SKIP","floor":2},{"not_picked":["Pummel","Shrug It Off"],"picked":"Clash","floor":3},{"not_picked":["Metallicize","Fire Breathing","Seeing Red"],"picked":"SKIP","floor":6},{"not_picked":["Uppercut","Clash","Armaments"],"picked":"SKIP","floor":8},{"not_picked":["Clash","Body Slam","Havoc"],"picked":"SKIP","floor":10},{"not_picked":["Infernal Blade","Twin Strike"],"picked":"Rage","floor":12}],"player_experience":79058,"relics_obtained":[{"floor":6,"key":"Ornamental Fan"},{"floor":9,"key":"Smiling Mask"}],"event_choices":[{"damage_healed":0,"gold_gain":0,"player_choice":"Got Potions","damage_taken":0,"max_hp_gain":0,"max_hp_loss":0,"event_name":"Lab","floor":5,"gold_loss":0},{"cards_removed":["Defend_R"],"damage_healed":0,"gold_gain":0,"player_choice":"Card Removal","damage_taken":7,"max_hp_gain":0,"max_hp_loss":0,"event_name":"Golden Wing","floor":11,"gold_loss":0}],"is_beta":false,"boss_relics":[],"items_purged_floors":[4,13,14],"is_endless":false,"potions_floor_spawned":[8,10,12],"killed_by":"Hexaghost","ascension_level":3}