{"gold_per_floor":[114,114,132,147,166,199,199,28,52,79,97,116,16,16,16,117,117,137,137,62,141,154,185,185,185,211,86,103,114,132,132,132,132],"floor_reached":33,"playtime":1975,"items_purged":["Strike_R","Strike_R","Strike_R"],"score":267,"play_id":"a7cd5145-1c33-4e45-9971-f73ce2d10d8a","local_time":"20190708191816","is_ascension_mode":false,"campfire_choices":[{"floor":7,"key":"REST"},{"data":"Armaments","floor":15,"key":"SMITH"},{"data":"Demon Form","floor":24,"key":"SMITH"},{"data":"Barricade","floor":32,"key":"SMITH"}],"neow_cost":"NONE","seed_source_timestamp":30152486090327,"circlet_count":0,"master_deck":["Defend_R","Defend_R","Defend_R+1","Defend_R","Bash","Clothesline","Shockwave+1","Battle Trance","Whirlwind","Combust","Armaments+1","Metallicize","Carnage","Hemokinesis","Demon Form+1","Rupture+1","Fire Breathing","Dropkick","Shrug It Off","Cleave","Barricade+1"],"relics":["Runic Dome","Regal Pillow","Bag of Preparation","War Paint","Happy Flower","Coffee Dripper","Question Card","FossilizedHelix","Blood Vial"],"potions_floor_usage":[23,23,23],"damage_taken":[{"damage":5,"enemies":"Small Slimes","floor":1,"turns":3},{"damage":0,"enemies":"Cultist","floor":3,"turns":2},{"damage":8,"enemies":"Jaw Worm","floor":4,"turns":3},{"damage":6,"enemies":"Blue Slaver","floor":5,"turns":3},{"damage":20,"enemies":"Gremlin Nob","floor":6,"turns":4},{"damage":8,"enemies":"2 Fungi Beasts","floor":11,"turns":3},{"damage":4,"enemies":"Exordium Wildlife","floor":12,"turns":4},{"damage":26,"enemies":"The Guardian","floor":16,"turns":7},{"damage":22,"enemies":"Shell Parasite","floor":18,"turns":4},{"damage":4,"enemies":"Chosen","floor":22,"turns":3},{"damage":28,"enemies":"Slavers","floor":23,"turns":4},{"damage":16,"enemies":"Shelled Parasite and Fungi","floor":28,"turns":5},{"damage":1,"enemies":"Centurion and Healer","floor":29,"turns":4},{"damage":6,"enemies":"Chosen and Byrds","floor":30,"turns":3},{"damage":14,"enemies":"Automaton","floor":33,"turns":4}],"seed_played":"-7900335874568031605","potions_obtained":[{"floor":4,"key":"Dexterity Potion"},{"floor":5,"key":"Dexterity Potion"},{"floor":6,"key":"SpeedPotion"},{"floor":11,"key":"Fire Potion"},{"floor":22,"key":"PowerPotion"}],"is_trial":false,"path_per_floor":["M","?","M","M","M","E","R","$","T","T","M","M","$","?","R","B",null,"M","?","?","T","M","E","R","?","T","$","M","M","M","?","R","B"],"character_chosen":"IRONCLAD","items_purchased":["Armaments","Metallicize"],"campfire_rested":1,"item_purchase_floors":[8,8],"current_hp_per_floor":[75,75,75,67,61,41,80,80,80,80,72,68,68,61,61,35,80,58,58,58,58,54,26,26,26,26,26,12,13,9,9,9,0],"gold":132,"neow_bonus":"BOSS_RELIC","is_prod":false,"is_daily":false,"chose_seed":false,"campfire_upgraded":3,"win_rate":0.0,"timestamp":1562606296,"path_taken":["M","?","M","M","?","E","R","$","T","?","M","?","$","?","R","BOSS","M","?","?","?","M","E","R","?","T","$","M","M","?","?","R","BOSS"],"build_version":"2019-07-05","purchased_purges":3,"victory":false,"max_hp_per_floor":[80,80,80,80,80,80,80,80,80,80,80,80,80,80,80,80,80,80,80,80,80,80,80,80,80,80,80,80,80,80,80,80,80],"card_choices":[{"not_picked":["Perfected Strike","Sword Boomerang"],"picked":"Clothesline","floor":1},{"not_picked":["Burning Pact","Shrug It Off"],"picked":"Shockwave","floor":3},{"not_picked":["Blood for Blood","True Grit"],"picked":"Battle Trance","floor":4},{"not_picked":["Limit Break","Clash"],"picked":"Whirlwind","floor":5},{"not_picked":["Pommel Strike","Heavy Blade"],"picked":"Combust","floor":6},{"not_picked":["Warcry","Anger"],"picked":"Carnage","floor":11},{"not_picked":["Second Wind","Thunderclap"],"picked":"Hemokinesis","floor":12},{"not_picked":["Juggernaut","Brutality"],"picked":"Demon Form","floor":16},{"not_picked":["True Grit","Shockwave"],"picked":"Rupture+1","floor":18},{"not_picked":["Shrug It Off+1","Flame Barrier","Flex"],"picked":"Fire Breathing","floor":22},{"not_picked":["True Grit","Headbutt","Thunderclap"],"picked":"Dropkick","floor":23},{"not_picked":["Perfected Strike","Bloodletting","Entrench"],"picked":"Shrug It Off","floor":28},{"not_picked":["Thunderclap","Entrench","Second Wind"],"picked":"Cleave","floor":29},{"not_picked":["True Grit","Entrench","Heavy Blade"],"picked":"Barricade","floor":30}],"player_experience":23120,"relics_obtained":[{"floor":6,"key":"Regal Pillow"},{"floor":9,"key":"Bag of Preparation"},{"floor":10,"key":"War Paint"},{"floor":21,"key":"Question Card"},{"floor":23,"key":"FossilizedHelix"},{"floor":26,"key":"Blood Vial"}],"event_choices":[{"cards_removed":["Strike_R"],"damage_healed":0,"gold_gain":0,"player_choice":"Purged","damage_taken":0,"max_hp_gain":0,"max_hp_loss":0,"event_name":"Purifier","floor":2,"gold_loss":0},{"damage_healed":0,"gold_gain":0,"player_choice":"Success","damage_taken":7,"relics_obtained":["Happy Flower"],"max_hp_gain":0,"max_hp_loss":0,"event_name":"Scrap Ooze","floor":14,"gold_loss":0},{"damage_healed":0,"gold_gain":0,"player_choice":"Ignored","damage_taken":0,"max_hp_gain":0,"max_hp_loss":0,"event_name":"Ghosts","floor":19,"gold_loss":0},{"cards_removed":["Strike_R"],"damage_healed":0,"gold_gain":0,"player_choice":"Gave Gold","damage_taken":0,"max_hp_gain":0,"max_hp_loss":0,"event_name":"Beggar","floor":20,"gold_loss":75},{"damage_healed":0,"gold_gain":0,"player_choice":"Ignored","damage_taken":0,"max_hp_gain":0,"max_hp_loss":0,"event_name":"Vampires","floor":25,"gold_loss":0},{"damage_healed":0,"gold_gain":0,"player_choice":"Ignored","damage_taken":0,"max_hp_gain":0,"max_hp_loss":0,"event_name":"Cursed Tome","floor":31,"gold_loss":0}],"is_beta":false,"boss_relics":[{"not_picked":["White Beast Statue","Empty Cage"],"picked":"Coffee Dripper"}],"items_purged_floors":[8,13,27],"is_endless":false,"potions_floor_spawned":[4,5,6,11,22],"killed_by":"Automaton","ascension_level":0}