{"gold_per_floor":[112,112,127,147,157,157,45,57,57,57,232,96,96,116,116,239,302,320,260,280,280],"floor_reached":21,"playtime":2656,"items_purged":["Strike_B","Doubt"],"score":214,"play_id":"5e7c7be9-c5f8-40d8-ae8b-bb9d67b3ba38","local_time":"20190226214805","is_ascension_mode":true,"campfire_choices":[{"data":"Seek","floor":6,"key":"SMITH"},{"data":"White Noise","floor":10,"key":"SMITH"},{"floor":15,"key":"REST"}],"neow_cost":"NONE","seed_source_timestamp":613428318878861,"circlet_count":0,"master_deck":["Strike_B","Strike_B","Strike_B","Defend_B","Defend_B","Defend_B","Defend_B+1","Zap","Dualcast","Forethought+1","Seek+1","Defragment","White Noise+1","Capacitor","Echo Form","Glacier"],"relics":["Cracked Core","Question Card","Golden Idol","Tiny House","Unceasing Top"],"potions_floor_usage":[16,16,18,21],"damage_taken":[{"damage":4,"enemies":"Jaw Worm","floor":1,"turns":4},{"damage":1,"enemies":"Cultist","floor":3,"turns":4},{"damage":6,"enemies":"2 Louse","floor":4,"turns":2},{"damage":3,"enemies":"Blue Slaver","floor":5,"turns":3},{"damage":10,"enemies":"3 Louse","floor":8,"turns":4},{"damage":11,"enemies":"Exordium Thugs","floor":14,"turns":3},{"damage":27,"enemies":"Hexaghost","floor":16,"turns":7},{"damage":17,"enemies":"Shell Parasite","floor":18,"turns":9},{"damage":34,"enemies":"3 Byrds","floor":20,"turns":6},{"damage":30,"enemies":"Cultist and Chosen","floor":21,"turns":5}],"seed_played":"-6606995140077572229","potions_obtained":[{"floor":5,"key":"Poison Potion"},{"floor":8,"key":"AttackPotion"},{"floor":16,"key":"Regen Potion"},{"floor":17,"key":"Poison Potion"},{"floor":18,"key":"AttackPotion"},{"floor":20,"key":"Poison Potion"}],"is_trial":false,"path_per_floor":["M","?","M","M","M","R","$","M","T","R","?","$","?","M","R","B",null,"M","?","M","M"],"character_chosen":"DEFECT","items_purchased":["Defragment","Capacitor"],"campfire_rested":1,"item_purchase_floors":[7,12],"current_hp_per_floor":[71,71,70,64,61,61,61,51,51,51,51,51,33,22,44,17,66,64,64,30,0],"gold":280,"neow_bonus":"RANDOM_COLORLESS","is_prod":false,"is_daily":false,"chose_seed":false,"campfire_upgraded":2,"win_rate":0,"timestamp":1551239285,"path_taken":["M","?","M","?","M","R","$","?","T","R","?","$","?","M","R","BOSS","M","?","M","M"],"build_version":"2019-01-23","purchased_purges":2,"victory":false,"max_hp_per_floor":[75,75,75,75,75,75,75,75,75,75,75,75,75,75,75,75,80,80,80,80,80],"card_choices":[{"not_picked":["Stack","Force Field","Redo"],"picked":"SKIP","floor":1},{"not_picked":["Cold Snap","Conserve Battery","Hologram"],"picked":"SKIP","floor":3},{"not_picked":["Hologram","Conserve Battery","Turbo"],"picked":"SKIP","floor":4},{"not_picked":["Defragment","Cold Snap"],"picked":"Seek","floor":5},{"not_picked":["Rip and Tear","Gash"],"picked":"White Noise","floor":8},{"not_picked":["Compile Driver","Sweeping Beam","Heatsinks","Stack"],"picked":"SKIP","floor":14},{"not_picked":["Reboot","Multi-Cast","Fission"],"picked":"Echo Form","floor":16},{"not_picked":["Barrage","Capacitor","Hologram"],"picked":"Glacier","floor":17},{"not_picked":["Steam","Coolheaded","Cold Snap","Melter"],"picked":"SKIP","floor":18},{"not_picked":["Ball Lightning+1","Sweeping Beam","Go for the Eyes","Leap"],"picked":"SKIP","floor":20}],"player_experience":441275,"relics_obtained":[{"floor":9,"key":"Question Card"}],"event_choices":[{"damage_healed":0,"gold_gain":0,"player_choice":"Forge","damage_taken":0,"max_hp_gain":0,"max_hp_loss":0,"event_name":"Accursed Blacksmith","floor":2,"gold_loss":0,"cards_upgraded":["Forethought"]},{"damage_healed":0,"gold_gain":175,"player_choice":"AGREE","damage_taken":0,"max_hp_gain":0,"max_hp_loss":0,"event_name":"Liars Game","floor":11,"gold_loss":0,"cards_obtained":["Doubt"]},{"damage_healed":0,"gold_gain":0,"player_choice":"Take Damage","damage_taken":18,"relics_obtained":["Golden Idol"],"max_hp_gain":0,"max_hp_loss":0,"event_name":"Golden Idol","floor":13,"gold_loss":0},{"damage_healed":0,"gold_gain":0,"player_choice":"Paid Gold","damage_taken":0,"relics_obtained":["Unceasing Top"],"max_hp_gain":0,"max_hp_loss":0,"event_name":"WeMeetAgain","floor":19,"gold_loss":60}],"is_beta":false,"boss_relics":[{"not_picked":["Sozu","Black Star"],"picked":"Tiny House"}],"items_purged_floors":[7,12],"is_endless":false,"potions_floor_spawned":[5,8,16,18,20],"killed_by":"Cultist and Chosen","ascension_level":5}