{"gold_per_floor":[13,26,38,55,71,71,84,114,114,144,144,173,173,186,186,282,282,292,66,66,80,80,80,115,131,158,173,173,188,188,45,45,146,146,165,184,184,196,219,219,238,238,238,138,238,238,238,249,249,249],"floor_reached":51,"playtime":1568,"items_purged":["Strike_R","Regret"],"score":912,"play_id":"001ea43c-60a0-40e3-9b82-1e09bcc3aaf8","local_time":"20190119234407","is_ascension_mode":true,"campfire_choices":[{"data":"Dual Wield","floor":6.0,"key":"SMITH"},{"floor":13.0,"key":"REST"},{"data":"Clash","floor":15.0,"key":"SMITH"},{"data":"Demon Form","floor":23.0,"key":"SMITH"},{"floor":32.0,"key":"REST"},{"floor":40,"key":"REST"},{"floor":46,"key":"REST"},{"floor":49,"key":"REST"}],"neow_cost":"NO_GOLD","seed_source_timestamp":217396940480030,"circlet_count":0,"master_deck":["Strike_R+1","Strike_R+1","Defend_R+1","Defend_R+1","Defend_R+1","Bash","Pommel Strike","Armaments+1","Clash+1","Dual Wield+1","Double Tap+1","Demon Form+1","Heavy Blade","Disarm+1","Decay","Injury","Shrug It Off+1"],"special_seed":0,"relics":["Burning Blood","Juzu Bracelet","Mango","Singing Bowl","Odd Mushroom","Busted Crown","Strawberry","Charon\u0027s Ashes","Anchor","War Paint","Cursed Key","Happy Flower","Sundial","Thread and Needle"],"potions_floor_usage":[38,41,45,50,50],"damage_taken":[{"damage":0.0,"enemies":"Small Slimes","floor":1.0,"turns":3.0},{"damage":11.0,"enemies":"Jaw Worm","floor":2.0,"turns":4.0},{"damage":0.0,"enemies":"2 Louse","floor":3.0,"turns":2.0},{"damage":7.0,"enemies":"Looter","floor":4.0,"turns":3.0},{"damage":2.0,"enemies":"Exordium Wildlife","floor":5.0,"turns":3.0},{"damage":20.0,"enemies":"3 Louse","floor":7.0,"turns":4.0},{"damage":60.0,"enemies":"3 Sentries","floor":10.0,"turns":12.0},{"damage":33.0,"enemies":"The Mushroom Lair","floor":12.0,"turns":5.0},{"damage":11.0,"enemies":"Blue Slaver","floor":14.0,"turns":3.0},{"damage":43.0,"enemies":"The Guardian","floor":16.0,"turns":6.0},{"damage":6.0,"enemies":"Spheric Guardian","floor":18.0,"turns":3.0},{"damage":7.0,"enemies":"Chosen","floor":21.0,"turns":3.0},{"damage":23.0,"enemies":"Gremlin Leader","floor":24.0,"turns":4.0},{"damage":18.0,"enemies":"Centurion and Healer","floor":25.0,"turns":4.0},{"damage":59.0,"enemies":"Sentry and Sphere","floor":27.0,"turns":6.0},{"damage":3.0,"enemies":"Snecko","floor":29.0,"turns":4.0},{"damage":18.0,"enemies":"Champ","floor":33.0,"turns":9.0},{"damage":21.0,"enemies":"Orb Walker","floor":35.0,"turns":4.0},{"damage":29.0,"enemies":"3 Shapes","floor":36.0,"turns":5.0},{"damage":32,"enemies":"3 Darklings","floor":38,"turns":5},{"damage":35,"enemies":"Jaw Worm Horde","floor":41,"turns":4},{"damage":16,"enemies":"Mind Bloom Boss Battle","floor":45,"turns":5},{"damage":17,"enemies":"Maw","floor":48,"turns":5},{"damage":73,"enemies":"Donu and Deca","floor":50,"turns":8}],"seed_played":"-8633940301894647225","potions_obtained":[{"floor":2.0,"key":"BloodPotion"},{"floor":4.0,"key":"LiquidBronze"},{"floor":5.0,"key":"Weak Potion"},{"floor":12.0,"key":"Energy Potion"},{"floor":14.0,"key":"LiquidBronze"},{"floor":16.0,"key":"SteroidPotion"},{"floor":24.0,"key":"Strength Potion"},{"floor":27.0,"key":"Block Potion"},{"floor":35.0,"key":"FearPotion"},{"floor":38,"key":"Energy Potion"},{"floor":41,"key":"EssenceOfSteel"},{"floor":48,"key":"Poison Potion"}],"is_trial":false,"path_per_floor":["M","M","M","M","M","R","M","?","T","E","?","?","R","M","R","B",null,"M","$","?","M","?","R","E","M","T","M","?","M","?","$","R","B",null,"M","M","?","M","T","R","M","?","T","$","?","R","?","M","R","B",null],"character_chosen":"IRONCLAD","items_purchased":["Strawberry","War Paint"],"campfire_rested":5,"item_purchase_floors":[19,31],"current_hp_per_floor":[80,75,80,79,80,80,66,66,80,37,69,42,70,67,67,30,98,98,105,105,106,106,106,91,81,81,28,28,33,33,33,66,56,115,102,81,81,57,57,93,64,64,64,64,56,92,92,83,120,53],"gold":249,"neow_bonus":"REMOVE_TWO","is_prod":false,"is_daily":false,"chose_seed":false,"campfire_upgraded":3,"win_rate":0,"timestamp":1547959447,"path_taken":["M","M","M","M","M","R","M","?","T","E","?","?","R","M","R","BOSS","M","$","?","M","?","R","E","M","T","M","?","M","?","$","R","BOSS","M","M","?","M","?","R","M","?","T","$","?","R","?","M","R","BOSS"],"build_version":"2019-01-17v2","purchased_purges":2,"victory":true,"max_hp_per_floor":[80,80,80,80,80,80,80,80,94,96,96,96,96,98,98,98,98,98,105,105,107,107,107,109,111,111,111,111,113,113,113,113,115,115,117,119,119,121,121,121,121,121,121,121,123,123,123,125,125,125],"card_choices":[{"not_picked":["Anger","Havoc"],"picked":"Pommel Strike","floor":1.0},{"not_picked":["Body Slam","Reckless Charge"],"picked":"Armaments","floor":2.0},{"not_picked":["Searing Blow","Wild Strike"],"picked":"Clash","floor":3.0},{"not_picked":["Body Slam","Clash"],"picked":"Dual Wield","floor":4.0},{"not_picked":["Sword Boomerang","Thunderclap","Pummel"],"picked":"SKIP","floor":5.0},{"not_picked":["Evolve","Burning Pact","Rampage"],"picked":"SKIP","floor":7.0},{"not_picked":["Headbutt","Whirlwind","Corruption"],"picked":"Singing Bowl","floor":10.0},{"not_picked":["Dual Wield","Warcry"],"picked":"Double Tap","floor":12.0},{"not_picked":["Combust","Cleave","Pommel Strike"],"picked":"Singing Bowl","floor":14.0},{"not_picked":["Fiend Fire","Double Tap"],"picked":"Demon Form","floor":16.0},{"not_picked":[],"picked":"Heavy Blade","floor":18.0},{"not_picked":["Thunderclap"],"picked":"Singing Bowl","floor":21.0},{"not_picked":["Bludgeon"],"picked":"Singing Bowl","floor":24.0},{"not_picked":["True Grit"],"picked":"Singing Bowl","floor":25.0},{"not_picked":[],"picked":"Disarm+1","floor":27.0},{"not_picked":["Pommel Strike"],"picked":"Singing Bowl","floor":29.0},{"not_picked":["Feed"],"picked":"Singing Bowl","floor":33.0},{"not_picked":["Whirlwind+1"],"picked":"Singing Bowl","floor":35.0},{"not_picked":["Headbutt+1"],"picked":"Singing Bowl","floor":36.0},{"not_picked":["True Grit"],"picked":"Singing Bowl","floor":38},{"not_picked":[],"picked":"Shrug It Off+1","floor":41},{"not_picked":["Clash"],"picked":"Singing Bowl","floor":45},{"not_picked":["Body Slam"],"picked":"Singing Bowl","floor":48}],"player_experience":95249,"relics_obtained":[{"floor":9.0,"key":"Mango"},{"floor":10.0,"key":"Singing Bowl"},{"floor":12.0,"key":"Odd Mushroom"},{"floor":24.0,"key":"Charon\u0027s Ashes"},{"floor":26.0,"key":"Anchor"},{"floor":39,"key":"Happy Flower"},{"floor":43,"key":"Sundial"},{"floor":45,"key":"Thread and Needle"}],"event_choices":[{"damage_healed":0.0,"max_hp_gain":0.0,"max_hp_loss":0.0,"gold_gain":30.0,"event_name":"Dead Adventurer","player_choice":"Searched \u00273\u0027 times","floor":8.0,"gold_loss":0.0,"damage_taken":0.0,"relics_obtained":["Juzu Bracelet"]},{"damage_healed":32.0,"max_hp_gain":0.0,"max_hp_loss":0.0,"gold_gain":0.0,"event_name":"Big Fish","player_choice":"Banana","floor":11.0,"gold_loss":0.0,"damage_taken":0.0},{"damage_healed":0.0,"max_hp_gain":0.0,"max_hp_loss":0.0,"gold_gain":0.0,"event_name":"Mushrooms","player_choice":"Fought Mushrooms","floor":12.0,"gold_loss":0.0,"damage_taken":0.0},{"damage_healed":0.0,"max_hp_gain":0.0,"max_hp_loss":0.0,"gold_gain":0.0,"event_name":"Beggar","player_choice":"Ignored","floor":20.0,"gold_loss":0.0,"damage_taken":0.0},{"damage_healed":0.0,"max_hp_gain":0.0,"max_hp_loss":0.0,"gold_gain":0.0,"event_name":"Forgotten Altar","player_choice":"Smashed Altar","floor":28.0,"gold_loss":0.0,"damage_taken":0.0,"cards_obtained":["Decay"]},{"damage_healed":0.0,"max_hp_gain":0.0,"max_hp_loss":0.0,"gold_gain":0.0,"event_name":"Back to Basics","player_choice":"Simplicity","floor":30.0,"gold_loss":0.0,"damage_taken":0.0,"cards_upgraded":["Strike_R","Strike_R","Strike_R","Defend_R","Defend_R","Defend_R"]},{"damage_healed":0,"gold_gain":0,"player_choice":"Ignored","damage_taken":0,"max_hp_gain":0,"max_hp_loss":0,"event_name":"Mysterious Sphere","floor":37,"gold_loss":0},{"damage_healed":0,"gold_gain":0,"player_choice":"Ignored","damage_taken":0,"max_hp_gain":0,"max_hp_loss":0,"event_name":"Tomb of Lord Red Mask","floor":42,"gold_loss":0},{"damage_healed":0,"gold_gain":0,"player_choice":"Fight","damage_taken":0,"max_hp_gain":0,"max_hp_loss":0,"event_name":"MindBloom","floor":45,"gold_loss":0},{"cards_removed":["Strike_R"],"damage_healed":0,"gold_gain":0,"player_choice":"Removed Attack","damage_taken":0,"max_hp_gain":0,"max_hp_loss":0,"event_name":"Falling","floor":47,"gold_loss":0}],"is_beta":false,"boss_relics":[{"not_picked":["Lizard Tail","Eternal Feather"],"picked":"Busted Crown"},{"not_picked":["Runic Cube","White Beast Statue"],"picked":"Cursed Key"}],"items_purged_floors":[19,44],"is_endless":false,"potions_floor_spawned":[2,4,5,12,14,16,18,24,27,35,38,41,48],"ascension_level":3}