{"gold_per_floor":[115,115,115,115,140,184,196,224,261,273,328,340,395,428,440,452],"floor_reached":16,"playtime":569,"items_purged":[],"score":143,"play_id":"a2aabd26-96da-47b8-9d7e-02cbcf77ddbb","local_time":"20190417225706","is_ascension_mode":false,"campfire_choices":[{"data":"Burst","floor":7,"key":"SMITH"},{"floor":12,"key":"REST"},{"data":"Neutralize","floor":15,"key":"SMITH"}],"neow_cost":"NONE","seed_source_timestamp":13211128770637,"circlet_count":0,"master_deck":["Defend_G","Defend_G","Defend_G","Defend_G","Defend_G","Strike_G","Strike_G","Strike_G","Strike_G","Survivor","Neutralize+1","Dagger Spray","Injury","Flying Knee","Burst+1","Backflip","Poisoned Stab","Flying Knee","Poisoned Stab"],"relics":["Ring of the Snake","NeowsBlessing","Darkstone Periapt","Golden Idol","MawBank","Pen Nib","Vajra","Omamori"],"potions_floor_usage":[11,13,16],"damage_taken":[{"damage":0,"enemies":"Jaw Worm","floor":1,"turns":1},{"damage":0,"enemies":"2 Louse","floor":5,"turns":1},{"damage":0,"enemies":"3 Sentries","floor":6,"turns":1},{"damage":0,"enemies":"Small Slimes","floor":8,"turns":5},{"damage":24,"enemies":"Gremlin Nob","floor":11,"turns":5},{"damage":17,"enemies":"3 Sentries","floor":13,"turns":6},{"damage":0,"enemies":"2 Fungi Beasts","floor":14,"turns":2},{"damage":70,"enemies":"Slime Boss","floor":16,"turns":10}],"seed_played":"-6189604821200913693","potions_obtained":[{"floor":1,"key":"FearPotion"},{"floor":6,"key":"Swift Potion"},{"floor":14,"key":"Regen Potion"}],"is_trial":false,"path_per_floor":["M","?","T","?","M","E","R","M","T","?","E","R","E","M","R","B"],"character_chosen":"THE_SILENT","items_purchased":[],"campfire_rested":1,"item_purchase_floors":[],"current_hp_per_floor":[70,63,63,69,69,69,69,69,69,69,45,67,50,50,50,0],"gold":452,"neow_bonus":"THREE_ENEMY_KILL","is_prod":false,"is_daily":false,"chose_seed":false,"campfire_upgraded":2,"win_rate":0,"timestamp":1555505826,"path_taken":["M","?","?","?","M","E","R","M","T","?","E","R","E","M","R","BOSS"],"build_version":"2019-01-23","purchased_purges":0,"victory":false,"max_hp_per_floor":[70,70,70,76,76,76,76,76,76,76,76,76,76,76,76,76],"card_choices":[{"not_picked":["Terror","Finisher"],"picked":"Dagger Spray","floor":1},{"not_picked":["Heel Hook","Sucker Punch"],"picked":"Flying Knee","floor":5},{"not_picked":["Tactician","Finisher"],"picked":"Burst","floor":6},{"not_picked":["Dagger Spray","Flechettes"],"picked":"Backflip","floor":8},{"not_picked":["Concentrate","Dagger Throw"],"picked":"Poisoned Stab","floor":11},{"not_picked":["Glass Knife","Outmaneuver"],"picked":"Flying Knee","floor":13},{"not_picked":["Acrobatics","Caltrops"],"picked":"Poisoned Stab","floor":14}],"player_experience":309464,"relics_obtained":[{"floor":3,"key":"Darkstone Periapt"},{"floor":6,"key":"MawBank"},{"floor":9,"key":"Pen Nib"},{"floor":11,"key":"Vajra"},{"floor":13,"key":"Omamori"}],"event_choices":[{"cards_removed":["Strike_G"],"damage_healed":0,"gold_gain":0,"player_choice":"Card Removal","damage_taken":7,"max_hp_gain":0,"max_hp_loss":0,"event_name":"Golden Wing","floor":2,"gold_loss":0},{"damage_healed":0,"gold_gain":0,"player_choice":"Take Wound","damage_taken":0,"relics_obtained":["Golden Idol"],"max_hp_gain":0,"max_hp_loss":0,"event_name":"Golden Idol","floor":4,"gold_loss":0,"cards_obtained":["Injury"]},{"damage_healed":0,"gold_gain":0,"player_choice":"Ignored","damage_taken":0,"max_hp_gain":0,"max_hp_loss":0,"event_name":"Shining Light","floor":10,"gold_loss":0}],"is_beta":false,"boss_relics":[],"items_purged_floors":[],"is_endless":false,"potions_floor_spawned":[1,6,14],"killed_by":"Slime Boss","ascension_level":0}