{"gold_per_floor":[112,112,130,130,3,3,36,52,128,128,143,0,11,22,22,119,119,130,141,141,152,251,251,271,165,191,191,191,223,134,19,19,19],"floor_reached":33,"playtime":1425,"items_purged":[],"score":290,"play_id":"84ad1e79-8b20-4308-9556-1f112f2aa29d","local_time":"20190323082304","is_ascension_mode":false,"campfire_choices":[{"floor":6,"key":"REST"},{"floor":15,"key":"REST"},{"data":"Barricade","floor":23,"key":"SMITH"},{"data":"Inflame","floor":28,"key":"SMITH"},{"floor":32,"key":"REST"}],"neow_cost":"PERCENT_DAMAGE","seed_source_timestamp":36523311257342,"circlet_count":0,"master_deck":["Strike_R+1","Strike_R+1","Strike_R+1","Strike_R+1","Strike_R+1","Defend_R+1","Defend_R+1","Defend_R+1","Defend_R+1","Bash","Panacea","Trip","Perfected Strike","Clash","Metallicize","Shrug It Off","Perfected Strike","Cleave","Anger","Infernal Blade+1","Flex+1","Perfected Strike","Pommel Strike","Shrug It Off","Barricade+1","Body Slam","Wild Strike","Warcry+1","Flame Barrier","Inflame+1","Shrug It Off","Dropkick+1","Madness","Blind","Warcry"],"relics":["Burning Blood","Oddly Smooth Stone","Shuriken","Paper Frog","Sozu","War Paint","Bottled Lightning"],"potions_floor_usage":[18,29],"damage_taken":[{"damage":3,"enemies":"2 Louse","floor":1,"turns":3},{"damage":6,"enemies":"Jaw Worm","floor":3,"turns":2},{"damage":27,"enemies":"Gremlin Nob","floor":7,"turns":4},{"damage":9,"enemies":"Small Slimes","floor":8,"turns":3},{"damage":7,"enemies":"3 Louse","floor":11,"turns":3},{"damage":1,"enemies":"Looter","floor":13,"turns":2},{"damage":0,"enemies":"Exordium Wildlife","floor":14,"turns":1},{"damage":19,"enemies":"The Guardian","floor":16,"turns":8},{"damage":1,"enemies":"2 Thieves","floor":18,"turns":3},{"damage":7,"enemies":"Spheric Guardian","floor":19,"turns":3},{"damage":9,"enemies":"3 Cultists","floor":21,"turns":4},{"damage":18,"enemies":"Centurion and Healer","floor":24,"turns":4},{"damage":23,"enemies":"Slavers","floor":29,"turns":4},{"damage":78,"enemies":"Collector","floor":33,"turns":7}],"seed_played":"2971728334830294199","potions_obtained":[{"floor":11,"key":"LiquidBronze"},{"floor":13,"key":"SneckoOil"},{"floor":14,"key":"Fire Potion"}],"is_trial":false,"path_per_floor":["M","?","M","?","$","R","E","M","T","?","M","$","M","M","R","B",null,"M","M","?","M","?","R","M","$","T","?","R","E","$","$","R","B"],"character_chosen":"IRONCLAD","items_purchased":["Metallicize","Shrug It Off","Infernal Blade","Flex","Perfected Strike","Inflame","Shrug It Off","Madness","Blind","Warcry"],"campfire_rested":3,"item_purchase_floors":[5,5,12,12,12,25,25,30,31,31],"current_hp_per_floor":[59,59,59,43,43,67,46,43,43,31,30,30,35,41,65,52,80,80,79,79,76,76,76,64,64,64,64,64,47,47,47,71,0],"gold":19,"neow_bonus":"RANDOM_COLORLESS_2","is_prod":false,"is_daily":false,"chose_seed":false,"campfire_upgraded":2,"win_rate":0.0,"timestamp":1553293384,"path_taken":["M","?","M","?","?","R","E","?","T","?","M","$","M","M","R","BOSS","M","M","?","M","?","R","M","?","T","?","R","E","?","$","R","BOSS"],"build_version":"2019-01-23","purchased_purges":0,"victory":false,"max_hp_per_floor":[80,80,80,80,80,80,80,80,80,80,80,80,80,80,80,80,80,80,80,80,80,80,80,80,80,80,80,80,80,80,80,80,80],"card_choices":[{"not_picked":["Warcry","Feel No Pain"],"picked":"Perfected Strike","floor":1},{"not_picked":["Twin Strike","Rupture"],"picked":"Clash","floor":3},{"not_picked":["Pummel","Feel No Pain"],"picked":"Perfected Strike","floor":7},{"not_picked":["Shrug It Off","Clash"],"picked":"Cleave","floor":8},{"not_picked":["Flame Barrier","Uppercut"],"picked":"Anger","floor":11},{"not_picked":["Clash","Disarm"],"picked":"Pommel Strike","floor":13},{"not_picked":["Body Slam","Pummel"],"picked":"Shrug It Off","floor":14},{"not_picked":["Juggernaut","Limit Break"],"picked":"Barricade","floor":16},{"not_picked":["Sword Boomerang","Clash"],"picked":"Body Slam","floor":18},{"not_picked":["Armaments","Clash"],"picked":"Wild Strike","floor":19},{"not_picked":["Heavy Blade+1","Havoc"],"picked":"Warcry+1","floor":21},{"not_picked":["Cleave","Feel No Pain"],"picked":"Flame Barrier","floor":24},{"not_picked":["Fiend Fire","Sentinel+1"],"picked":"Dropkick+1","floor":29}],"player_experience":72973,"relics_obtained":[{"floor":7,"key":"Oddly Smooth Stone"},{"floor":9,"key":"Shuriken"},{"floor":26,"key":"War Paint"},{"floor":29,"key":"Bottled Lightning"}],"event_choices":[{"damage_healed":0,"gold_gain":0,"player_choice":"Leave","damage_taken":0,"max_hp_gain":0,"max_hp_loss":0,"event_name":"The Cleric","floor":2,"gold_loss":0},{"damage_healed":0,"gold_gain":0,"player_choice":"Entered Light","damage_taken":16,"max_hp_gain":0,"max_hp_loss":0,"event_name":"Shining Light","floor":4,"gold_loss":0,"cards_upgraded":["Strike_R","Strike_R"]},{"damage_healed":0,"gold_gain":0,"player_choice":"Success","damage_taken":12,"relics_obtained":["Paper Frog"],"max_hp_gain":0,"max_hp_loss":0,"event_name":"Scrap Ooze","floor":10,"gold_loss":0},{"damage_healed":0,"gold_gain":0,"player_choice":"Simplicity","damage_taken":0,"max_hp_gain":0,"max_hp_loss":0,"event_name":"Back to Basics","floor":20,"gold_loss":0,"cards_upgraded":["Strike_R","Strike_R","Strike_R","Defend_R","Defend_R","Defend_R","Defend_R"]},{"damage_healed":0,"gold_gain":99,"player_choice":"Stole From Cult","damage_taken":0,"max_hp_gain":0,"max_hp_loss":0,"event_name":"Nest","floor":22,"gold_loss":0},{"damage_healed":0,"gold_gain":0,"player_choice":"Ignored","damage_taken":0,"max_hp_gain":0,"max_hp_loss":0,"event_name":"Beggar","floor":27,"gold_loss":0}],"is_beta":false,"boss_relics":[{"not_picked":["Mark of Pain","Ectoplasm"],"picked":"Sozu"}],"items_purged_floors":[],"is_endless":false,"potions_floor_spawned":[11,13,14],"killed_by":"Collector","ascension_level":0}