{"gold_per_floor":[113,113,124,136,136,162,174,199,237,249,275,311,335,359,371,481,493,522,550,218,230,330,330,330],"floor_reached":24,"playtime":4800,"items_purged":["Strike_R"],"score":260,"play_id":"f31499bb-8126-40a0-b344-d4807091a97b","local_time":"20190518202841","is_ascension_mode":true,"campfire_choices":[{"data":"Barricade","floor":7,"key":"SMITH"},{"data":"Bash","floor":10,"key":"SMITH"},{"floor":15,"key":"REST"},{"floor":23,"key":"REST"}],"neow_cost":"NONE","seed_source_timestamp":1238628902323,"circlet_count":0,"master_deck":["Strike_R","Defend_R","Defend_R","Defend_R","Defend_R","Bash+1","Battle Trance","Perfected Strike","Clothesline","Barricade+1","Rampage","Spot Weakness","Limit Break","Whirlwind","Headbutt","Reaper","Heavy Blade","Whirlwind+1","Shrug It Off","Thunderclap"],"relics":["Burning Blood","MawBank","Bronze Scales","Art of War","Empty Cage","Potion Belt"],"potions_floor_usage":[6,13,16,18,19,21,21],"damage_taken":[{"damage":9,"enemies":"Jaw Worm","floor":1,"turns":6},{"damage":5,"enemies":"Small Slimes","floor":3,"turns":4},{"damage":0,"enemies":"Cultist","floor":4,"turns":2},{"damage":18,"enemies":"Gremlin Nob","floor":6,"turns":5},{"damage":10,"enemies":"3 Louse","floor":8,"turns":5},{"damage":28,"enemies":"Large Slime","floor":11,"turns":7},{"damage":7,"enemies":"Exordium Thugs","floor":13,"turns":4},{"damage":16,"enemies":"Exordium Wildlife","floor":14,"turns":4},{"damage":39,"enemies":"Hexaghost","floor":16,"turns":9},{"damage":16,"enemies":"3 Byrds","floor":18,"turns":3},{"damage":38,"enemies":"2 Thieves","floor":19,"turns":4},{"damage":40,"enemies":"Shelled Parasite and Fungi","floor":21,"turns":4},{"damage":66,"enemies":"Book of Stabbing","floor":24,"turns":5}],"seed_played":"-7594712509278516763","potions_obtained":[{"floor":0,"key":"Strength Potion"},{"floor":0,"key":"SmokeBomb"},{"floor":0,"key":"Fire Potion"},{"floor":1,"key":"GamblersBrew"},{"floor":4,"key":"Block Potion"},{"floor":11,"key":"Fire Potion"},{"floor":18,"key":"Fire Potion"},{"floor":19,"key":"SteroidPotion"}],"is_trial":false,"path_per_floor":["M","?","M","M","?","E","R","M","T","R","M","T","M","M","R","B",null,"M","M","$","M","?","R","E"],"character_chosen":"IRONCLAD","items_purchased":["Shrug It Off","Potion Belt","Regen Potion"],"campfire_rested":2,"item_purchase_floors":[20,20,20],"current_hp_per_floor":[69,69,70,76,76,64,64,60,60,60,38,38,37,27,51,18,65,72,40,40,30,30,54,0],"gold":330,"neow_bonus":"THREE_SMALL_POTIONS","is_prod":false,"is_daily":false,"chose_seed":false,"campfire_upgraded":2,"win_rate":0,"timestamp":1558175321,"path_taken":["M","?","M","M","?","E","R","M","T","R","M","?","M","?","R","BOSS","M","M","$","M","?","R","E"],"build_version":"2019-01-23","purchased_purges":1,"victory":false,"max_hp_per_floor":[80,80,80,80,80,80,80,80,80,80,80,80,80,80,80,80,80,80,80,80,80,80,80,80],"card_choices":[{"not_picked":["Anger","Havoc"],"picked":"Battle Trance","floor":1},{"not_picked":["Shrug It Off","Disarm"],"picked":"Perfected Strike","floor":3},{"not_picked":["Havoc","Fire Breathing"],"picked":"Clothesline","floor":4},{"not_picked":["Reckless Charge","Carnage"],"picked":"Rampage","floor":6},{"not_picked":["Sword Boomerang","Ghostly Armor"],"picked":"Spot Weakness","floor":8},{"not_picked":["Perfected Strike","Dual Wield"],"picked":"Limit Break","floor":11},{"not_picked":["Warcry","Heavy Blade"],"picked":"Whirlwind","floor":13},{"not_picked":["Clothesline","Inflame"],"picked":"Headbutt","floor":14},{"not_picked":["Barricade","Brutality"],"picked":"Reaper","floor":16},{"not_picked":["Clothesline","Cleave"],"picked":"Heavy Blade","floor":18},{"not_picked":["Twin Strike","Clothesline+1"],"picked":"Whirlwind+1","floor":19},{"not_picked":["Battle Trance","True Grit"],"picked":"Thunderclap","floor":21}],"player_experience":632974,"relics_obtained":[{"floor":6,"key":"MawBank"},{"floor":9,"key":"Bronze Scales"},{"floor":12,"key":"Art of War"}],"event_choices":[{"damage_healed":0,"gold_gain":0,"player_choice":"Ignored","damage_taken":0,"max_hp_gain":0,"max_hp_loss":0,"event_name":"Golden Wing","floor":2,"gold_loss":0},{"damage_healed":0,"gold_gain":0,"cards_transformed":["Strike_R"],"player_choice":"Change","damage_taken":0,"max_hp_gain":0,"max_hp_loss":0,"event_name":"Living Wall","floor":5,"gold_loss":0,"cards_obtained":["Barricade"]},{"damage_healed":0,"gold_gain":100,"player_choice":"Pray","damage_taken":0,"max_hp_gain":0,"max_hp_loss":0,"event_name":"Golden Shrine","floor":22,"gold_loss":0}],"is_beta":false,"boss_relics":[{"not_picked":["White Beast Statue","Ectoplasm"],"picked":"Empty Cage"}],"items_purged_floors":[20],"is_endless":false,"potions_floor_spawned":[1,4,11,18,19],"killed_by":"Book of Stabbing","ascension_level":6}