{"gold_per_floor":[115,115,4,104,122,122,162,162,162,162,198,198,213,178,178,297,297,318,318,353,353,367,367,380,380,380,413,328,348,348,55,55,185,185,198,198,198,198,222,261,12,12,36,76,25,40,40,58,58,58],"floor_reached":51,"playtime":2137,"items_purged":["Strike_R","Writhe"],"score":1038,"play_id":"6ffa10a2-8a58-461f-8e3c-31b8d13922bb","local_time":"20190716200236","is_ascension_mode":true,"campfire_choices":[{"data":"Metallicize","floor":6.0,"key":"SMITH"},{"data":"Searing Blow","floor":8.0,"key":"SMITH"},{"data":"Searing Blow+1","floor":10.0,"key":"SMITH"},{"data":"Searing Blow+2","floor":12.0,"key":"SMITH"},{"data":"Searing Blow+3","floor":15.0,"key":"SMITH"},{"floor":23.0,"key":"REST"},{"data":"Searing Blow+4","floor":25.0,"key":"SMITH"},{"floor":32.0,"key":"REST"},{"floor":42.0,"key":"REST"},{"data":"Searing Blow+5","floor":49,"key":"SMITH"}],"neow_cost":"NONE","seed_source_timestamp":531364382848500,"circlet_count":0,"master_deck":["Strike_R","Strike_R","Strike_R","Defend_R","Defend_R","Defend_R","Defend_R","Bash","Rage","Metallicize+1","Battle Trance","Searing Blow+6","Headbutt","Inflame+1","Impervious+1","Shrug It Off+1","Inflame+1","Metallicize+1","Dropkick+1","Armaments+1","Juggernaut+1","Entrench+1","Metallicize+1","Clumsy","Parasite"],"special_seed":0,"relics":["Black Blood","NeowsBlessing","Golden Idol","Juzu Bracelet","Toxic Egg 2","Frozen Egg 2","Red Mask","Pantograph","Anchor","Charon\u0027s Ashes","MawBank","Red Skull","Cursed Key","Bag of Preparation","Pear","Dream Catcher","Bird Faced Urn"],"potions_floor_usage":[48,48],"damage_taken":[{"damage":0.0,"enemies":"Small Slimes","floor":1.0,"turns":1.0},{"damage":0.0,"enemies":"2 Louse","floor":5.0,"turns":1.0},{"damage":0.0,"enemies":"Gremlin Nob","floor":7.0,"turns":1.0},{"damage":37.0,"enemies":"Lagavulin","floor":11.0,"turns":7.0},{"damage":2.0,"enemies":"Cultist","floor":13.0,"turns":3.0},{"damage":43.0,"enemies":"Slime Boss","floor":16.0,"turns":9.0},{"damage":13.0,"enemies":"Spheric Guardian","floor":18.0,"turns":5.0},{"damage":50.0,"enemies":"Masked Bandits","floor":20.0,"turns":6.0},{"damage":10.0,"enemies":"3 Byrds","floor":22.0,"turns":8.0},{"damage":14.0,"enemies":"Snecko","floor":24.0,"turns":8.0},{"damage":33.0,"enemies":"Slavers","floor":27.0,"turns":8.0},{"damage":3.0,"enemies":"Shelled Parasite and Fungi","floor":29.0,"turns":5.0},{"damage":76.0,"enemies":"Automaton","floor":33.0,"turns":12.0},{"damage":16.0,"enemies":"Orb Walker","floor":35.0,"turns":4.0},{"damage":23.0,"enemies":"3 Darklings","floor":39.0,"turns":5.0},{"damage":62.0,"enemies":"Giant Head","floor":40.0,"turns":10.0},{"damage":26.0,"enemies":"Nemesis","floor":44.0,"turns":9.0},{"damage":6.0,"enemies":"Spire Growth","floor":46.0,"turns":4.0},{"damage":0.0,"enemies":"Giant Head","floor":47.0,"turns":1.0},{"damage":8,"enemies":"Writhing Mass","floor":48,"turns":6},{"damage":81,"enemies":"Time Eater","floor":50,"turns":12}],"seed_played":"3652579767318551958","potions_obtained":[{"floor":7.0,"key":"SpeedPotion"},{"floor":11.0,"key":"Poison Potion"},{"floor":13.0,"key":"EssenceOfSteel"},{"floor":22.0,"key":"SteroidPotion"},{"floor":33.0,"key":"Energy Potion"},{"floor":39.0,"key":"SmokeBomb"},{"floor":46.0,"key":"Fire Potion"},{"floor":48,"key":"Fruit Juice"}],"is_trial":false,"path_per_floor":["M","?","$","?","M","R","E","R","T","R","E","R","M","?","R","B",null,"M","?","?","?","M","R","M","R","T","E","?","M","?","$","R","B",null,"M","?","?","?","M","E","$","R","T","E","$","M","E","M","R","B",null],"character_chosen":"IRONCLAD","items_purchased":["Metallicize","Armaments+1","Red Skull","Pear","Energy Potion"],"campfire_rested":3,"item_purchase_floors":[3,31,31,41,45],"current_hp_per_floor":[78,58,58,58,64,64,70,70,70,70,39,39,43,63,63,26,67,64,64,24,24,24,48,44,44,44,21,21,28,28,28,52,11,63,57,57,57,76,63,11,21,46,46,30,30,46,56,73,73,26],"gold":58,"neow_bonus":"THREE_ENEMY_KILL","is_prod":false,"is_daily":false,"chose_seed":false,"campfire_upgraded":7,"win_rate":0,"timestamp":1563321756,"path_taken":["M","?","$","?","?","R","E","R","T","R","E","R","M","?","R","BOSS","M","?","?","?","M","R","M","R","T","E","?","M","?","?","R","BOSS","M","?","?","?","M","E","$","R","T","E","$","M","E","M","R","BOSS"],"build_version":"2019-07-05","purchased_purges":2,"victory":true,"max_hp_per_floor":[80,80,80,80,80,80,80,80,80,80,80,80,80,80,80,80,80,80,80,80,80,80,80,80,80,80,80,80,80,80,80,80,80,80,80,80,76,76,76,76,86,86,86,86,86,86,86,91,91,91],"card_choices":[{"not_picked":["True Grit","Cleave"],"picked":"Rage","floor":1.0},{"not_picked":["Wild Strike","Perfected Strike"],"picked":"Battle Trance","floor":5.0},{"not_picked":["Dual Wield","Sentinel"],"picked":"Searing Blow","floor":7.0},{"not_picked":["Whirlwind","Thunderclap"],"picked":"Headbutt","floor":11.0},{"not_picked":["Reckless Charge","Intimidate+1"],"picked":"Inflame+1","floor":13.0},{"not_picked":["Bludgeon","Exhume+1"],"picked":"Impervious+1","floor":16.0},{"not_picked":["Clothesline+1","Warcry+1"],"picked":"Shrug It Off+1","floor":18.0},{"not_picked":["Brutality+1","Rupture+1"],"picked":"Metallicize+1","floor":20.0},{"not_picked":["Clothesline","Anger+1","Havoc+1"],"picked":"SKIP","floor":22.0},{"not_picked":["Thunderclap","Clothesline","Pummel+1"],"picked":"SKIP","floor":24.0},{"not_picked":["Blood for Blood","Evolve+1","Twin Strike"],"picked":"SKIP","floor":27.0},{"not_picked":["Clothesline+1","Warcry+1"],"picked":"Dropkick+1","floor":29.0},{"not_picked":["Reaper","Feed"],"picked":"Juggernaut+1","floor":33.0},{"not_picked":["Carnage","Pommel Strike","Anger+1"],"picked":"SKIP","floor":35.0},{"not_picked":["Whirlwind","Rupture+1","Shockwave+1"],"picked":"SKIP","floor":39.0},{"not_picked":["Intimidate+1","True Grit+1"],"picked":"Metallicize+1","floor":40.0},{"not_picked":["Ghostly Armor+1","Rupture+1","Seeing Red+1"],"picked":"SKIP","floor":44.0},{"not_picked":["Iron Wave","Pommel Strike","Body Slam+1"],"picked":"SKIP","floor":46.0},{"not_picked":["Burning Pact+1","Iron Wave+1","Shrug It Off+1"],"picked":"SKIP","floor":48}],"player_experience":140144,"relics_obtained":[{"floor":7.0,"key":"Juzu Bracelet"},{"floor":9.0,"key":"Toxic Egg 2"},{"floor":11.0,"key":"Frozen Egg 2"},{"floor":20.0,"key":"Red Mask"},{"floor":26.0,"key":"Pantograph"},{"floor":27.0,"key":"Anchor"},{"floor":40.0,"key":"Bag of Preparation"},{"floor":43.0,"key":"Dream Catcher"},{"floor":44.0,"key":"Bird Faced Urn"}],"event_choices":[{"damage_healed":0.0,"max_hp_gain":0.0,"max_hp_loss":0.0,"gold_gain":0.0,"event_name":"Golden Idol","player_choice":"Take Damage","floor":2.0,"gold_loss":0.0,"damage_taken":20.0,"relics_obtained":["Golden Idol"]},{"damage_healed":0.0,"max_hp_gain":0.0,"max_hp_loss":0.0,"gold_gain":100.0,"event_name":"Wheel of Change","player_choice":"Gold","floor":4.0,"gold_loss":0.0,"damage_taken":0.0},{"damage_healed":20.0,"max_hp_gain":0.0,"max_hp_loss":0.0,"gold_gain":0.0,"event_name":"The Cleric","player_choice":"Healed","floor":14.0,"gold_loss":35.0,"damage_taken":0.0},{"damage_healed":0.0,"max_hp_gain":0.0,"max_hp_loss":0.0,"gold_gain":0.0,"event_name":"The Library","player_choice":"Read","floor":19.0,"gold_loss":0.0,"damage_taken":0.0,"cards_obtained":["Inflame"]},{"damage_healed":0.0,"max_hp_gain":0.0,"max_hp_loss":0.0,"gold_gain":0.0,"event_name":"Masked Bandits","player_choice":"Fought Bandits","floor":20.0,"gold_loss":0.0,"damage_taken":0.0},{"damage_healed":0.0,"max_hp_gain":0.0,"max_hp_loss":0.0,"gold_gain":0.0,"event_name":"Match and Keep!","player_choice":"0 cards matched","floor":21.0,"gold_loss":0.0,"damage_taken":0.0,"cards_obtained":[]},{"damage_healed":0.0,"max_hp_gain":0.0,"max_hp_loss":0.0,"gold_gain":0.0,"event_name":"Addict","player_choice":"Obtained Relic","floor":28.0,"gold_loss":85.0,"damage_taken":0.0,"relics_obtained":["Charon\u0027s Ashes"]},{"damage_healed":0.0,"max_hp_gain":0.0,"max_hp_loss":0.0,"gold_gain":0.0,"event_name":"The Mausoleum","player_choice":"Opened","floor":30.0,"gold_loss":0.0,"damage_taken":0.0,"relics_obtained":["MawBank"],"cards_obtained":["Writhe"]},{"damage_healed":0.0,"max_hp_gain":0.0,"max_hp_loss":0.0,"gold_gain":0.0,"cards_transformed":["Strike_R"],"event_name":"Transmorgrifier","player_choice":"Transformed","floor":36.0,"gold_loss":0.0,"damage_taken":0.0,"cards_obtained":["Entrench"]},{"damage_healed":0.0,"max_hp_gain":0.0,"max_hp_loss":4.0,"gold_gain":0.0,"event_name":"Winding Halls","player_choice":"Max HP","floor":37.0,"gold_loss":0.0,"damage_taken":0.0},{"damage_healed":19.0,"max_hp_gain":0.0,"max_hp_loss":0.0,"gold_gain":0.0,"event_name":"Wheel of Change","player_choice":"Full Heal","floor":38.0,"gold_loss":0.0,"damage_taken":0.0}],"is_beta":false,"boss_relics":[{"not_picked":["Runic Dome","Astrolabe"],"picked":"Black Blood"},{"not_picked":["Mark of Pain","Black Star"],"picked":"Cursed Key"}],"items_purged_floors":[3,31],"is_endless":false,"potions_floor_spawned":[7,11,13,16,18,20,22,33,39,46,47,48],"ascension_level":7}