{"gold_per_floor":[109,109,121,134,154,154,182,182,252,252,303,335,349,363,363,461,461,451,451,470,489,489,489,489,489,513,542,542,558,571,585,585,682,682,696,711,711],"floor_reached":37,"playtime":1673,"items_purged":[],"score":594,"play_id":"65c5dd2f-72b3-442c-bce1-a2d11a0aabbd","local_time":"20190526223854","is_ascension_mode":true,"campfire_choices":[{"data":"Neutralize","floor":6.0,"key":"SMITH"},{"floor":8.0,"key":"REST"},{"floor":10.0,"key":"REST"},{"floor":15.0,"key":"REST"},{"floor":23.0,"key":"REST"},{"floor":25.0,"key":"REST"},{"data":"Footwork","floor":28.0,"key":"SMITH"},{"floor":32.0,"key":"REST"}],"neow_cost":"NONE","seed_source_timestamp":0,"circlet_count":0,"master_deck":["Defend_G","Defend_G","Defend_G","Defend_G","Defend_G","Strike_G","Strike_G","Strike_G","Strike_G","Strike_G","Survivor","Neutralize+1","Deadly Poison","PiercingWail","Dagger Throw","Caltrops","Footwork+1","Dagger Spray","Noxious Fumes","Poisoned Stab","Envenom+1","Acrobatics+1","Poisoned Stab","Noxious Fumes","Cloak And Dagger","Cloak And Dagger+1","Bouncing Flask+1","Cloak And Dagger","Quick Slash+1","Die Die Die","Parasite","Parasite","Clumsy","Cloak And Dagger+1"],"special_seed":0,"relics":["Ring of the Serpent","Pen Nib","Pocketwatch","Darkstone Periapt","Ancient Tea Set","PreservedInsect","Snake Skull","Peace Pipe","Calling Bell","Anchor","Frozen Egg 2","Turnip"],"potions_floor_usage":[36],"damage_taken":[{"damage":0.0,"enemies":"2 Louse","floor":1.0,"turns":3.0},{"damage":11.0,"enemies":"Cultist","floor":3.0,"turns":4.0},{"damage":0.0,"enemies":"Small Slimes","floor":4.0,"turns":3.0},{"damage":3.0,"enemies":"Blue Slaver","floor":5.0,"turns":4.0},{"damage":24.0,"enemies":"Gremlin Nob","floor":7.0,"turns":5.0},{"damage":9.0,"enemies":"Lagavulin","floor":12.0,"turns":8.0},{"damage":11.0,"enemies":"Exordium Thugs","floor":13.0,"turns":4.0},{"damage":2.0,"enemies":"Looter","floor":14.0,"turns":3.0},{"damage":34.0,"enemies":"Slime Boss","floor":16.0,"turns":11.0},{"damage":32.0,"enemies":"2 Thieves","floor":18.0,"turns":4.0},{"damage":5.0,"enemies":"Shell Parasite","floor":20.0,"turns":7.0},{"damage":2.0,"enemies":"3 Cultists","floor":21.0,"turns":3.0},{"damage":15.0,"enemies":"Gremlin Leader","floor":27.0,"turns":6.0},{"damage":11.0,"enemies":"Shelled Parasite and Fungi","floor":29.0,"turns":5.0},{"damage":9.0,"enemies":"Snecko","floor":30.0,"turns":5.0},{"damage":18.0,"enemies":"Snake Plant","floor":31.0,"turns":3.0},{"damage":26.0,"enemies":"Champ","floor":33.0,"turns":11.0},{"damage":16,"enemies":"Orb Walker","floor":35,"turns":5},{"damage":16,"enemies":"3 Shapes","floor":36,"turns":3},{"damage":41,"enemies":"Jaw Worm Horde","floor":37,"turns":4}],"seed_played":"8867448092694012752","potions_obtained":[{"floor":1.0,"key":"GamblersBrew"},{"floor":7.0,"key":"LiquidBronze"},{"floor":13.0,"key":"Dexterity Potion"},{"floor":20.0,"key":"SkillPotion"},{"floor":27.0,"key":"EssenceOfSteel"},{"floor":29.0,"key":"Energy Potion"},{"floor":31.0,"key":"GhostInAJar"},{"floor":35,"key":"Swift Potion"}],"is_trial":false,"path_per_floor":["M","?","M","M","M","R","E","R","T","R","T","E","M","M","R","B",null,"M","?","M","M","?","R","?","R","T","E","R","M","M","M","R","B",null,"M","M","M"],"character_chosen":"THE_SILENT","items_purchased":[],"campfire_rested":6,"item_purchase_floors":[],"current_hp_per_floor":[63,56,45,45,42,42,18,39,39,60,60,51,40,38,59,25,59,27,27,22,20,20,41,41,62,62,47,47,36,27,9,30,4,72,56,40,0],"gold":711,"neow_bonus":"RANDOM_COMMON_RELIC","is_prod":false,"is_daily":false,"chose_seed":false,"campfire_upgraded":2,"win_rate":0,"timestamp":1558874334,"path_taken":["M","?","?","M","M","R","E","R","T","R","?","E","M","M","R","BOSS","M","?","M","?","?","R","?","R","T","E","R","M","M","M","R","BOSS","M","M","M"],"build_version":"2019-01-23","purchased_purges":0,"victory":false,"max_hp_per_floor":[70,70,70,70,70,70,70,70,70,70,70,70,70,70,70,70,70,70,70,70,70,70,70,70,70,70,70,70,70,70,70,70,70,88,88,88,88],"card_choices":[{"not_picked":["Prepared","Acrobatics"],"picked":"Deadly Poison","floor":1.0},{"not_picked":["Escape Plan","Outmaneuver"],"picked":"PiercingWail","floor":3.0},{"not_picked":["Slice","Deflect"],"picked":"Dagger Throw","floor":4.0},{"not_picked":["Venomology","Noxious Fumes"],"picked":"Caltrops","floor":5.0},{"not_picked":["Calculated Gamble","Glass Knife"],"picked":"Footwork","floor":7.0},{"not_picked":["Poisoned Stab","Unload"],"picked":"Dagger Spray","floor":12.0},{"not_picked":["Accuracy","Dodge and Roll"],"picked":"Noxious Fumes","floor":13.0},{"not_picked":["Caltrops","Sucker Punch"],"picked":"Poisoned Stab","floor":14.0},{"not_picked":["Grand Finale","Die Die Die"],"picked":"Envenom","floor":16.0},{"not_picked":["Deflect","Backflip"],"picked":"Acrobatics+1","floor":18.0},{"not_picked":["Flechettes","Deflect+1"],"picked":"Noxious Fumes","floor":20.0},{"not_picked":["Reflex","Dagger Throw"],"picked":"Cloak And Dagger","floor":21.0},{"not_picked":["Outmaneuver","Sucker Punch"],"picked":"Cloak And Dagger+1","floor":27.0},{"not_picked":["Glass Knife","Flying Knee+1"],"picked":"Bouncing Flask+1","floor":29.0},{"not_picked":["Skewer","Slice"],"picked":"Cloak And Dagger","floor":30.0},{"not_picked":["Acrobatics+1","Dagger Spray+1"],"picked":"Quick Slash+1","floor":31.0},{"not_picked":["Grand Finale","Envenom"],"picked":"Die Die Die","floor":33.0},{"not_picked":["Bane","Poisoned Stab"],"picked":"Cloak And Dagger+1","floor":35},{"not_picked":["Outmaneuver+1","Dagger Spray","Expertise"],"picked":"SKIP","floor":36}],"player_experience":731458,"relics_obtained":[{"floor":7.0,"key":"Pocketwatch"},{"floor":9.0,"key":"Darkstone Periapt"},{"floor":11.0,"key":"Ancient Tea Set"},{"floor":12.0,"key":"PreservedInsect"},{"floor":26.0,"key":"Snake Skull"},{"floor":27.0,"key":"Peace Pipe"},{"floor":34,"key":"Anchor"},{"floor":34,"key":"Frozen Egg 2"},{"floor":34,"key":"Turnip"}],"event_choices":[{"damage_healed":0.0,"max_hp_gain":0.0,"max_hp_loss":0.0,"gold_gain":0.0,"event_name":"Wheel of Change","player_choice":"Damaged","floor":2.0,"gold_loss":0.0,"damage_taken":7.0},{"damage_healed":0.0,"max_hp_gain":0.0,"max_hp_loss":0.0,"gold_gain":0.0,"event_name":"Duplicator","player_choice":"Copied","floor":19.0,"gold_loss":0.0,"damage_taken":0.0,"cards_obtained":["Poisoned Stab"]},{"damage_healed":0.0,"max_hp_gain":0.0,"max_hp_loss":0.0,"gold_gain":0.0,"event_name":"Vampires","player_choice":"Ignored","floor":22.0,"gold_loss":0.0,"damage_taken":0.0},{"damage_healed":0.0,"max_hp_gain":0.0,"max_hp_loss":0.0,"gold_gain":0.0,"event_name":"Upgrade Shrine","player_choice":"Upgraded","floor":24.0,"gold_loss":0.0,"damage_taken":0.0,"cards_upgraded":["Envenom"]}],"is_beta":false,"boss_relics":[{"not_picked":["Pandora\u0027s Box","Busted Crown"],"picked":"Ring of the Serpent"},{"not_picked":["Snecko Eye","Tiny House"],"picked":"Calling Bell"}],"items_purged_floors":[],"is_endless":false,"potions_floor_spawned":[1,7,13,14,20,27,29,31,35],"killed_by":"Jaw Worm Horde","ascension_level":7}