{"gold_per_floor":[216,216,5,5,18,43,58,90,117,135,135,14,14,33,33,137,137,157,174,174,188,198,198,198],"floor_reached":24,"playtime":1222,"items_purged":[],"score":218,"play_id":"b7dddd46-d108-4759-bb10-6dae3acb2890","local_time":"20190501142111","is_ascension_mode":true,"campfire_choices":[{"floor":11,"key":"REST"},{"data":"Neutralize","floor":13,"key":"SMITH"},{"floor":15,"key":"REST"},{"floor":23,"key":"REST"}],"neow_cost":"NONE","seed_source_timestamp":3266618927495,"circlet_count":0,"master_deck":["Defend_G+1","Defend_G","Defend_G+1","Defend_G","Defend_G","Strike_G","Strike_G","Strike_G","Strike_G","Strike_G","Survivor","Neutralize+1","Poisoned Stab","Panacea","Acrobatics","Heel Hook","Underhanded Strike","Crippling Poison","Bane","Catalyst","Cloak And Dagger","Sucker Punch","Deflect","Cloak And Dagger","Terror","Unload","Dagger Throw+1","Setup","Tools of the Trade","Dodge and Roll+1"],"relics":["Ring of the Snake","Tiny Chest","Blood Vial","Orichalcum","Dream Catcher","Runic Pyramid"],"potions_floor_usage":[8,8,18,21],"damage_taken":[{"damage":0,"enemies":"Cultist","floor":1,"turns":4},{"damage":0,"enemies":"Jaw Worm","floor":5,"turns":4},{"damage":28,"enemies":"Lagavulin","floor":6,"turns":10},{"damage":0,"enemies":"Small Slimes","floor":7,"turns":4},{"damage":11,"enemies":"3 Sentries","floor":8,"turns":6},{"damage":3,"enemies":"Red Slaver","floor":10,"turns":4},{"damage":3,"enemies":"Large Slime","floor":14,"turns":4},{"damage":34,"enemies":"Hexaghost","floor":16,"turns":12},{"damage":1,"enemies":"3 Byrds","floor":18,"turns":6},{"damage":20,"enemies":"2 Thieves","floor":19,"turns":4},{"damage":16,"enemies":"Shelled Parasite and Fungi","floor":21,"turns":7},{"damage":13,"enemies":"Centurion and Healer","floor":22,"turns":7},{"damage":56,"enemies":"Gremlin Leader","floor":24,"turns":6}],"seed_played":"7071387625106095280","potions_obtained":[{"floor":6,"key":"SteroidPotion"},{"floor":7,"key":"Regen Potion"},{"floor":10,"key":"SpeedPotion"},{"floor":16,"key":"Weak Potion"},{"floor":18,"key":"Dexterity Potion"}],"is_trial":false,"path_per_floor":["M","?","$","?","M","E","M","E","T","M","R","$","R","M","R","B",null,"M","M","?","M","M","R","E"],"character_chosen":"THE_SILENT","items_purchased":["Tiny Chest","Panacea","Cloak And Dagger","Sucker Punch","Deflect"],"campfire_rested":3,"item_purchase_floors":[3,3,12,12,12],"current_hp_per_floor":[70,70,70,56,56,28,30,36,36,35,56,56,56,55,70,36,70,69,50,50,36,25,46,0],"gold":198,"neow_bonus":"HUNDRED_GOLD","is_prod":false,"is_daily":false,"chose_seed":false,"campfire_upgraded":1,"win_rate":0,"timestamp":1556684471,"path_taken":["M","?","$","?","M","E","M","E","T","?","R","$","R","M","R","BOSS","M","M","?","M","M","R","E"],"build_version":"2019-01-23","purchased_purges":0,"victory":false,"max_hp_per_floor":[70,70,70,70,70,70,70,70,70,70,70,70,70,70,70,70,70,70,70,70,70,70,70,70],"card_choices":[{"not_picked":["Blade Dance","Flying Knee"],"picked":"Poisoned Stab","floor":1},{"not_picked":["Reflex","Masterful Stab"],"picked":"Acrobatics","floor":5},{"not_picked":["Expertise","Prepared"],"picked":"Heel Hook","floor":6},{"not_picked":["Malaise","Concentrate"],"picked":"Underhanded Strike","floor":7},{"not_picked":["Dodge and Roll","Quick Slash"],"picked":"Crippling Poison","floor":8},{"not_picked":["Outmaneuver","Deflect"],"picked":"Bane","floor":10},{"not_picked":["Deadly Poison","Predator"],"picked":"Catalyst","floor":11},{"not_picked":["Predator","Flying Knee"],"picked":"Cloak And Dagger","floor":14},{"not_picked":["Masterful Stab","Heel Hook"],"picked":"Terror","floor":15},{"not_picked":["Grand Finale","Malaise"],"picked":"Unload","floor":16},{"not_picked":["Acrobatics+1","Catalyst"],"picked":"Dagger Throw+1","floor":18},{"not_picked":["Setup","Dagger Throw","Deflect"],"picked":"SKIP","floor":19},{"not_picked":["Dagger Throw","Deflect"],"picked":"Setup","floor":19},{"not_picked":["Backflip+1","Dagger Spray","Slice"],"picked":"SKIP","floor":21},{"not_picked":["Outmaneuver","Flying Knee"],"picked":"Tools of the Trade","floor":22},{"not_picked":["PiercingWail+1","Catalyst"],"picked":"Dodge and Roll+1","floor":23}],"player_experience":554132,"relics_obtained":[{"floor":6,"key":"Blood Vial"},{"floor":8,"key":"Orichalcum"},{"floor":9,"key":"Dream Catcher"}],"event_choices":[{"damage_healed":0,"gold_gain":0,"player_choice":"Ignored","damage_taken":0,"max_hp_gain":0,"max_hp_loss":0,"event_name":"Golden Wing","floor":2,"gold_loss":0},{"damage_healed":0,"gold_gain":0,"player_choice":"Entered Light","damage_taken":14,"max_hp_gain":0,"max_hp_loss":0,"event_name":"Shining Light","floor":4,"gold_loss":0,"cards_upgraded":["Defend_G","Defend_G"]},{"damage_healed":0,"gold_gain":0,"player_choice":"Bought 0 Potions","damage_taken":0,"max_hp_gain":0,"max_hp_loss":0,"event_name":"The Woman in Blue","floor":20,"gold_loss":0}],"is_beta":false,"boss_relics":[{"not_picked":["Fusion Hammer","White Beast Statue"],"picked":"Runic Pyramid"}],"items_purged_floors":[],"is_endless":false,"potions_floor_spawned":[6,7,10,16,18],"killed_by":"Gremlin Leader","ascension_level":1}