{"gold_per_floor":[115,129,140,28,42,42,62,12,37,37,37,37,47,122,122,122],"floor_reached":16,"playtime":1074,"items_purged":["Defend_R"],"score":106,"play_id":"97bb3b9f-d95b-4dad-968b-bcd6cf27f28c","local_time":"20190716043053","is_ascension_mode":true,"campfire_choices":[{"data":"Flame Barrier","floor":6,"key":"SMITH"},{"data":"Metallicize","floor":10,"key":"SMITH"},{"data":"Shrug It Off","floor":12,"key":"SMITH"},{"data":"Bash","floor":15,"key":"SMITH"}],"neow_cost":"NONE","seed_source_timestamp":28378158487322,"circlet_count":0,"master_deck":["Strike_R","Strike_R","Strike_R","Strike_R","Defend_R","Defend_R","Defend_R","Bash+1","Warcry","Shrug It Off+1","Metallicize+1","Flame Barrier+1","Iron Wave","Iron Wave"],"relics":["Burning Blood","Anchor"],"potions_floor_usage":[16,16,16],"damage_taken":[{"damage":1,"enemies":"Cultist","floor":1,"turns":3},{"damage":3,"enemies":"2 Louse","floor":2,"turns":3},{"damage":2,"enemies":"Small Slimes","floor":3,"turns":3},{"damage":9,"enemies":"Looter","floor":5,"turns":4},{"damage":1,"enemies":"Gremlin Gang","floor":7,"turns":5},{"damage":0,"enemies":"3 Louse","floor":13,"turns":3},{"damage":80,"enemies":"Slime Boss","floor":16,"turns":14}],"seed_played":"93079727073076237","potions_obtained":[{"floor":3,"key":"Swift Potion"},{"floor":7,"key":"Swift Potion"},{"floor":13,"key":"AttackPotion"}],"is_trial":false,"path_per_floor":["M","M","M","$","M","R","M","?","T","R","?","R","M","?","R","B"],"character_chosen":"IRONCLAD","items_purchased":["Metallicize"],"campfire_rested":0,"item_purchase_floors":[4],"current_hp_per_floor":[88,88,88,88,85,85,88,88,88,88,88,88,88,77,77,0],"gold":122,"neow_bonus":"TEN_PERCENT_HP_BONUS","is_prod":false,"is_daily":false,"chose_seed":false,"campfire_upgraded":4,"win_rate":0,"timestamp":1563244253,"path_taken":["M","M","M","$","M","R","M","?","T","R","?","R","M","?","R","BOSS"],"build_version":"2019-07-05","purchased_purges":1,"victory":false,"max_hp_per_floor":[88,88,88,88,88,88,88,88,88,88,88,88,88,88,88,88],"card_choices":[{"not_picked":["Twin Strike","Pommel Strike"],"picked":"Warcry","floor":1},{"not_picked":["Cleave","Dark Embrace"],"picked":"Shrug It Off","floor":2},{"not_picked":["Havoc","Anger","Rupture"],"picked":"SKIP","floor":3},{"not_picked":["True Grit","Sword Boomerang"],"picked":"Flame Barrier","floor":5},{"not_picked":["Shrug It Off","True Grit"],"picked":"Iron Wave","floor":7},{"not_picked":["Uppercut","Thunderclap"],"picked":"Iron Wave","floor":13}],"player_experience":165485,"relics_obtained":[{"floor":9,"key":"Anchor"}],"event_choices":[{"cards_removed":["Strike_R"],"damage_healed":0,"gold_gain":0,"player_choice":"Card Removal","damage_taken":0,"max_hp_gain":0,"max_hp_loss":0,"event_name":"The Cleric","floor":8,"gold_loss":50},{"damage_healed":0,"gold_gain":0,"player_choice":"Searched \u00271\u0027 times","damage_taken":0,"max_hp_gain":0,"max_hp_loss":0,"event_name":"Dead Adventurer","floor":11,"gold_loss":0},{"damage_healed":0,"gold_gain":75,"player_choice":"Gather Gold","damage_taken":11,"max_hp_gain":0,"max_hp_loss":0,"event_name":"World of Goop","floor":14,"gold_loss":0}],"is_beta":false,"boss_relics":[],"items_purged_floors":[4],"is_endless":false,"potions_floor_spawned":[3,7,13],"killed_by":"Slime Boss","ascension_level":3}