{"gold_per_floor":[109,120,0,0,21,21,90,137,137,152,4,23,23,42,42,132,132,151,76,92,106,106,106,127,142,218,218,218,71,71,107,107,202,202,216,216,549,549,41,41,53,53,77,87,87,107,117,131,131,131],"floor_reached":50,"playtime":2134,"items_purged":["Strike_R","Strike_R+1"],"score":881,"play_id":"56304990-a0b4-4f47-b627-c3e3d8b19bca","local_time":"20190705002957","is_ascension_mode":true,"campfire_choices":[{"data":"Searing Blow","floor":6.0,"key":"SMITH"},{"data":"Searing Blow+2","floor":13.0,"key":"SMITH"},{"data":"Searing Blow+3","floor":15.0,"key":"SMITH"},{"data":"Searing Blow+4","floor":23.0,"key":"SMITH"},{"data":"Searing Blow+5","floor":28.0,"key":"SMITH"},{"data":"Searing Blow+6","floor":30.0,"key":"SMITH"},{"data":"Searing Blow+7","floor":32.0,"key":"SMITH"},{"data":"Searing Blow+8","floor":40.0,"key":"SMITH"},{"data":"Searing Blow+9","floor":45.0,"key":"SMITH"},{"data":"Searing Blow+10","floor":49.0,"key":"SMITH"}],"neow_cost":"NONE","seed_source_timestamp":1767678199891797,"circlet_count":0,"master_deck":["AscendersBane","Defend_R+1","Defend_R+1","Defend_R+1","Defend_R+1","Searing Blow+11","Armaments","Headbutt","True Grit","Battle Trance","Shockwave","Double Tap","Dual Wield","Disarm"],"special_seed":0,"relics":["Burning Blood","Tiny Chest","Bag of Marbles","Whetstone","Bronze Scales","Coffee Dripper","Pantograph","Bag of Preparation","Molten Egg 2","Orrery","Paper Frog","Omamori","Blood Vial"],"potions_floor_usage":[50],"damage_taken":[{"damage":4.0,"enemies":"2 Louse","floor":1.0,"turns":4.0},{"damage":0.0,"enemies":"Jaw Worm","floor":2.0,"turns":3.0},{"damage":6.0,"enemies":"Cultist","floor":5.0,"turns":3.0},{"damage":36.0,"enemies":"Lagavulin","floor":7.0,"turns":9.0},{"damage":6.0,"enemies":"Exordium Thugs","floor":10.0,"turns":4.0},{"damage":6.0,"enemies":"Looter","floor":12.0,"turns":2.0},{"damage":0.0,"enemies":"3 Louse","floor":14.0,"turns":3.0},{"damage":17.0,"enemies":"The Guardian","floor":16.0,"turns":6.0},{"damage":5.0,"enemies":"3 Byrds","floor":18.0,"turns":3.0},{"damage":6.0,"enemies":"2 Thieves","floor":20.0,"turns":4.0},{"damage":10.0,"enemies":"Shelled Parasite and Fungi","floor":21.0,"turns":4.0},{"damage":0.0,"enemies":"Cultist and Chosen","floor":24.0,"turns":2.0},{"damage":4.0,"enemies":"3 Cultists","floor":25.0,"turns":3.0},{"damage":22.0,"enemies":"Slavers","floor":31.0,"turns":4.0},{"damage":11.0,"enemies":"Automaton","floor":33.0,"turns":3.0},{"damage":5.0,"enemies":"3 Darklings","floor":35.0,"turns":4.0},{"damage":17.0,"enemies":"3 Shapes","floor":41.0,"turns":8.0},{"damage":4.0,"enemies":"Sphere and 2 Shapes","floor":44.0,"turns":4.0},{"damage":0.0,"enemies":"4 Shapes","floor":46.0,"turns":4.0},{"damage":11.0,"enemies":"3 Darklings","floor":47.0,"turns":5.0},{"damage":25.0,"enemies":"Sphere and 2 Shapes","floor":48.0,"turns":3.0},{"damage":67,"enemies":"Awakened One","floor":50,"turns":9}],"seed_played":"-266903722635235986","potions_obtained":[{"floor":1.0,"key":"SkillPotion"},{"floor":5.0,"key":"Block Potion"},{"floor":7.0,"key":"FairyPotion"},{"floor":16.0,"key":"Strength Potion"},{"floor":20.0,"key":"Swift Potion"},{"floor":24.0,"key":"SteroidPotion"},{"floor":31.0,"key":"Strength Potion"},{"floor":35.0,"key":"Strength Potion"}],"is_trial":false,"path_per_floor":["M","M","$","?","M","R","E","T","T","M","$","M","R","M","R","B",null,"M","?","M","M","?","R","M","M","T","?","R","$","R","E","R","B",null,"M","?","?","?","$","R","M","?","T","M","R","M","M","M","R","B"],"character_chosen":"IRONCLAD","items_purchased":["True Grit","Bronze Scales","Bag of Preparation","Paper Frog","Omamori"],"campfire_rested":0,"item_purchase_floors":[3,11,29,39,39],"current_hp_per_floor":[70,75,75,68,68,68,38,38,38,38,38,38,38,44,44,33,59,60,60,60,56,56,56,62,64,64,64,64,64,64,48,48,63,67,68,68,68,68,68,68,57,57,57,61,61,68,63,46,46,1],"gold":131,"neow_bonus":"TRANSFORM_CARD","is_prod":false,"is_daily":false,"chose_seed":false,"campfire_upgraded":10,"win_rate":0,"timestamp":1562254197,"path_taken":["M","M","$","?","M","R","E","?","T","?","?","M","R","M","R","BOSS","M","?","M","M","?","R","M","?","T","?","R","$","R","E","R","BOSS","M","?","?","?","$","R","M","?","T","?","R","M","M","M","R","BOSS"],"build_version":"2019-07-01","purchased_purges":2,"victory":false,"max_hp_per_floor":[75,75,75,68,68,68,68,68,68,68,68,68,68,68,68,68,68,68,68,68,68,68,68,68,68,68,68,68,68,68,68,68,68,68,68,68,68,68,68,68,68,68,68,68,68,68,68,68,68,68],"card_choices":[{"not_picked":["Ghostly Armor","Twin Strike"],"picked":"Armaments","floor":1.0},{"not_picked":["Dropkick","Perfected Strike"],"picked":"Headbutt","floor":2.0},{"not_picked":["Anger","Perfected Strike","Shrug It Off"],"picked":"SKIP","floor":5.0},{"not_picked":["Anger","Uppercut"],"picked":"Battle Trance","floor":7.0},{"not_picked":["Burning Pact","Pommel Strike","Hemokinesis"],"picked":"SKIP","floor":10.0},{"not_picked":["Uppercut","Carnage","Hemokinesis"],"picked":"SKIP","floor":12.0},{"not_picked":["Fiend Fire","Bloodletting"],"picked":"Shockwave","floor":14.0},{"not_picked":["Feel No Pain","Sword Boomerang","Warcry"],"picked":"SKIP","floor":18.0},{"not_picked":["Cleave+1","Anger","Warcry"],"picked":"SKIP","floor":20.0},{"not_picked":["Clash","Flex"],"picked":"Double Tap","floor":21.0},{"not_picked":["Entrench+1","Perfected Strike","Thunderclap"],"picked":"SKIP","floor":24.0},{"not_picked":["Dropkick","Entrench","Ghostly Armor"],"picked":"SKIP","floor":25.0},{"not_picked":["Thunderclap","Whirlwind","Pummel"],"picked":"SKIP","floor":31.0},{"not_picked":["Cleave+1","Anger+1"],"picked":"Dual Wield","floor":34.0},{"not_picked":["Pommel Strike+1","Wild Strike+1","Clothesline+1"],"picked":"SKIP","floor":35.0},{"not_picked":["Shockwave","Shrug It Off","Anger+1"],"picked":"SKIP","floor":41.0},{"not_picked":["Cleave+1","Clash+1","Barricade"],"picked":"SKIP","floor":44.0},{"not_picked":["True Grit+1","Reckless Charge+1","Clothesline+1"],"picked":"SKIP","floor":46.0},{"not_picked":["Warcry","Armaments+1"],"picked":"Disarm","floor":47.0},{"not_picked":["Thunderclap+1","Shrug It Off+1","Twin Strike+1"],"picked":"SKIP","floor":48.0}],"player_experience":1079182,"relics_obtained":[{"floor":7.0,"key":"Tiny Chest"},{"floor":8.0,"key":"Bag of Marbles"},{"floor":9.0,"key":"Whetstone"},{"floor":26.0,"key":"Pantograph"},{"floor":31.0,"key":"Molten Egg 2"},{"floor":43.0,"key":"Blood Vial"}],"event_choices":[{"damage_healed":0.0,"max_hp_gain":0.0,"max_hp_loss":7.0,"gold_gain":0.0,"event_name":"Golden Idol","player_choice":"Lose Max HP","floor":4.0,"gold_loss":0.0,"damage_taken":0.0,"relics_obtained":["Golden Idol"]},{"cards_removed":["Strike_R"],"damage_healed":0.0,"max_hp_gain":0.0,"max_hp_loss":0.0,"gold_gain":0.0,"event_name":"Beggar","player_choice":"Gave Gold","floor":19.0,"gold_loss":75.0,"damage_taken":0.0},{"cards_removed":["Bash"],"damage_healed":0.0,"max_hp_gain":0.0,"max_hp_loss":0.0,"gold_gain":0.0,"event_name":"Purifier","player_choice":"Purged","floor":22.0,"gold_loss":0.0,"damage_taken":0.0},{"damage_healed":0.0,"max_hp_gain":0.0,"max_hp_loss":0.0,"gold_gain":0.0,"event_name":"Back to Basics","player_choice":"Simplicity","floor":27.0,"gold_loss":0.0,"damage_taken":0.0,"cards_upgraded":["Strike_R","Defend_R","Defend_R","Defend_R","Defend_R"]},{"cards_removed":["Strike_R"],"damage_healed":0.0,"max_hp_gain":0.0,"max_hp_loss":0.0,"gold_gain":0.0,"event_name":"Falling","player_choice":"Removed Attack","floor":36.0,"gold_loss":0.0,"damage_taken":0.0},{"damage_healed":0.0,"max_hp_gain":0.0,"max_hp_loss":0.0,"gold_gain":333.0,"event_name":"The Moai Head","player_choice":"Gave Idol","floor":37.0,"relics_lost":["Golden Idol"],"gold_loss":0.0,"damage_taken":0.0},{"damage_healed":0.0,"max_hp_gain":0.0,"max_hp_loss":0.0,"gold_gain":0.0,"event_name":"Tomb of Lord Red Mask","player_choice":"Ignored","floor":38.0,"gold_loss":0.0,"damage_taken":0.0},{"damage_healed":0.0,"max_hp_gain":0.0,"max_hp_loss":0.0,"gold_gain":0.0,"event_name":"FaceTrader","player_choice":"Leave","floor":42.0,"gold_loss":0.0,"damage_taken":0.0}],"is_beta":false,"boss_relics":[{"not_picked":["Empty Cage","Fusion Hammer"],"picked":"Coffee Dripper"},{"not_picked":["Runic Dome","Astrolabe"],"picked":"Orrery"}],"items_purged_floors":[3,39],"is_endless":false,"potions_floor_spawned":[1,5,7,12,14,16,20,24,31,35,44],"killed_by":"Awakened One","ascension_level":15}