{"gold_per_floor":[110,110,122,47,64,99,110,110,164,182,182,132,145,145,145,268,268,292,330,330,345,370,413,413,436,436,436,457,473,86,111,111,241,304,322,338,127,188,38,38,260,593,593,603,603,638,684,698,698,698,698,698,70,104,104],"floor_reached":56,"playtime":16873,"items_purged":["Strike_B","Zap","Dualcast","Defend_B","Defend_B"],"score":1304,"play_id":"780532cc-8078-4e3e-a743-b53a92c39a10","local_time":"20181216223610","is_ascension_mode":false,"campfire_choices":[{"floor":8.0,"key":"REST"},{"data":"Go for the Eyes","floor":11.0,"key":"SMITH"},{"data":"Gash","floor":15.0,"key":"SMITH"},{"floor":24.0,"key":"REST"},{"data":"Coolheaded","floor":27.0,"key":"SMITH"},{"data":"Violence","floor":32.0,"key":"SMITH"},{"floor":40,"key":"RECALL"},{"data":"Steam","floor":45,"key":"SMITH"},{"data":"Gash","floor":49,"key":"SMITH"},{"data":"Steam","floor":52,"key":"SMITH"}],"neow_cost":"NONE","seed_source_timestamp":338813861462987,"circlet_count":0,"master_deck":["Defend_B+1","Defend_B","Gash+1","Gash+1","Gash+1","Steam+1","Go for the Eyes+1","Scrape+1","Self Repair+1","Scrape+1","Steam+1","Coolheaded+1","Gash","Flash of Steel","Steam+1","Violence+1","All For One","Self Repair","Finesse","Steam+1"],"special_seed":0,"relics":["Runic Pyramid","Blue Candle","Bag of Marbles","Empty Cage","Red Mask","Omamori","Kunai","Tiny House","Ginger","Dodecahedron","Pen Nib","Mummified Hand","OrangePellets","FossilizedHelix"],"potions_floor_usage":[38,55,55],"damage_taken":[{"damage":1.0,"enemies":"2 Louse","floor":1.0,"turns":3.0},{"damage":1.0,"enemies":"Cultist","floor":3.0,"turns":3.0},{"damage":0.0,"enemies":"Small Slimes","floor":5.0,"turns":3.0},{"damage":26.0,"enemies":"3 Sentries","floor":6.0,"turns":10.0},{"damage":5.0,"enemies":"Looter","floor":7.0,"turns":2.0},{"damage":7.0,"enemies":"3 Louse","floor":10.0,"turns":2.0},{"damage":2.0,"enemies":"Red Slaver","floor":13.0,"turns":4.0},{"damage":29.0,"enemies":"Slime Boss","floor":16.0,"turns":9.0},{"damage":0.0,"enemies":"Shell Parasite","floor":18.0,"turns":5.0},{"damage":46.0,"enemies":"Masked Bandits","floor":19.0,"turns":5.0},{"damage":6.0,"enemies":"Chosen","floor":21.0,"turns":3.0},{"damage":12.0,"enemies":"Snake Plant","floor":22.0,"turns":4.0},{"damage":0.0,"enemies":"Book of Stabbing","floor":23.0,"turns":4.0},{"damage":19.0,"enemies":"3 Cultists","floor":25.0,"turns":6.0},{"damage":3.0,"enemies":"Snecko","floor":28.0,"turns":6.0},{"damage":2.0,"enemies":"Sentry and Sphere","floor":29.0,"turns":4.0},{"damage":1.0,"enemies":"Centurion and Healer","floor":31.0,"turns":3.0},{"damage":18.0,"enemies":"Collector","floor":33.0,"turns":7.0},{"damage":22,"enemies":"3 Shapes","floor":35,"turns":4},{"damage":1,"enemies":"Orb Walker","floor":36,"turns":4},{"damage":20,"enemies":"2 Orb Walkers","floor":38,"turns":4},{"damage":0,"enemies":"Sphere and 2 Shapes","floor":44,"turns":3},{"damage":3,"enemies":"Giant Head","floor":46,"turns":4},{"damage":0,"enemies":"Transient","floor":48,"turns":5},{"damage":31,"enemies":"Awakened One","floor":50,"turns":6},{"damage":0,"enemies":"Shield and Spear","floor":54,"turns":4},{"damage":40,"enemies":"The Heart","floor":55,"turns":7}],"seed_played":"3767750307205511340","potions_obtained":[{"floor":5.0,"key":"PowerPotion"},{"floor":7.0,"key":"AttackPotion"},{"floor":10.0,"key":"Ancient Potion"},{"floor":13.0,"key":"SteroidPotion"},{"floor":25.0,"key":"FearPotion"},{"floor":28.0,"key":"Weak Potion"},{"floor":33.0,"key":"AttackPotion"},{"floor":38,"key":"SteroidPotion"}],"is_trial":false,"path_per_floor":["M","?","M","$","M","E","M","R","T","M","R","?","M","?","R","B",null,"M","?","?","M","M","E","R","M","T","R","M","M","$","M","R","B",null,"M","M","$","?","$","R","?","?","T","M","R","E","T","M","R","B",null,"R","$","E","B",null],"character_chosen":"DEFECT","items_purchased":["Flash of Steel","Steam","Violence","Finesse","Mummified Hand","OrangePellets"],"campfire_rested":2,"item_purchase_floors":[30,30,30,37,53,53],"current_hp_per_floor":[74,74,73,73,73,47,42,64,64,57,57,57,55,55,55,26,69,69,23,23,27,15,25,45,36,36,36,43,51,51,50,50,42,74,69,74,74,71,71,71,71,71,71,74,74,74,74,74,74,60,74,74,74,74,51],"gold":104,"neow_bonus":"BOSS_RELIC","is_prod":false,"is_daily":false,"chose_seed":false,"campfire_upgraded":7,"win_rate":0,"timestamp":1545021370,"path_taken":["M","?","M","$","?","E","M","R","T","M","R","?","M","?","R","BOSS","M","?","?","M","?","E","R","M","T","R","M","M","$","M","R","BOSS","M","M","$","?","?","R","?","?","T","M","R","E","?","?","R","BOSS","R","$","E","BOSS"],"build_version":"2018-12-13","purchased_purges":5,"victory":true,"max_hp_per_floor":[75,75,75,75,75,75,75,75,75,75,75,75,75,69,69,69,69,69,69,69,69,69,69,69,69,69,69,69,69,69,69,69,69,74,74,74,74,74,74,74,74,74,74,74,74,74,74,74,74,74,74,74,74,74,74],"card_choices":[{"not_picked":["Redo","Blizzard"],"picked":"Gash","floor":1.0},{"not_picked":["Conserve Battery","Redo"],"picked":"Gash","floor":3.0},{"not_picked":["Steam","Defragment"],"picked":"Gash","floor":5.0},{"not_picked":["Consume","Stack"],"picked":"Steam","floor":6.0},{"not_picked":["Heatsinks","Turbo"],"picked":"Go for the Eyes","floor":7.0},{"not_picked":["Double Energy","Force Field","Rebound"],"picked":"SKIP","floor":10.0},{"not_picked":["Cold Snap","Double Energy","Redo"],"picked":"SKIP","floor":13.0},{"not_picked":["Gash","Stack"],"picked":"Scrape+1","floor":18.0},{"not_picked":["Melter","Turbo"],"picked":"Self Repair+1","floor":19.0},{"not_picked":["Skim+1","Barrage"],"picked":"Steam+1","floor":21.0},{"not_picked":["Stack","Storm"],"picked":"Coolheaded","floor":22.0},{"not_picked":["Heatsinks","Biased Cognition","Echo Form"],"picked":"SKIP","floor":23.0},{"not_picked":["Steam Power+1","Rip and Tear+1","Darkness+1"],"picked":"SKIP","floor":25.0},{"not_picked":["Cold Snap","Turbo"],"picked":"Gash","floor":28.0},{"not_picked":["Cold Snap","Genetic Algorithm","Redo"],"picked":"SKIP","floor":29.0},{"not_picked":["Doom and Gloom","Hologram","Lockon"],"picked":"SKIP","floor":31.0},{"not_picked":["Thunder Strike","Buffer"],"picked":"All For One","floor":33.0},{"not_picked":["Force Field","Turbo"],"picked":"Self Repair","floor":34.0},{"not_picked":["Lockon+1","Reinforced Body+1","Go for the Eyes"],"picked":"SKIP","floor":35},{"not_picked":["Reinforced Body","Cold Snap","Glacier+1"],"picked":"SKIP","floor":36},{"not_picked":["Lockon","Compile Driver","Loop+1"],"picked":"SKIP","floor":44},{"not_picked":["Double Energy","Chill"],"picked":"Steam+1","floor":46},{"not_picked":["Turbo","Rebound","Heatsinks+1"],"picked":"SKIP","floor":48},{"not_picked":["Buffer","Meteor Strike","Barrage+1"],"picked":"SKIP","floor":54}],"player_experience":164514,"relics_obtained":[{"floor":6.0,"key":"Blue Candle"},{"floor":9.0,"key":"Bag of Marbles"},{"floor":19.0,"key":"Red Mask"},{"floor":23.0,"key":"Omamori"},{"floor":26.0,"key":"Kunai"},{"floor":38,"key":"Ginger"},{"floor":46,"key":"Dodecahedron"},{"floor":47,"key":"Pen Nib"},{"floor":54,"key":"FossilizedHelix"}],"event_choices":[{"damage_healed":0.0,"max_hp_gain":0.0,"max_hp_loss":0.0,"gold_gain":0.0,"event_name":"Upgrade Shrine","player_choice":"Upgraded","floor":2.0,"gold_loss":0.0,"damage_taken":0.0,"cards_upgraded":["Gash"]},{"cards_removed":["Strike_B"],"damage_healed":0.0,"max_hp_gain":0.0,"max_hp_loss":0.0,"gold_gain":0.0,"event_name":"The Cleric","player_choice":"Card Removal","floor":12.0,"gold_loss":50.0,"damage_taken":0.0},{"damage_healed":0.0,"max_hp_gain":0.0,"max_hp_loss":6.0,"gold_gain":0.0,"event_name":"Golden Idol","player_choice":"Lose Max HP","floor":14.0,"gold_loss":0.0,"damage_taken":0.0,"relics_obtained":["Golden Idol"]},{"damage_healed":0.0,"max_hp_gain":0.0,"max_hp_loss":0.0,"gold_gain":0.0,"event_name":"Masked Bandits","player_choice":"Fought Bandits","floor":19.0,"gold_loss":0.0,"damage_taken":0.0},{"damage_healed":0.0,"max_hp_gain":0.0,"max_hp_loss":0.0,"gold_gain":0.0,"event_name":"Duplicator","player_choice":"Copied","floor":20.0,"gold_loss":0.0,"damage_taken":0.0,"cards_obtained":["Scrape"]},{"damage_healed":0,"gold_gain":0,"player_choice":"Fight","damage_taken":0,"max_hp_gain":0,"max_hp_loss":0,"event_name":"Mysterious Sphere","floor":38,"gold_loss":0},{"damage_healed":0,"gold_gain":222,"player_choice":"Wore Mask","damage_taken":0,"max_hp_gain":0,"max_hp_loss":0,"event_name":"Tomb of Lord Red Mask","floor":41,"gold_loss":0},{"damage_healed":0,"gold_gain":333,"player_choice":"Gave Idol","damage_taken":0,"max_hp_gain":0,"max_hp_loss":0,"event_name":"The Moai Head","floor":42,"relics_lost":["Golden Idol"],"gold_loss":0}],"is_beta":false,"boss_relics":[{"not_picked":["Busted Crown","White Beast Statue"],"picked":"Empty Cage"},{"not_picked":["Velvet Choker","Runic Dome"],"picked":"Tiny House"}],"items_purged_floors":[4,30,37,39,53],"is_endless":false,"potions_floor_spawned":[5,7,10,13,18,19,25,28,33,38],"ascension_level":0}