{"gold_per_floor":[110,127,139,153,166,199,199,210,210,225,255,255,61,71,71,171,171,183,194,206,166,184,184],"floor_reached":23,"playtime":3583,"items_purged":[],"score":199,"play_id":"6626bfa9-268f-467e-ad64-b6c0c09f3ac6","local_time":"20190629234353","is_ascension_mode":false,"campfire_choices":[{"floor":7,"key":"REST"},{"data":"Armaments","floor":15,"key":"SMITH"}],"neow_cost":"NONE","seed_source_timestamp":0,"circlet_count":0,"master_deck":["Strike_R+1","Strike_R","Strike_R","Strike_R","Defend_R","Defend_R","Defend_R","Defend_R","Bash","Seeing Red","Armaments","Pommel Strike+1","Cleave","Fire Breathing","Armaments","Metallicize","Impervious","Carnage","Armaments+1","Headbutt","Inflame","Pommel Strike","Offering","Immolate","Inflame","Second Wind+1","Pummel","Combust"],"special_seed":0,"relics":["Burning Blood","Dodecahedron","Mango","Self Forming Clay","Cursed Key"],"potions_floor_usage":[6,16,16,22,22,23],"damage_taken":[{"damage":1.0,"enemies":"Jaw Worm","floor":1.0,"turns":3.0},{"damage":0.0,"enemies":"Small Slimes","floor":2.0,"turns":3.0},{"damage":6.0,"enemies":"Cultist","floor":3.0,"turns":3.0},{"damage":17.0,"enemies":"Large Slime","floor":4.0,"turns":10.0},{"damage":3.0,"enemies":"3 Louse","floor":5.0,"turns":4.0},{"damage":24,"enemies":"Lagavulin","floor":6,"turns":9},{"damage":16,"enemies":"Exordium Wildlife","floor":8,"turns":5},{"damage":0,"enemies":"Large Slime","floor":10,"turns":6},{"damage":8,"enemies":"Red Slaver","floor":14,"turns":6},{"damage":23,"enemies":"The Guardian","floor":16,"turns":11},{"damage":14,"enemies":"3 Byrds","floor":18,"turns":5},{"damage":9,"enemies":"Spheric Guardian","floor":19,"turns":6},{"damage":22,"enemies":"Snake Plant","floor":20,"turns":6},{"damage":19,"enemies":"Centurion and Healer","floor":22,"turns":6},{"damage":54,"enemies":"Gremlin Leader","floor":23,"turns":5}],"seed_played":"-3298217108700144949","potions_obtained":[{"floor":1.0,"key":"LiquidBronze"},{"floor":3.0,"key":"Ancient Potion"},{"floor":5,"key":"Fire Potion"},{"floor":14,"key":"Fire Potion"},{"floor":18,"key":"GamblersBrew"},{"floor":19,"key":"Block Potion"}],"is_trial":false,"path_per_floor":["M","M","M","M","M","E","R","M","T","M","?","T","$","M","R","B",null,"M","M","M","?","M","E"],"character_chosen":"IRONCLAD","items_purchased":["Armaments","Headbutt","Inflame","Pommel Strike"],"campfire_rested":1,"item_purchase_floors":[13,13,13,13],"current_hp_per_floor":[80,80,80,69,72,54,78,68,82,88,88,88,88,86,86,69,94,86,83,67,67,54,0],"gold":184,"neow_bonus":"TRANSFORM_CARD","is_prod":false,"is_daily":false,"chose_seed":false,"campfire_upgraded":1,"win_rate":0.0,"timestamp":1561841033,"path_taken":["M","M","M","M","M","E","R","M","T","M","?","?","$","M","R","BOSS","M","M","M","?","?","E"],"build_version":"2019-01-23","purchased_purges":0,"victory":false,"max_hp_per_floor":[80,80,80,80,80,80,80,80,94,94,94,94,94,94,94,94,94,94,94,94,94,94,94],"card_choices":[{"not_picked":["Reckless Charge","Warcry"],"picked":"Armaments","floor":1.0},{"not_picked":["Anger","Body Slam"],"picked":"Pommel Strike","floor":2.0},{"not_picked":["Warcry","Body Slam"],"picked":"Cleave","floor":3.0},{"not_picked":["Warcry","Perfected Strike"],"picked":"Fire Breathing","floor":4.0},{"not_picked":["Sword Boomerang","Dropkick"],"picked":"Armaments","floor":5},{"not_picked":["Clothesline","Dual Wield"],"picked":"Metallicize","floor":6},{"not_picked":["Infernal Blade","Metallicize"],"picked":"Impervious","floor":8},{"not_picked":["Heavy Blade","Anger"],"picked":"Carnage","floor":10},{"not_picked":["Thunderclap","Wild Strike"],"picked":"Offering","floor":14},{"not_picked":["Brutality","Demon Form"],"picked":"Immolate","floor":16},{"not_picked":["Pommel Strike","Power Through"],"picked":"Inflame","floor":18},{"not_picked":["Rage","Iron Wave"],"picked":"Second Wind+1","floor":19},{"not_picked":["Body Slam+1","Heavy Blade"],"picked":"Pummel","floor":20},{"not_picked":["Thunderclap","Headbutt"],"picked":"Combust","floor":22}],"player_experience":33703,"relics_obtained":[{"floor":6,"key":"Dodecahedron"},{"floor":9,"key":"Mango"},{"floor":12,"key":"Self Forming Clay"}],"event_choices":[{"damage_healed":0,"gold_gain":30,"player_choice":"Searched \u00272\u0027 times","damage_taken":0,"max_hp_gain":0,"max_hp_loss":0,"event_name":"Dead Adventurer","floor":11,"gold_loss":0},{"damage_healed":0,"gold_gain":0,"player_choice":"Upgraded Two","damage_taken":0,"max_hp_gain":0,"max_hp_loss":0,"event_name":"Designer","floor":21,"gold_loss":40,"cards_upgraded":["Pommel Strike","Strike_R"]}],"is_beta":false,"boss_relics":[{"not_picked":["Lizard Tail","Black Blood"],"picked":"Cursed Key"}],"items_purged_floors":[],"is_endless":false,"potions_floor_spawned":[1,3,5,14,18,19],"killed_by":"Gremlin Leader","ascension_level":0}