{"gold_per_floor":[117,117,117,292,53,83,111,41,41,54,67,67,67,102,102,231,231,201,201,213,45,55,55,88,88,88,108,124,124],"floor_reached":29,"playtime":940,"items_purged":[],"score":311,"play_id":"c349b97b-7364-4bb2-bf30-a1561e5202c5","local_time":"20190330215026","is_ascension_mode":false,"campfire_choices":[{"data":"Rampage","floor":13,"key":"SMITH"},{"floor":15,"key":"REST"},{"floor":23,"key":"REST"}],"neow_cost":"NONE","seed_source_timestamp":9235400074597,"circlet_count":0,"master_deck":["Strike_R","Strike_R","Strike_R","Strike_R","Defend_R","Defend_R","Defend_R+1","Defend_R+1","Bash","Anger","Doubt","Blood for Blood","Wild Strike","Anger","Rampage+1","Iron Wave","Wild Strike","Injury","Shrug It Off","Feed","Armaments+1","Sadistic Nature","Clothesline","Pommel Strike","Shrug It Off","Disarm+1","Dual Wield"],"relics":["Black Blood","NeowsBlessing","WingedGreaves","Juzu Bracelet","Bronze Scales","War Paint","Blue Candle","Bloody Idol","Paper Frog","Bag of Marbles","Letter Opener"],"potions_floor_usage":[16,16,16,16,16,16,24,27,28,29],"damage_taken":[{"damage":0,"enemies":"2 Louse","floor":1,"turns":1},{"damage":0,"enemies":"Gremlin Nob","floor":6,"turns":1},{"damage":0,"enemies":"3 Sentries","floor":7,"turns":1},{"damage":2,"enemies":"Small Slimes","floor":10,"turns":3},{"damage":2,"enemies":"Jaw Worm","floor":11,"turns":3},{"damage":35,"enemies":"Lagavulin","floor":14,"turns":9},{"damage":47,"enemies":"Hexaghost","floor":16,"turns":7},{"damage":24,"enemies":"2 Thieves","floor":18,"turns":5},{"damage":12,"enemies":"3 Byrds","floor":20,"turns":4},{"damage":50,"enemies":"Snecko","floor":22,"turns":8},{"damage":49,"enemies":"Slavers","floor":24,"turns":7},{"damage":10,"enemies":"Snake Plant","floor":27,"turns":4},{"damage":31,"enemies":"Cultist and Chosen","floor":28,"turns":8},{"damage":21,"enemies":"Gremlin Leader","floor":29,"turns":5}],"seed_played":"3301951375715311253","potions_obtained":[{"floor":6,"key":"EntropicBrew"},{"floor":7,"key":"SteroidPotion"},{"floor":11,"key":"PowerPotion"},{"floor":22,"key":"SkillPotion"},{"floor":24,"key":"BloodPotion"},{"floor":27,"key":"EssenceOfSteel"},{"floor":28,"key":"FearPotion"}],"is_trial":false,"path_per_floor":["M","?","?","?","$","E","E","$","T","M","M","?","R","E","R","B",null,"M","?","M","$","M","R","E","?","T","M","M","E"],"character_chosen":"IRONCLAD","items_purchased":["Juzu Bracelet","Blood for Blood","Wild Strike","Rampage","Sadistic Nature"],"campfire_rested":2,"item_purchase_floors":[5,5,5,8,21],"current_hp_per_floor":[80,73,66,66,66,72,78,78,78,80,80,80,80,51,75,34,80,66,66,69,69,34,58,24,24,24,37,21,0],"gold":124,"neow_bonus":"THREE_ENEMY_KILL","is_prod":false,"is_daily":false,"chose_seed":false,"campfire_upgraded":1,"win_rate":0,"timestamp":1553946626,"path_taken":["M","?","?","?","$","E","E","?","T","M","M","?","R","E","R","BOSS","M","?","M","$","M","R","E","?","T","M","M","E"],"build_version":"2019-01-23","purchased_purges":0,"victory":false,"max_hp_per_floor":[80,80,80,80,80,80,80,80,80,80,80,80,80,80,80,80,80,80,80,80,80,80,80,80,80,80,80,80,80],"card_choices":[{"not_picked":["Evolve","Sword Boomerang"],"picked":"Anger","floor":1},{"not_picked":["Wild Strike","Armaments"],"picked":"Anger","floor":6},{"not_picked":["Carnage","Juggernaut","Body Slam"],"picked":"SKIP","floor":7},{"not_picked":["Anger","Sword Boomerang"],"picked":"Iron Wave","floor":10},{"not_picked":["Sword Boomerang","Feel No Pain"],"picked":"Wild Strike","floor":11},{"not_picked":["Sword Boomerang","Rupture"],"picked":"Shrug It Off","floor":14},{"not_picked":["Double Tap","Immolate"],"picked":"Feed","floor":16},{"not_picked":["Disarm","Bloodletting"],"picked":"Armaments+1","floor":18},{"not_picked":["Bloodletting","Sword Boomerang+1","Carnage"],"picked":"SKIP","floor":20},{"not_picked":["Flame Barrier","Shrug It Off"],"picked":"Clothesline","floor":22},{"not_picked":["Rage","Headbutt"],"picked":"Pommel Strike","floor":24},{"not_picked":["Battle Trance","Havoc+1"],"picked":"Disarm+1","floor":27},{"not_picked":["Iron Wave+1","Rampage+1"],"picked":"Dual Wield","floor":28}],"player_experience":297556,"relics_obtained":[{"floor":6,"key":"Bronze Scales"},{"floor":7,"key":"War Paint"},{"floor":9,"key":"Blue Candle"},{"floor":14,"key":"Paper Frog"},{"floor":24,"key":"Bag of Marbles"},{"floor":26,"key":"Letter Opener"}],"event_choices":[{"damage_healed":0,"gold_gain":0,"player_choice":"Success","damage_taken":7,"relics_obtained":["WingedGreaves"],"max_hp_gain":0,"max_hp_loss":0,"event_name":"Scrap Ooze","floor":2,"gold_loss":0},{"cards_removed":["Strike_R"],"damage_healed":0,"gold_gain":0,"player_choice":"Card Removal","damage_taken":7,"max_hp_gain":0,"max_hp_loss":0,"event_name":"Golden Wing","floor":3,"gold_loss":0},{"damage_healed":0,"gold_gain":175,"player_choice":"AGREE","damage_taken":0,"max_hp_gain":0,"max_hp_loss":0,"event_name":"Liars Game","floor":4,"gold_loss":0,"cards_obtained":["Doubt"]},{"damage_healed":0,"gold_gain":0,"player_choice":"Take Wound","damage_taken":0,"relics_obtained":["Golden Idol"],"max_hp_gain":0,"max_hp_loss":0,"event_name":"Golden Idol","floor":12,"gold_loss":0,"cards_obtained":["Injury"]},{"damage_healed":0,"gold_gain":0,"player_choice":"Gave Idol","damage_taken":0,"relics_obtained":["Bloody Idol"],"max_hp_gain":0,"max_hp_loss":0,"event_name":"Forgotten Altar","floor":19,"relics_lost":["Golden Idol"],"gold_loss":0},{"damage_healed":0,"gold_gain":0,"player_choice":"Copied","damage_taken":0,"max_hp_gain":0,"max_hp_loss":0,"event_name":"Duplicator","floor":25,"gold_loss":0,"cards_obtained":["Shrug It Off"]}],"is_beta":false,"boss_relics":[{"not_picked":["Runic Cube","Cursed Key"],"picked":"Black Blood"}],"items_purged_floors":[],"is_endless":false,"potions_floor_spawned":[6,7,11,22,24,27,28],"killed_by":"Gremlin Leader","ascension_level":0}