{"gold_per_floor":[117,135,155,168,168,168,20,20,46,46,46,76,26,46,46,149,149,165,165,185,110,130,130,130,130,155,155,155,55,72,171,171,271,271,287,287,304,349,368,368,397,397,397,417,417,437,0,0,0,0],"floor_reached":51,"playtime":2642,"items_purged":["Strike_B","Cold Snap+1"],"score":1004,"play_id":"9a115364-7a6a-4b54-ab26-baae0224ee17","local_time":"20190309210352","is_ascension_mode":true,"campfire_choices":[{"data":"Gash","floor":6.0,"key":"SMITH"},{"data":"Scrape","floor":8.0,"key":"SMITH"},{"floor":15.0,"key":"REST"},{"floor":23.0,"key":"REST"},{"data":"Gash","floor":25.0,"key":"SMITH"},{"data":"All For One","floor":32.0,"key":"SMITH"},{"floor":40,"key":"REST"},{"data":"Echo Form","floor":42,"key":"SMITH"},{"floor":49,"key":"REST"}],"neow_cost":"TEN_PERCENT_HP_LOSS","seed_source_timestamp":0,"circlet_count":0,"master_deck":["Gash+1","Gash+1","Scrape+1","Seek","Glacier+1","Scrape","Echo Form+1","Gash+1","Parasite","White Noise+1","Scrape"],"special_seed":0,"relics":["Cracked Core","Whetstone","DataDisk","Astrolabe","Bronze Scales","Dream Catcher","Empty Cage","FossilizedHelix","Omamori","Red Mask"],"potions_floor_usage":[46,50],"damage_taken":[{"damage":1.0,"enemies":"Cultist","floor":1.0,"turns":3.0},{"damage":2.0,"enemies":"Jaw Worm","floor":2.0,"turns":3.0},{"damage":0.0,"enemies":"Small Slimes","floor":3.0,"turns":2.0},{"damage":18.0,"enemies":"Exordium Wildlife","floor":4.0,"turns":5.0},{"damage":12.0,"enemies":"2 Fungi Beasts","floor":14.0,"turns":2.0},{"damage":0.0,"enemies":"Slime Boss","floor":16.0,"turns":4.0},{"damage":0.0,"enemies":"Spheric Guardian","floor":18.0,"turns":3.0},{"damage":7.0,"enemies":"Shell Parasite","floor":20.0,"turns":4.0},{"damage":17.0,"enemies":"Shelled Parasite and Fungi","floor":22.0,"turns":3.0},{"damage":0.0,"enemies":"Sentry and Sphere","floor":30.0,"turns":2.0},{"damage":17.0,"enemies":"Champ","floor":33.0,"turns":6.0},{"damage":0.0,"enemies":"3 Darklings","floor":35.0,"turns":3.0},{"damage":9.0,"enemies":"3 Shapes","floor":37.0,"turns":3.0},{"damage":0.0,"enemies":"2 Orb Walkers","floor":38.0,"turns":1.0},{"damage":12.0,"enemies":"Writhing Mass","floor":39.0,"turns":4.0},{"damage":0,"enemies":"Giant Head","floor":41,"turns":4},{"damage":0,"enemies":"Maw","floor":44,"turns":4},{"damage":31,"enemies":"4 Shapes","floor":46,"turns":3},{"damage":51,"enemies":"Donu and Deca","floor":50,"turns":5}],"seed_played":"4780916357850686325","potions_obtained":[{"floor":4.0,"key":"Strength Potion"},{"floor":14.0,"key":"SteroidPotion"},{"floor":16.0,"key":"Strength Potion"},{"floor":30.0,"key":"Regen Potion"},{"floor":38.0,"key":"EntropicBrew"},{"floor":39,"key":"Regen Potion"}],"is_trial":false,"path_per_floor":["M","M","M","M","?","R","$","R","T","?","$","?","?","M","R","B",null,"M","?","M","?","M","R","?","R","T","?","$","$","M","?","R","B",null,"M","?","M","?","M","R","E","R","T","M","?","M","?","$","R","B",null],"character_chosen":"DEFECT","items_purchased":["Scrape"],"campfire_rested":4,"item_purchase_floors":[7],"current_hp_per_floor":[67,65,65,47,68,68,68,68,68,61,61,61,61,49,68,68,68,68,68,61,61,44,64,64,64,64,64,64,64,64,64,64,59,66,66,66,57,57,45,65,65,65,65,65,65,43,43,43,63,12],"gold":0,"neow_bonus":"REMOVE_TWO","is_prod":false,"is_daily":false,"chose_seed":false,"campfire_upgraded":5,"win_rate":0,"timestamp":1552187032,"path_taken":["M","M","M","?","?","R","$","R","T","?","?","?","?","M","R","BOSS","M","?","M","?","M","R","?","R","T","?","?","$","M","?","R","BOSS","M","?","M","?","M","R","E","R","T","M","?","M","?","?","R","BOSS"],"build_version":"2019-01-23","purchased_purges":2,"victory":true,"max_hp_per_floor":[68,68,68,68,68,68,68,68,68,68,68,68,68,68,68,68,68,68,68,68,68,68,68,68,68,68,68,68,68,68,68,68,68,68,68,68,68,68,68,68,68,68,68,68,68,68,68,68,68,68],"card_choices":[{"not_picked":["Coolheaded","Go for the Eyes","Hello World"],"picked":"SKIP","floor":1.0},{"not_picked":["Rip and Tear","Chaos","Storm"],"picked":"SKIP","floor":2.0},{"not_picked":["Rebound","Aggregate"],"picked":"Gash","floor":3.0},{"not_picked":["Go for the Eyes","Streamline"],"picked":"Gash","floor":4.0},{"not_picked":["Turbo","Barrage","Hologram"],"picked":"SKIP","floor":14.0},{"not_picked":["Amplify","Biased Cognition"],"picked":"Seek","floor":16.0},{"not_picked":["Rip and Tear+1","Leap"],"picked":"Scrape","floor":18.0},{"not_picked":["Ball Lightning","Stack","Go for the Eyes"],"picked":"SKIP","floor":20.0},{"not_picked":["Sweeping Beam","Melter"],"picked":"All For One","floor":22.0},{"not_picked":["Turbo","Sweeping Beam+1","Barrage"],"picked":"SKIP","floor":30.0},{"not_picked":["Biased Cognition","Core Surge"],"picked":"Echo Form","floor":33.0},{"not_picked":["Coolheaded","Hologram+1"],"picked":"Gash+1","floor":35.0},{"not_picked":["Beam Cell","Conserve Battery","Reprogram+1"],"picked":"SKIP","floor":37.0},{"not_picked":["Streamline+1","Sweeping Beam","Static Discharge"],"picked":"SKIP","floor":39},{"not_picked":["Sunder+1","Reprogram"],"picked":"White Noise+1","floor":40},{"not_picked":["Tempest","Streamline","Compile Driver"],"picked":"SKIP","floor":41},{"not_picked":["Hyperbeam","Turbo","Redo"],"picked":"SKIP","floor":44},{"not_picked":["Storm+1","Lockon","Genetic Algorithm+1"],"picked":"SKIP","floor":46},{"not_picked":["Sunder","Genetic Algorithm+1"],"picked":"Scrape","floor":49}],"player_experience":461716,"relics_obtained":[{"floor":9.0,"key":"Whetstone"},{"floor":26.0,"key":"Dream Catcher"},{"floor":38.0,"key":"FossilizedHelix"},{"floor":43,"key":"Omamori"}],"event_choices":[{"damage_healed":22.0,"max_hp_gain":0.0,"max_hp_loss":0.0,"gold_gain":0.0,"event_name":"Big Fish","player_choice":"Banana","floor":5.0,"gold_loss":0.0,"damage_taken":0.0},{"cards_removed":["Strike_B"],"damage_healed":0.0,"max_hp_gain":0.0,"max_hp_loss":0.0,"gold_gain":0.0,"event_name":"Golden Wing","player_choice":"Card Removal","floor":10.0,"gold_loss":0.0,"damage_taken":7.0},{"damage_healed":0.0,"max_hp_gain":0.0,"max_hp_loss":0.0,"gold_gain":30.0,"event_name":"Dead Adventurer","player_choice":"Searched \u00272\u0027 times","floor":12.0,"gold_loss":0.0,"damage_taken":0.0,"relics_obtained":["DataDisk"]},{"cards_removed":["Strike_B"],"damage_healed":0.0,"max_hp_gain":0.0,"max_hp_loss":0.0,"gold_gain":0.0,"event_name":"The Cleric","player_choice":"Card Removal","floor":13.0,"gold_loss":50.0,"damage_taken":0.0},{"damage_healed":0.0,"max_hp_gain":0.0,"max_hp_loss":0.0,"gold_gain":0.0,"event_name":"Vampires","player_choice":"Ignored","floor":19.0,"gold_loss":0.0,"damage_taken":0.0},{"cards_removed":["Defend_B"],"damage_healed":0.0,"max_hp_gain":0.0,"max_hp_loss":0.0,"gold_gain":0.0,"event_name":"Beggar","player_choice":"Gave Gold","floor":21.0,"gold_loss":75.0,"damage_taken":0.0},{"damage_healed":0.0,"max_hp_gain":0.0,"max_hp_loss":0.0,"gold_gain":0.0,"event_name":"The Mausoleum","player_choice":"Opened","floor":24.0,"gold_loss":0.0,"damage_taken":0.0,"relics_obtained":["Bronze Scales"],"cards_obtained":["Writhe"]},{"cards_removed":["Writhe"],"damage_healed":0.0,"max_hp_gain":0.0,"max_hp_loss":0.0,"gold_gain":0.0,"event_name":"Back to Basics","player_choice":"Elegance","floor":27.0,"gold_loss":0.0,"damage_taken":0.0},{"damage_healed":0.0,"max_hp_gain":0.0,"max_hp_loss":0.0,"gold_gain":99.0,"event_name":"Nest","player_choice":"Stole From Cult","floor":31.0,"gold_loss":0.0,"damage_taken":0.0},{"cards_removed":["All For One"],"damage_healed":0.0,"max_hp_gain":0.0,"max_hp_loss":0.0,"gold_gain":0.0,"event_name":"Falling","player_choice":"Removed Attack","floor":36.0,"gold_loss":0.0,"damage_taken":0.0},{"damage_healed":0.0,"max_hp_gain":0.0,"max_hp_loss":0.0,"gold_gain":0.0,"event_name":"Mysterious Sphere","player_choice":"Fight","floor":38.0,"gold_loss":0.0,"damage_taken":0.0},{"damage_healed":0,"gold_gain":0,"player_choice":"Memory 1","damage_taken":0,"max_hp_gain":0,"max_hp_loss":0,"event_name":"SensoryStone","floor":45,"gold_loss":0},{"damage_healed":0,"gold_gain":0,"player_choice":"Paid","damage_taken":0,"relics_obtained":["Red Mask"],"max_hp_gain":0,"max_hp_loss":0,"event_name":"Tomb of Lord Red Mask","floor":47,"gold_loss":437}],"is_beta":false,"boss_relics":[{"not_picked":["Ectoplasm","Snecko Eye"],"picked":"Astrolabe"},{"not_picked":["Cursed Key","Tiny House"],"picked":"Empty Cage"}],"items_purged_floors":[7,29],"is_endless":false,"potions_floor_spawned":[4,14,16,30,38,39,41],"ascension_level":7}