{"gold_per_floor":[110,185,185,197,197,232,248,277,277,294,294,35,48,67,67,171,171,183,183,6,6,20,20,33,60,60,60,80,106,106,106,106,106],"floor_reached":33,"playtime":1248,"items_purged":[],"score":409,"play_id":"bda874e8-e7a4-4c4b-8e6d-b8316c951e97","local_time":"20190424051030","is_ascension_mode":true,"campfire_choices":[{"floor":11,"key":"REST"},{"data":"Neutralize","floor":15,"key":"SMITH"},{"data":"Leg Sweep","floor":23,"key":"SMITH"},{"floor":27,"key":"REST"},{"floor":30,"key":"REST"},{"floor":32,"key":"REST"}],"neow_cost":"NONE","seed_source_timestamp":69809750047423,"circlet_count":0,"master_deck":["Defend_G","Defend_G","Defend_G","Defend_G","Defend_G","Strike_G","Strike_G","Strike_G","Strike_G","Strike_G","Survivor","Neutralize+1","Acrobatics","Dagger Throw","Poisoned Stab","Dagger Spray","Well Laid Plans+1","Underhanded Strike","Caltrops+1","Sadistic Nature+1","Leg Sweep","Blade Dance","Die Die Die","Catalyst","Poisoned Stab","Leg Sweep+1","Crippling Poison","Accuracy+1","Cloak And Dagger","Sadistic Nature+1","Caltrops+1","Finisher+1","Prepared+1","Choke","Cloak And Dagger","Pain"],"relics":["Ring of the Snake","NeowsBlessing","Frozen Egg 2","Mercury Hourglass","Bronze Scales","Mummified Hand","Orrery","Ancient Tea Set","Bag of Marbles","Thread and Needle","WarpedTongs"],"potions_floor_usage":[8,16,22,25,29],"damage_taken":[{"damage":0,"enemies":"Jaw Worm","floor":1,"turns":1},{"damage":0,"enemies":"Cultist","floor":4,"turns":1},{"damage":0,"enemies":"Lagavulin","floor":6,"turns":1},{"damage":7,"enemies":"Small Slimes","floor":7,"turns":3},{"damage":14,"enemies":"3 Sentries","floor":8,"turns":6},{"damage":6,"enemies":"2 Fungi Beasts","floor":10,"turns":2},{"damage":11,"enemies":"Blue Slaver","floor":13,"turns":3},{"damage":0,"enemies":"Lots of Slimes","floor":14,"turns":1},{"damage":20,"enemies":"The Guardian","floor":16,"turns":9},{"damage":0,"enemies":"3 Byrds","floor":18,"turns":2},{"damage":9,"enemies":"2 Thieves","floor":22,"turns":4},{"damage":7,"enemies":"Centurion and Healer","floor":24,"turns":4},{"damage":36,"enemies":"Slavers","floor":25,"turns":3},{"damage":0,"enemies":"Cultist and Chosen","floor":28,"turns":5},{"damage":20,"enemies":"Book of Stabbing","floor":29,"turns":4},{"damage":53,"enemies":"Automaton","floor":33,"turns":6}],"seed_played":"-1963487976786347773","potions_obtained":[{"floor":7,"key":"Explosive Potion"},{"floor":14,"key":"GhostInAJar"},{"floor":16,"key":"SkillPotion"},{"floor":22,"key":"Explosive Potion"},{"floor":25,"key":"FearPotion"}],"is_trial":false,"path_per_floor":["M","?","T","M","?","E","M","E","T","M","R","$","M","M","R","B",null,"M","?","$","?","M","R","M","E","T","R","M","E","R","?","R","B"],"character_chosen":"THE_SILENT","items_purchased":["Caltrops+1","Sadistic Nature+1","Sadistic Nature+1"],"campfire_rested":4,"item_purchase_floors":[12,12,20],"current_hp_per_floor":[70,59,59,59,59,59,52,38,38,32,53,53,42,42,42,22,70,70,57,57,57,48,48,41,5,5,27,27,7,29,29,51,0],"gold":106,"neow_bonus":"THREE_ENEMY_KILL","is_prod":false,"is_daily":false,"chose_seed":false,"campfire_upgraded":2,"win_rate":0,"timestamp":1556046630,"path_taken":["M","?","?","?","?","E","M","E","T","M","R","$","M","M","R","BOSS","M","?","$","?","M","R","M","E","T","R","M","E","R","?","R","BOSS"],"build_version":"2019-01-23","purchased_purges":0,"victory":false,"max_hp_per_floor":[70,70,70,70,70,70,70,70,70,70,70,70,70,70,70,70,70,70,75,75,75,75,75,75,75,75,75,75,75,75,75,75,75],"card_choices":[{"not_picked":["Flying Knee","Slice"],"picked":"Acrobatics","floor":1},{"not_picked":["Backflip","Escape Plan"],"picked":"Dagger Throw","floor":4},{"not_picked":["Leg Sweep","Prepared"],"picked":"Poisoned Stab","floor":6},{"not_picked":["Outmaneuver","Bouncing Flask"],"picked":"Dagger Spray","floor":7},{"not_picked":["Grand Finale","Accuracy+1"],"picked":"Well Laid Plans+1","floor":8},{"not_picked":["PiercingWail","Flechettes"],"picked":"Underhanded Strike","floor":10},{"not_picked":["Slice","Backflip"],"picked":"Leg Sweep","floor":13},{"not_picked":["Outmaneuver","Slice"],"picked":"Blade Dance","floor":14},{"not_picked":["Corpse Explosion","Unload"],"picked":"Die Die Die","floor":16},{"not_picked":["Setup","Backflip"],"picked":"Catalyst","floor":17},{"not_picked":["Prepared","Acrobatics"],"picked":"Poisoned Stab","floor":17},{"not_picked":["Underhanded Strike","Calculated Gamble"],"picked":"Leg Sweep","floor":17},{"not_picked":["Accuracy+1","Dagger Spray"],"picked":"Crippling Poison","floor":17},{"not_picked":["Flying Knee","Corpse Explosion"],"picked":"Accuracy+1","floor":17},{"not_picked":["Bane","Bouncing Flask"],"picked":"Cloak And Dagger","floor":18},{"not_picked":["Riddle With Holes","Blade Dance+1"],"picked":"Caltrops+1","floor":22},{"not_picked":["Quick Slash","Bullet Time"],"picked":"Finisher+1","floor":24},{"not_picked":["Dagger Throw","Underhanded Strike"],"picked":"Prepared+1","floor":25},{"not_picked":["Slice+1","Blade Dance"],"picked":"Choke","floor":28},{"not_picked":["Burst","Predator"],"picked":"Cloak And Dagger","floor":29}],"player_experience":447068,"relics_obtained":[{"floor":3,"key":"Frozen Egg 2"},{"floor":6,"key":"Mercury Hourglass"},{"floor":8,"key":"Bronze Scales"},{"floor":9,"key":"Mummified Hand"},{"floor":25,"key":"Ancient Tea Set"},{"floor":26,"key":"Bag of Marbles"},{"floor":29,"key":"Thread and Needle"}],"event_choices":[{"damage_healed":0,"gold_gain":75,"player_choice":"Gather Gold","damage_taken":11,"max_hp_gain":0,"max_hp_loss":0,"event_name":"World of Goop","floor":2,"gold_loss":0},{"damage_healed":0,"gold_gain":0,"player_choice":"Leave","damage_taken":0,"max_hp_gain":0,"max_hp_loss":0,"event_name":"The Cleric","floor":5,"gold_loss":0},{"damage_healed":0,"gold_gain":0,"player_choice":"Shed Blood","damage_taken":18,"max_hp_gain":5,"max_hp_loss":0,"event_name":"Forgotten Altar","floor":19,"gold_loss":0},{"damage_healed":0,"gold_gain":0,"player_choice":"Ignored","damage_taken":0,"max_hp_gain":0,"max_hp_loss":0,"event_name":"Ghosts","floor":21,"gold_loss":0},{"damage_healed":0,"gold_gain":0,"player_choice":"Rummage","damage_taken":0,"relics_obtained":["WarpedTongs"],"max_hp_gain":0,"max_hp_loss":0,"event_name":"Accursed Blacksmith","floor":31,"gold_loss":0,"cards_obtained":["Pain"]}],"is_beta":false,"boss_relics":[{"not_picked":["Ring of the Serpent","Philosopher\u0027s Stone"],"picked":"Orrery"}],"items_purged_floors":[],"is_endless":false,"potions_floor_spawned":[7,14,16,22,25],"killed_by":"Automaton","ascension_level":4}