{"gold_per_floor":[114,129,144,2,17,47,2,2,27,57,57,87,87,19,19,119,119,134,22,22,37,52,52],"floor_reached":23,"playtime":1011,"items_purged":["Shame"],"score":209,"play_id":"c78d77ce-d6c9-4065-9ae3-c590e533cec0","local_time":"20190422025730","daily_mods":["Draft","Green Cards","DeadlyEvents"],"is_ascension_mode":false,"campfire_choices":[{"data":"Envenom","floor":11,"key":"SMITH"},{"floor":13,"key":"REST"},{"data":"Entrench","floor":15,"key":"SMITH"}],"neow_cost":"","seed_source_timestamp":35120997303329,"circlet_count":0,"master_deck":["Escape Plan","Deflect","Deadly Poison","Bane","Deflect","Poisoned Stab","Choke","Warcry","Spot Weakness","Prepared","Twin Strike","Burning Pact","Backflip","Entrench+1","Rampage","Catalyst","Armaments","Cloak And Dagger","Feel No Pain","Sucker Punch","Envenom+1","Flex","Acrobatics","Tactician","Footwork","Offering","Sucker Punch+1","Double Tap+1","Slice+1","Metallicize","Decay","Thunderclap","Uppercut+1"],"special_seed":18007,"relics":["Burning Blood","Bag of Marbles","WarpedTongs","Bronze Scales","Letter Opener","Blood Vial","Astrolabe"],"potions_floor_usage":[6,10,10,16,22],"damage_taken":[{"damage":0,"enemies":"Cultist","floor":1,"turns":3},{"damage":0,"enemies":"2 Louse","floor":2,"turns":2},{"damage":0,"enemies":"Small Slimes","floor":3,"turns":3},{"damage":1,"enemies":"Exordium Thugs","floor":5,"turns":4},{"damage":22,"enemies":"Lagavulin","floor":6,"turns":6},{"damage":11,"enemies":"3 Sentries","floor":10,"turns":4},{"damage":19,"enemies":"Gremlin Nob","floor":12,"turns":4},{"damage":37,"enemies":"Slime Boss","floor":16,"turns":7},{"damage":24,"enemies":"Spheric Guardian","floor":18,"turns":4},{"damage":5,"enemies":"Shell Parasite","floor":21,"turns":3},{"damage":23,"enemies":"Shelled Parasite and Fungi","floor":22,"turns":5},{"damage":55,"enemies":"Slavers","floor":23,"turns":3}],"seed_played":"5562409950653752880","potions_obtained":[{"floor":1,"key":"Explosive Potion"},{"floor":2,"key":"PowerPotion"},{"floor":5,"key":"Energy Potion"},{"floor":12,"key":"GamblersBrew"},{"floor":16,"key":"Strength Potion"},{"floor":21,"key":"SkillPotion"}],"is_trial":false,"path_per_floor":["M","M","M","$","M","E","$","?","T","E","R","E","R","$","R","B",null,"M","$","?","M","M","E"],"character_chosen":"IRONCLAD","items_purchased":["Armaments","Cloak And Dagger","Feel No Pain","Flex","Footwork","Metallicize"],"campfire_rested":1,"item_purchase_floors":[4,4,4,7,14,19],"current_hp_per_floor":[80,80,80,80,80,64,64,64,64,59,59,46,70,70,70,41,80,62,62,62,65,50,0],"gold":52,"neow_bonus":"","is_prod":false,"is_daily":true,"chose_seed":false,"campfire_upgraded":2,"win_rate":0,"timestamp":1555865850,"path_taken":["M","M","M","?","M","E","$","?","T","E","R","?","R","$","R","BOSS","M","$","?","M","?","E"],"build_version":"2019-01-23","purchased_purges":1,"victory":false,"max_hp_per_floor":[80,80,80,80,80,80,80,80,80,80,80,80,80,80,80,80,80,80,80,80,80,80,80],"card_choices":[{"not_picked":["Bouncing Flask","Havoc"],"picked":"Escape Plan","floor":0},{"not_picked":["Clash","Escape Plan"],"picked":"Deflect","floor":0},{"not_picked":["Terror","Blade Dance"],"picked":"Deadly Poison","floor":0},{"not_picked":["Quick Slash","Intimidate"],"picked":"Dodge and Roll","floor":0},{"not_picked":["Eviscerate","Outmaneuver"],"picked":"Bane","floor":0},{"not_picked":["Outmaneuver","Cleave"],"picked":"Deflect","floor":0},{"not_picked":["Clash","Whirlwind"],"picked":"Dagger Spray","floor":0},{"not_picked":["Sword Boomerang","Combust"],"picked":"Poisoned Stab","floor":0},{"not_picked":["Calculated Gamble","Deadly Poison"],"picked":"Choke","floor":0},{"not_picked":["Iron Wave","Battle Trance"],"picked":"Warcry","floor":0},{"not_picked":["Flex","Power Through"],"picked":"Spot Weakness","floor":0},{"not_picked":["Flying Knee","Slice"],"picked":"Prepared","floor":0},{"not_picked":["Finisher","Riddle With Holes"],"picked":"Twin Strike","floor":0},{"not_picked":["Backstab","Poisoned Stab"],"picked":"Burning Pact","floor":0},{"not_picked":["Dodge and Roll","Dagger Spray"],"picked":"Backflip","floor":0},{"not_picked":["Finisher","Crippling Poison"],"picked":"Entrench","floor":1},{"not_picked":["Rage","Deadly Poison"],"picked":"Rampage","floor":2},{"not_picked":["Sucker Punch","Cleave"],"picked":"Catalyst","floor":3},{"not_picked":["Feel No Pain","Disarm"],"picked":"Sucker Punch","floor":5},{"not_picked":["Havoc","Accuracy"],"picked":"Envenom","floor":6},{"not_picked":["Predator","Dagger Throw"],"picked":"Acrobatics","floor":10},{"not_picked":["Clash","Well Laid Plans"],"picked":"Tactician","floor":12},{"not_picked":["Phantasmal Killer","Grand Finale"],"picked":"Offering","floor":16},{"not_picked":["Sucker Punch","Dagger Spray"],"picked":"Slice+1","floor":18},{"not_picked":["Heavy Blade+1","Flying Knee"],"picked":"Thunderclap","floor":21},{"not_picked":["Backflip","Catalyst+1"],"picked":"Uppercut+1","floor":22}],"player_experience":419412,"relics_obtained":[{"floor":6,"key":"Bag of Marbles"},{"floor":9,"key":"Bronze Scales"},{"floor":10,"key":"Letter Opener"},{"floor":12,"key":"Blood Vial"}],"event_choices":[{"damage_healed":0,"gold_gain":0,"player_choice":"Rummage","damage_taken":0,"relics_obtained":["WarpedTongs"],"max_hp_gain":0,"max_hp_loss":0,"event_name":"Accursed Blacksmith","floor":8,"gold_loss":0,"cards_obtained":["Pain"]},{"damage_healed":0,"gold_gain":0,"player_choice":"Smashed Altar","damage_taken":0,"max_hp_gain":0,"max_hp_loss":0,"event_name":"Forgotten Altar","floor":20,"gold_loss":0,"cards_obtained":["Decay"]}],"is_beta":false,"boss_relics":[{"not_picked":["Runic Dome","Snecko Eye"],"picked":"Astrolabe"}],"items_purged_floors":[19],"is_endless":false,"potions_floor_spawned":[1,2,5,12,16,21],"killed_by":"Slavers","ascension_level":0}