{"gold_per_floor":[119,129,129,129,140,140,170,189,189,189,252,252,283,17,17,90,90,104,121,138,138,151,181,181,211,211,224,224,224,224,236,236,307,307,326,345,400,400,109,109,141,141,187,262,36,65,79,0,0,0],"floor_reached":51,"playtime":2225,"items_purged":["Pain","Shame"],"score":1419,"play_id":"10b7a259-c8dc-4477-9446-8b14a67950ea","local_time":"20190711060618","is_ascension_mode":true,"campfire_choices":[{"data":"Bash","floor":6,"key":"SMITH"},{"floor":10,"key":"REST"},{"floor":15,"key":"REST"},{"floor":24,"key":"REST"},{"data":"Corruption","floor":28,"key":"SMITH"},{"data":"Fiend Fire","floor":32,"key":"SMITH"},{"data":"Brutality","floor":40,"key":"SMITH"},{"data":"Fiend Fire","floor":42,"key":"SMITH"},{"data":"Ghostly","floor":49,"key":"SMITH"}],"neow_cost":"NONE","seed_source_timestamp":49155895516568,"circlet_count":0,"master_deck":["AscendersBane","Strike_R","Strike_R","Strike_R","Strike_R","Defend_R","Defend_R","Defend_R","Defend_R+1","Bash+1","Fiend Fire+1","Heavy Blade","Thunderclap","Iron Wave","Corruption+1","Double Tap+1","Power Through","Brutality+1","Body Slam+1","Cleave","Ghostly Armor","Doubt","True Grit","Shrug It Off","Shrug It Off","Ghostly+1","Ghostly","Ghostly","Ghostly","Ghostly","Necronomicurse","Infernal Blade","Reaper","Feel No Pain","True Grit+1","Uppercut","Bandage Up","Fiend Fire+1","Doubt","True Grit","Impervious","Rupture"],"relics":["Burning Blood","Smiling Mask","Thread and Needle","Self Forming Clay","Charon\u0027s Ashes","WarpedTongs","Anchor","War Paint","Cursed Key","Bottled Lightning","Bronze Scales","Happy Flower","FossilizedHelix","Necronomicon","Snecko Eye","Mango","Bag of Preparation","Blue Candle","Pen Nib","Medical Kit","Singing Bowl","Red Mask"],"potions_floor_usage":[23,33,33,37,50],"damage_taken":[{"damage":15,"enemies":"Small Slimes","floor":1,"turns":3},{"damage":2,"enemies":"2 Louse","floor":2,"turns":3},{"damage":14,"enemies":"Jaw Worm","floor":5,"turns":4},{"damage":41,"enemies":"Lagavulin","floor":7,"turns":6},{"damage":3,"enemies":"3 Louse","floor":8,"turns":3},{"damage":3,"enemies":"Gremlin Nob","floor":11,"turns":3},{"damage":16,"enemies":"Gremlin Nob","floor":13,"turns":4},{"damage":22,"enemies":"Slime Boss","floor":16,"turns":9},{"damage":2,"enemies":"Shell Parasite","floor":18,"turns":3},{"damage":2,"enemies":"Spheric Guardian","floor":19,"turns":3},{"damage":2,"enemies":"Snecko","floor":20,"turns":3},{"damage":38,"enemies":"Cultist and Chosen","floor":22,"turns":9},{"damage":16,"enemies":"Book of Stabbing","floor":23,"turns":6},{"damage":11,"enemies":"Slavers","floor":25,"turns":3},{"damage":10,"enemies":"3 Cultists","floor":27,"turns":5},{"damage":0,"enemies":"Centurion and Healer","floor":31,"turns":6},{"damage":32,"enemies":"Champ","floor":33,"turns":11},{"damage":0,"enemies":"3 Shapes","floor":35,"turns":3},{"damage":0,"enemies":"Orb Walker","floor":36,"turns":2},{"damage":1,"enemies":"2 Orb Walkers","floor":37,"turns":5},{"damage":2,"enemies":"Reptomancer","floor":41,"turns":4},{"damage":9,"enemies":"Giant Head","floor":46,"turns":8},{"damage":7,"enemies":"Transient","floor":47,"turns":5},{"damage":13,"enemies":"Awakened One","floor":50,"turns":7}],"seed_played":"8291075252714270794","potions_obtained":[{"floor":1,"key":"BloodPotion"},{"floor":7,"key":"Fruit Juice"},{"floor":31,"key":"SteroidPotion"},{"floor":33,"key":"SkillPotion"},{"floor":36,"key":"Weak Potion"},{"floor":46,"key":"Explosive Potion"},{"floor":47,"key":"AttackPotion"}],"is_trial":false,"path_per_floor":["M","M","?","?","M","R","E","M","T","R","?","?","E","$","R","B",null,"M","M","M","T","M","E","R","E","T","M","R","?","?","M","R","B",null,"M","M","?","?","$","R","E","R","T","?","$","E","M","?","R","B",null],"character_chosen":"IRONCLAD","items_purchased":["Power Through","War Paint","Bag of Preparation","Bandage Up","Medical Kit","True Grit"],"campfire_rested":3,"item_purchase_floors":[14,14,39,39,45,45],"current_hp_per_floor":[59,63,63,60,52,52,17,20,20,42,45,45,35,35,57,41,67,71,75,75,75,43,38,62,57,57,53,53,40,24,30,30,14,34,40,40,54,54,54,54,54,54,54,49,49,50,53,53,53,54],"gold":0,"neow_bonus":"ONE_RANDOM_RARE_CARD","is_prod":false,"is_daily":false,"chose_seed":false,"campfire_upgraded":6,"win_rate":0,"timestamp":1562789178,"path_taken":["M","M","?","?","?","R","E","M","T","R","?","?","E","$","R","BOSS","M","M","M","?","M","E","R","E","T","M","R","?","?","M","R","BOSS","M","M","?","?","$","R","E","R","T","?","$","E","?","?","R","BOSS"],"build_version":"2019-07-05","purchased_purges":2,"victory":true,"max_hp_per_floor":[75,75,75,75,75,75,75,75,75,75,75,75,75,75,75,75,75,75,75,75,75,75,80,80,80,80,80,80,40,40,40,40,40,40,40,40,54,54,54,54,54,54,54,54,54,54,54,54,54,54],"card_choices":[{"not_picked":["Reckless Charge","True Grit"],"picked":"Heavy Blade","floor":1},{"not_picked":["Blood for Blood","Seeing Red"],"picked":"Thunderclap","floor":2},{"not_picked":["Body Slam","Headbutt"],"picked":"Clothesline","floor":5},{"not_picked":["Clash","Heavy Blade"],"picked":"Iron Wave","floor":7},{"not_picked":["Havoc","Clothesline","Warcry"],"picked":"SKIP","floor":8},{"not_picked":["Thunderclap","Heavy Blade"],"picked":"Corruption","floor":11},{"not_picked":["Metallicize","Dual Wield"],"picked":"Double Tap","floor":13},{"not_picked":["Feed","Barricade"],"picked":"Brutality","floor":16},{"not_picked":["Evolve","Whirlwind"],"picked":"Body Slam+1","floor":18},{"not_picked":["Flex","Headbutt+1"],"picked":"Cleave","floor":19},{"not_picked":["Wild Strike","Perfected Strike"],"picked":"Ghostly Armor","floor":20},{"not_picked":["Sword Boomerang","Heavy Blade"],"picked":"True Grit","floor":22},{"not_picked":["Thunderclap","Evolve"],"picked":"Shrug It Off","floor":23},{"not_picked":["Wild Strike","Iron Wave"],"picked":"Shrug It Off","floor":25},{"not_picked":["Iron Wave","Fiend Fire","Sword Boomerang"],"picked":"SKIP","floor":27},{"not_picked":["Perfected Strike+1","Cleave"],"picked":"Infernal Blade","floor":31},{"not_picked":["Exhume","Feed"],"picked":"Reaper","floor":33},{"not_picked":["Thunderclap","Clash+1"],"picked":"Feel No Pain","floor":35},{"not_picked":["Blood for Blood","Thunderclap"],"picked":"True Grit+1","floor":36},{"not_picked":["Dropkick+1","Fire Breathing"],"picked":"Uppercut","floor":37},{"not_picked":["Infernal Blade","Thunderclap"],"picked":"Fiend Fire","floor":41},{"not_picked":["Ghostly Armor","Clothesline"],"picked":"Impervious","floor":46},{"not_picked":["Flame Barrier","Armaments"],"picked":"Rupture","floor":47}],"player_experience":973920,"relics_obtained":[{"floor":7,"key":"Thread and Needle"},{"floor":9,"key":"Self Forming Clay"},{"floor":13,"key":"Anchor"},{"floor":21,"key":"Bottled Lightning"},{"floor":23,"key":"Bronze Scales"},{"floor":25,"key":"Happy Flower"},{"floor":26,"key":"FossilizedHelix"},{"floor":30,"key":"Necronomicon"},{"floor":37,"key":"Mango"},{"floor":41,"key":"Blue Candle"},{"floor":43,"key":"Pen Nib"},{"floor":46,"key":"Singing Bowl"}],"event_choices":[{"cards_removed":["Strike_R"],"damage_healed":0,"gold_gain":0,"player_choice":"Forget","damage_taken":0,"max_hp_gain":0,"max_hp_loss":0,"event_name":"Living Wall","floor":3,"gold_loss":0},{"damage_healed":0,"gold_gain":0,"player_choice":"Success","damage_taken":3,"relics_obtained":["Smiling Mask"],"max_hp_gain":0,"max_hp_loss":0,"event_name":"Scrap Ooze","floor":4,"gold_loss":0},{"damage_healed":0,"gold_gain":0,"player_choice":"Searched \u00272\u0027 times","damage_taken":0,"relics_obtained":["Charon\u0027s Ashes"],"max_hp_gain":0,"max_hp_loss":0,"event_name":"Dead Adventurer","floor":11,"gold_loss":0},{"damage_healed":0,"gold_gain":0,"player_choice":"Rummage","damage_taken":0,"relics_obtained":["WarpedTongs"],"max_hp_gain":0,"max_hp_loss":0,"event_name":"Accursed Blacksmith","floor":12,"gold_loss":0,"cards_obtained":["Pain"]},{"damage_healed":0,"gold_gain":0,"player_choice":"Became a Ghost","damage_taken":0,"max_hp_gain":0,"max_hp_loss":40,"event_name":"Ghosts","floor":29,"gold_loss":0,"cards_obtained":["Ghostly","Ghostly","Ghostly","Ghostly","Ghostly"]},{"damage_healed":0,"gold_gain":0,"player_choice":"Obtained Book","damage_taken":16,"max_hp_gain":0,"max_hp_loss":0,"event_name":"Cursed Tome","floor":30,"gold_loss":0},{"damage_healed":0,"gold_gain":0,"player_choice":"Fight","damage_taken":0,"max_hp_gain":0,"max_hp_loss":0,"event_name":"Mysterious Sphere","floor":37,"gold_loss":0},{"cards_removed":["Clothesline"],"damage_healed":0,"gold_gain":0,"player_choice":"Removed Attack","damage_taken":0,"max_hp_gain":0,"max_hp_loss":0,"event_name":"Falling","floor":38,"gold_loss":0},{"damage_healed":0,"gold_gain":75,"player_choice":"Touch","damage_taken":5,"max_hp_gain":0,"max_hp_loss":0,"event_name":"FaceTrader","floor":44,"gold_loss":0},{"damage_healed":0,"gold_gain":0,"player_choice":"Paid","damage_taken":0,"relics_obtained":["Red Mask"],"max_hp_gain":0,"max_hp_loss":0,"event_name":"Tomb of Lord Red Mask","floor":48,"gold_loss":79}],"is_beta":false,"boss_relics":[{"not_picked":["Black Star","Sozu"],"picked":"Cursed Key"},{"not_picked":["Lizard Tail","Empty Cage"],"picked":"Snecko Eye"}],"items_purged_floors":[14,39],"is_endless":false,"potions_floor_spawned":[1,7,11,16,18,22,31,33,36,46,47],"ascension_level":14}