{"gold_per_floor":[118,293,293,307,323,323,357,307,334,334,259,269,269,296,296,391,391,403,403,413,162,181,206,206,131,204,239,259,277,277,296,296,397,397,408,93,104,104,204,204,224,256,282,296,296,330,341,145,145,145],"floor_reached":51,"playtime":3076,"items_purged":["Doubt","Strike_R","Pain"],"score":817,"play_id":"2638e63c-e01a-4e31-824b-f6b7e69540d2","local_time":"20190113182234","is_ascension_mode":true,"campfire_choices":[{"data":"Flash of Steel","floor":6.0,"key":"SMITH"},{"data":"Cleave","floor":10.0,"key":"SMITH"},{"floor":15,"key":"REST"},{"data":"Limit Break","floor":24,"key":"SMITH"},{"floor":32,"key":"REST"},{"data":"Flex","floor":40,"key":"SMITH"},{"floor":49,"key":"REST"}],"neow_cost":"PERCENT_DAMAGE","seed_source_timestamp":0,"circlet_count":0,"master_deck":["Strike_R","Strike_R","Strike_R","Defend_R","Defend_R","Defend_R","Defend_R","Bash","Bandage Up","Flash of Steel+1","Inflame+1","Cleave+1","Pommel Strike","Perfected Strike","Havoc+1","Shrug It Off","Limit Break+1","Twin Strike","Flex+1","Doubt","Injury","Pommel Strike+1","Headbutt+1","Heavy Blade+1","Flame Barrier+1","Limit Break+1"],"special_seed":0,"relics":["Burning Blood","Pen Nib","Centennial Puzzle","Bag of Preparation","Bottled Tornado","Sozu","Self Forming Clay","Pantograph","Letter Opener","MutagenicStrength","Calling Bell","Boot","Mercury Hourglass","Calipers","Strange Spoon","Du-Vu Doll","Gremlin Horn","Lantern","Medical Kit"],"potions_floor_usage":[16],"damage_taken":[{"damage":3.0,"enemies":"Small Slimes","floor":1.0,"turns":3.0},{"damage":3.0,"enemies":"2 Louse","floor":4.0,"turns":2.0},{"damage":8.0,"enemies":"Jaw Worm","floor":5.0,"turns":3.0},{"damage":49.0,"enemies":"3 Sentries","floor":7.0,"turns":7.0},{"damage":18.0,"enemies":"Lots of Slimes","floor":12.0,"turns":3.0},{"damage":36,"enemies":"Lagavulin","floor":14,"turns":5},{"damage":37,"enemies":"Hexaghost","floor":16,"turns":9},{"damage":5,"enemies":"Chosen","floor":18,"turns":3},{"damage":5,"enemies":"3 Byrds","floor":20,"turns":4},{"damage":7,"enemies":"3 Cultists","floor":22,"turns":3},{"damage":13,"enemies":"Gremlin Leader","floor":23,"turns":3},{"damage":32,"enemies":"Slavers","floor":27,"turns":4},{"damage":15,"enemies":"Snake Plant","floor":28,"turns":3},{"damage":10,"enemies":"Chosen and Byrds","floor":29,"turns":3},{"damage":20,"enemies":"Centurion and Healer","floor":31,"turns":2},{"damage":29,"enemies":"Automaton","floor":33,"turns":5},{"damage":5,"enemies":"Orb Walker","floor":35,"turns":2},{"damage":4,"enemies":"3 Darklings","floor":37,"turns":3},{"damage":43,"enemies":"Mind Bloom Boss Battle","floor":39,"turns":6},{"damage":0,"enemies":"Transient","floor":41,"turns":5},{"damage":32,"enemies":"Reptomancer","floor":42,"turns":4},{"damage":13,"enemies":"Maw","floor":44,"turns":5},{"damage":47,"enemies":"Nemesis","floor":46,"turns":4},{"damage":1,"enemies":"4 Shapes","floor":47,"turns":2},{"damage":32,"enemies":"Donu and Deca","floor":50,"turns":3}],"seed_played":"-6460329149796245732","potions_obtained":[{"floor":4.0,"key":"FairyPotion"},{"floor":5.0,"key":"SpeedPotion"},{"floor":12.0,"key":"Explosive Potion"}],"is_trial":false,"path_per_floor":["M","?","?","M","M","R","E","?","T","R","$","M","?","E","R","B",null,"M","?","M","$","M","E","R","?","T","E","M","M","?","M","R","B",null,"M","$","M","?","?","R","M","E","T","M","?","E","M","$","R","B",null],"character_chosen":"IRONCLAD","items_purchased":["Limit Break","Strange Spoon","Medical Kit"],"campfire_rested":3,"item_purchase_floors":[21,36,48],"current_hp_per_floor":[63,63,63,66,68,68,29,29,29,29,29,21,41,15,39,12,80,80,80,80,80,79,72,72,72,72,50,45,45,45,35,58,54,77,77,77,77,77,44,44,54,32,32,29,29,7,16,16,39,42],"gold":145,"neow_bonus":"RANDOM_COLORLESS_2","is_prod":false,"is_daily":false,"chose_seed":false,"campfire_upgraded":4,"win_rate":0,"timestamp":1547421754,"path_taken":["M","?","?","M","M","R","E","?","T","R","$","M","?","E","R","BOSS","M","?","?","$","M","E","R","?","T","E","M","M","?","M","R","BOSS","M","$","M","?","?","R","M","E","T","M","?","E","?","?","R","BOSS"],"build_version":"2019-01-10","purchased_purges":3,"victory":true,"max_hp_per_floor":[80,80,80,80,80,80,80,80,80,80,80,80,80,80,80,80,80,80,80,80,80,80,80,80,77,77,77,77,77,77,77,77,77,77,77,77,77,77,77,77,77,77,77,77,77,77,77,77,77,77],"card_choices":[{"not_picked":["Battle Trance","Anger"],"picked":"Inflame","floor":1.0},{"not_picked":["Dual Wield","Armaments"],"picked":"Cleave","floor":4.0},{"not_picked":["Warcry","Feel No Pain","Wild Strike"],"picked":"SKIP","floor":5.0},{"not_picked":["Juggernaut","Power Through","Sentinel"],"picked":"SKIP","floor":7.0},{"not_picked":["Power Through","Havoc"],"picked":"Pommel Strike","floor":12.0},{"not_picked":["Sword Boomerang","Shockwave"],"picked":"Perfected Strike","floor":14},{"not_picked":["Shrug It Off","Reckless Charge"],"picked":"Havoc+1","floor":18},{"not_picked":["Thunderclap","True Grit"],"picked":"Shrug It Off","floor":20},{"not_picked":["Armaments","Clash+1"],"picked":"Twin Strike","floor":22},{"not_picked":["Rage","Sword Boomerang+1","Power Through"],"picked":"SKIP","floor":23},{"not_picked":["Clash","Disarm+1"],"picked":"Flex","floor":27},{"not_picked":["Rupture+1","Clash","Corruption"],"picked":"SKIP","floor":28},{"not_picked":["Pommel Strike","Anger","Thunderclap"],"picked":"SKIP","floor":29},{"not_picked":["Hemokinesis+1","Anger","Cleave"],"picked":"SKIP","floor":31},{"not_picked":["True Grit","Warcry"],"picked":"Pommel Strike+1","floor":35},{"not_picked":["Anger","Pommel Strike+1"],"picked":"Headbutt+1","floor":37},{"not_picked":["Warcry","Entrench"],"picked":"Heavy Blade+1","floor":39},{"not_picked":["Cleave+1","Battle Trance","Flex"],"picked":"SKIP","floor":41},{"not_picked":["Juggernaut","Limit Break"],"picked":"Flame Barrier+1","floor":42},{"not_picked":["Pommel Strike+1","Reckless Charge+1","Sword Boomerang"],"picked":"SKIP","floor":44},{"not_picked":["Feel No Pain+1","Heavy Blade","Barricade"],"picked":"SKIP","floor":46},{"not_picked":["Thunderclap+1","Twin Strike","Sword Boomerang"],"picked":"SKIP","floor":47}],"player_experience":66167,"relics_obtained":[{"floor":7.0,"key":"Centennial Puzzle"},{"floor":9.0,"key":"Bag of Preparation"},{"floor":14,"key":"Bottled Tornado"},{"floor":23,"key":"Self Forming Clay"},{"floor":26,"key":"Pantograph"},{"floor":27,"key":"Letter Opener"},{"floor":34,"key":"Boot"},{"floor":34,"key":"Mercury Hourglass"},{"floor":34,"key":"Calipers"},{"floor":39,"key":"Du-Vu Doll"},{"floor":42,"key":"Gremlin Horn"},{"floor":46,"key":"Lantern"}],"event_choices":[{"damage_healed":0.0,"max_hp_gain":0.0,"max_hp_loss":0.0,"gold_gain":175.0,"event_name":"Liars Game","player_choice":"AGREE","floor":2.0,"gold_loss":0.0,"damage_taken":0.0,"cards_obtained":["Doubt"]},{"damage_healed":0.0,"max_hp_gain":0.0,"max_hp_loss":0.0,"gold_gain":0.0,"event_name":"Big Fish","player_choice":"Box","floor":3.0,"gold_loss":0.0,"damage_taken":0.0,"relics_obtained":["Pen Nib"],"cards_obtained":["Regret"]},{"cards_removed":["Regret"],"damage_healed":0.0,"max_hp_gain":0.0,"max_hp_loss":0.0,"gold_gain":0.0,"event_name":"The Cleric","player_choice":"Card Removal","floor":8.0,"gold_loss":50.0,"damage_taken":0.0},{"damage_healed":20.0,"max_hp_gain":0.0,"max_hp_loss":0.0,"gold_gain":0.0,"event_name":"Mushrooms","player_choice":"Healed and dodged fight","floor":13.0,"gold_loss":0.0,"damage_taken":0.0,"cards_obtained":["Parasite"]},{"damage_healed":0,"gold_gain":0,"player_choice":"Forge","damage_taken":0,"max_hp_gain":0,"max_hp_loss":0,"event_name":"Accursed Blacksmith","floor":19,"gold_loss":0,"cards_upgraded":["Inflame"]},{"cards_removed":["Parasite"],"damage_healed":0,"gold_gain":0,"player_choice":"Gave Gold","damage_taken":0,"max_hp_gain":0,"max_hp_loss":0,"event_name":"Beggar","floor":25,"gold_loss":75},{"damage_healed":0,"gold_gain":0,"player_choice":"Inject Mutagens","damage_taken":0,"relics_obtained":["MutagenicStrength"],"max_hp_gain":0,"max_hp_loss":0,"event_name":"Drug Dealer","floor":30,"gold_loss":0},{"cards_removed":["Strike_R"],"damage_healed":0,"gold_gain":0,"player_choice":"Removed Attack","damage_taken":0,"max_hp_gain":0,"max_hp_loss":0,"event_name":"Falling","floor":38,"gold_loss":0},{"damage_healed":0,"gold_gain":0,"player_choice":"Fight","damage_taken":0,"max_hp_gain":0,"max_hp_loss":0,"event_name":"MindBloom","floor":39,"gold_loss":0},{"damage_healed":0,"gold_gain":0,"player_choice":"Copied","damage_taken":0,"max_hp_gain":0,"max_hp_loss":0,"event_name":"Duplicator","floor":45,"gold_loss":0,"cards_obtained":["Limit Break"]}],"is_beta":false,"boss_relics":[{"not_picked":["Runic Cube","Eternal Feather"],"picked":"Sozu"},{"not_picked":["Runic Dome","Philosopher\u0027s Stone"],"picked":"Calling Bell"}],"items_purged_floors":[11,21,36],"is_endless":false,"potions_floor_spawned":[4,5,12,14,22,27,28,29,33,35,37,42,44],"ascension_level":1}