{"gold_per_floor":[114,134,134,19,30,30,95,95,120,24,44,61,61,61,61,133,133,153,11,11,28,48,96,122,133,156,156,106,121,121,135,135,135],"floor_reached":33,"playtime":1248,"items_purged":["Second Wind","Strike_R","Strike_R"],"score":432,"play_id":"f4bc8bc3-fedd-4d6b-8191-36dcf86d2a78","local_time":"20190705223114","is_ascension_mode":true,"campfire_choices":[{"data":"Whirlwind","floor":6,"key":"SMITH"},{"data":"Body Slam","floor":8,"key":"SMITH"},{"data":"True Grit","floor":13,"key":"SMITH"},{"data":"Inflame","floor":15,"key":"SMITH"},{"data":"Disarm","floor":27,"key":"SMITH"},{"data":"Battle Trance","floor":30,"key":"SMITH"},{"data":"Metallicize","floor":32,"key":"SMITH"}],"neow_cost":"NONE","seed_source_timestamp":1848115486066232,"circlet_count":0,"master_deck":["AscendersBane","Strike_R","Strike_R+1","Defend_R","Defend_R","Defend_R","Defend_R","Bash+1","Body Slam+1","Shockwave+1","Whirlwind+1","Metallicize+1","Pommel Strike","True Grit+1","Battle Trance+1","Inflame+1","Impervious","Blind+1","Disarm+1","Shrug It Off","Shrug It Off"],"relics":["Burning Blood","NeowsBlessing","Tiny Chest","Smiling Mask","Coffee Dripper","PreservedInsect","Whetstone","Strawberry"],"potions_floor_usage":[11,16,21,33,33],"damage_taken":[{"damage":0,"enemies":"Small Slimes","floor":1,"turns":1},{"damage":0,"enemies":"Cultist","floor":2,"turns":1},{"damage":0,"enemies":"2 Louse","floor":5,"turns":1},{"damage":19,"enemies":"Lagavulin","floor":7,"turns":7},{"damage":11,"enemies":"Lots of Slimes","floor":11,"turns":3},{"damage":12,"enemies":"Exordium Thugs","floor":12,"turns":5},{"damage":59,"enemies":"Hexaghost","floor":16,"turns":11},{"damage":19,"enemies":"Shell Parasite","floor":18,"turns":5},{"damage":0,"enemies":"3 Byrds","floor":21,"turns":6},{"damage":21,"enemies":"Snecko","floor":22,"turns":8},{"damage":12,"enemies":"Snake Plant","floor":25,"turns":4},{"damage":13,"enemies":"Centurion and Healer","floor":29,"turns":7},{"damage":20,"enemies":"Sentry and Sphere","floor":31,"turns":8},{"damage":42,"enemies":"Automaton","floor":33,"turns":6}],"seed_played":"2187778129119748938","potions_obtained":[{"floor":2,"key":"Regen Potion"},{"floor":5,"key":"SkillPotion"},{"floor":11,"key":"Fruit Juice"},{"floor":12,"key":"BloodPotion"},{"floor":21,"key":"Strength Potion"},{"floor":31,"key":"Poison Potion"}],"is_trial":false,"path_per_floor":["M","M","?","$","M","R","E","R","T","$","M","M","R","?","R","B",null,"M","$","?","M","M","T","T","M","T","R","$","M","R","M","R","B"],"character_chosen":"IRONCLAD","items_purchased":["Whirlwind","Metallicize","True Grit","Blind"],"campfire_rested":0,"item_purchase_floors":[4,4,10,19],"current_hp_per_floor":[74,75,75,75,75,75,62,62,62,62,62,56,56,56,56,23,66,53,53,53,73,58,58,58,52,59,59,59,52,52,38,38,0],"gold":135,"neow_bonus":"THREE_ENEMY_KILL","is_prod":false,"is_daily":false,"chose_seed":false,"campfire_upgraded":7,"win_rate":0,"timestamp":1562333474,"path_taken":["M","M","?","$","?","R","E","R","T","$","M","M","R","?","R","BOSS","M","$","?","M","?","?","?","M","T","R","?","M","R","M","R","BOSS"],"build_version":"2019-07-01","purchased_purges":3,"victory":false,"max_hp_per_floor":[75,75,75,75,75,75,75,75,75,75,80,80,80,80,80,80,80,80,80,80,80,80,80,80,80,87,87,87,87,87,87,87,87],"card_choices":[{"not_picked":["Clash","Burning Pact"],"picked":"Body Slam","floor":1},{"not_picked":["Ghostly Armor","Metallicize"],"picked":"Shockwave","floor":2},{"not_picked":["Flex","Rupture"],"picked":"Pommel Strike","floor":5},{"not_picked":["Pommel Strike","Anger","Armaments"],"picked":"SKIP","floor":7},{"not_picked":["Pommel Strike","Anger","Armaments"],"picked":"SKIP","floor":7},{"not_picked":["Intimidate","Flex"],"picked":"Battle Trance","floor":11},{"not_picked":["Anger","Infernal Blade"],"picked":"Inflame","floor":12},{"not_picked":["Double Tap","Barricade"],"picked":"Impervious","floor":16},{"not_picked":["Sentinel","Clothesline","Twin Strike+1"],"picked":"SKIP","floor":18},{"not_picked":["Hemokinesis","Twin Strike"],"picked":"Disarm","floor":21},{"not_picked":["Dropkick","Warcry"],"picked":"Shrug It Off","floor":22},{"not_picked":["Shrug It Off","Warcry","Cleave"],"picked":"SKIP","floor":25},{"not_picked":["Warcry","Cleave"],"picked":"Shrug It Off","floor":25},{"not_picked":["Twin Strike","Second Wind","Body Slam"],"picked":"SKIP","floor":29},{"not_picked":["Entrench","Rage","Flex"],"picked":"SKIP","floor":31}],"player_experience":1090754,"relics_obtained":[{"floor":7,"key":"Tiny Chest"},{"floor":9,"key":"Smiling Mask"},{"floor":23,"key":"PreservedInsect"},{"floor":24,"key":"Whetstone"},{"floor":26,"key":"Strawberry"}],"event_choices":[{"damage_healed":0,"gold_gain":0,"cards_transformed":["Strike_R"],"player_choice":"Transformed","damage_taken":0,"max_hp_gain":0,"max_hp_loss":0,"event_name":"Transmorgrifier","floor":3,"gold_loss":0,"cards_obtained":["Second Wind"]},{"damage_healed":0,"gold_gain":0,"player_choice":"Grow","damage_taken":0,"max_hp_gain":0,"max_hp_loss":0,"event_name":"Living Wall","floor":14,"gold_loss":0,"cards_upgraded":["Shockwave"]},{"damage_healed":0,"gold_gain":0,"player_choice":"Upgraded","damage_taken":0,"max_hp_gain":0,"max_hp_loss":0,"event_name":"Upgrade Shrine","floor":20,"gold_loss":0,"cards_upgraded":["Blind"]}],"is_beta":false,"boss_relics":[{"not_picked":["Sozu","Orrery"],"picked":"Coffee Dripper"}],"items_purged_floors":[10,19,28],"is_endless":false,"potions_floor_spawned":[2,5,11,12,21,31],"killed_by":"Automaton","ascension_level":15}