{"gold_per_floor":[110,65,65,79,79,79,90,90,135,153,153,185,196,209,209,311,311,326,326,326,342,359,359],"floor_reached":23,"playtime":1428,"items_purged":[],"score":212,"play_id":"b621899e-ac44-461b-970f-930f45a41b8a","local_time":"20190126225551","is_ascension_mode":true,"campfire_choices":[{"floor":6.0,"key":"REST"},{"floor":8.0,"key":"REST"},{"floor":15,"key":"REST"}],"neow_cost":"NONE","seed_source_timestamp":1913932768377,"circlet_count":0,"master_deck":["Strike_B","Strike_B","Defend_B","Defend_B","Defend_B","Defend_B","Zap","Dualcast","Gash+1","Gash","Beam Cell","Core Surge","Purity","Chaos","Coolheaded","Chill","Seek","Gash","All For One","Self Repair","Self Repair"],"special_seed":0,"relics":["Fusion Hammer","PreservedInsect","Kunai","Empty Cage"],"potions_floor_usage":[12],"damage_taken":[{"damage":3.0,"enemies":"2 Louse","floor":1.0,"turns":3.0},{"damage":0.0,"enemies":"Cultist","floor":4.0,"turns":3.0},{"damage":5.0,"enemies":"Jaw Worm","floor":7.0,"turns":3.0},{"damage":15,"enemies":"Gremlin Gang","floor":10,"turns":5},{"damage":20,"enemies":"Gremlin Nob","floor":12,"turns":4},{"damage":3,"enemies":"2 Fungi Beasts","floor":13,"turns":3},{"damage":0,"enemies":"Exordium Thugs","floor":14,"turns":4},{"damage":37,"enemies":"The Guardian","floor":16,"turns":11},{"damage":28,"enemies":"2 Thieves","floor":18,"turns":3},{"damage":0,"enemies":"Spheric Guardian","floor":21,"turns":3},{"damage":5,"enemies":"Centurion and Healer","floor":22,"turns":5},{"damage":63,"enemies":"Gremlin Leader","floor":23,"turns":4}],"seed_played":"-8701262212566563033","potions_obtained":[{"floor":7.0,"key":"PowerPotion"},{"floor":11,"key":"AttackPotion"},{"floor":11,"key":"SpeedPotion"},{"floor":13,"key":"Dexterity Potion"},{"floor":16,"key":"Energy Potion"},{"floor":22,"key":"AttackPotion"}],"is_trial":false,"path_per_floor":["M","$","?","M","?","R","M","R","T","M","?","E","M","M","R","B",null,"M","?","?","M","M","E"],"character_chosen":"DEFECT","items_purchased":["Gash"],"campfire_rested":3,"item_purchase_floors":[2],"current_hp_per_floor":[72,72,72,72,72,75,70,75,75,60,60,40,37,37,59,22,75,47,47,47,54,63,0],"gold":359,"neow_bonus":"BOSS_RELIC","is_prod":false,"is_daily":false,"chose_seed":false,"campfire_upgraded":0,"win_rate":0,"timestamp":1548564951,"path_taken":["M","$","?","?","?","R","?","R","T","M","?","E","?","M","R","BOSS","M","?","?","?","M","E"],"build_version":"2019-01-23","purchased_purges":0,"victory":false,"max_hp_per_floor":[75,75,75,75,75,75,75,75,75,75,75,75,75,75,75,75,75,75,75,75,75,75,75],"card_choices":[{"not_picked":["Compile Driver","Steam"],"picked":"Gash","floor":1.0},{"not_picked":["Stack","Go for the Eyes"],"picked":"Beam Cell","floor":4.0},{"not_picked":["Tempest","Glacier"],"picked":"Chill","floor":7.0},{"not_picked":["Steam","Recycle","Sunder"],"picked":"SKIP","floor":10},{"not_picked":["Redo","Storm"],"picked":"Seek","floor":12},{"not_picked":["Turbo","Glacier"],"picked":"Gash","floor":13},{"not_picked":["Stack","Cold Snap","Hologram"],"picked":"SKIP","floor":14},{"not_picked":["Meteor Strike","Buffer"],"picked":"All For One","floor":16},{"not_picked":["Redo","Leap","Darkness"],"picked":"SKIP","floor":18},{"not_picked":["Coolheaded","Streamline"],"picked":"Self Repair","floor":21},{"not_picked":["Turbo","Rip and Tear","Coolheaded"],"picked":"SKIP","floor":22}],"player_experience":344450,"relics_obtained":[{"floor":9.0,"key":"PreservedInsect"},{"floor":12,"key":"Kunai"}],"event_choices":[{"damage_healed":0.0,"max_hp_gain":0.0,"max_hp_loss":0.0,"gold_gain":0.0,"event_name":"Accursed Blacksmith","player_choice":"Forge","floor":3.0,"gold_loss":0.0,"damage_taken":0.0,"cards_upgraded":["Gash"]},{"damage_healed":0.0,"max_hp_gain":0.0,"max_hp_loss":0.0,"gold_gain":0.0,"event_name":"Match and Keep!","player_choice":"4 cards matched","floor":5.0,"gold_loss":0.0,"damage_taken":0.0,"cards_obtained":["Core Surge","Purity","Chaos","Coolheaded"]},{"damage_healed":0,"gold_gain":0,"player_choice":"Got Potions","damage_taken":0,"max_hp_gain":0,"max_hp_loss":0,"event_name":"Lab","floor":11,"gold_loss":0},{"damage_healed":0,"gold_gain":0,"player_choice":"Read","damage_taken":0,"max_hp_gain":0,"max_hp_loss":0,"event_name":"The Library","floor":19,"gold_loss":0,"cards_obtained":["Self Repair"]},{"damage_healed":0,"gold_gain":0,"player_choice":"Bought 0 Potions","damage_taken":0,"max_hp_gain":0,"max_hp_loss":0,"event_name":"The Woman in Blue","floor":20,"gold_loss":0}],"is_beta":false,"boss_relics":[{"not_picked":["Philosopher\u0027s Stone","Coffee Dripper"],"picked":"Empty Cage"}],"items_purged_floors":[],"is_endless":false,"potions_floor_spawned":[7,13,16,21,22],"killed_by":"Gremlin Leader","ascension_level":2}