{"gold_per_floor":[367,642,658,7,17,17,31,31,54,71,90,110,110,135,135,236,236,252,263,2,20,20],"floor_reached":22,"playtime":923,"items_purged":["Regret","Parasite"],"score":285,"play_id":"39a6e795-52a4-48c5-8daa-c8c34ec868c9","local_time":"20190606063553","is_ascension_mode":true,"campfire_choices":[{"data":"Armaments","floor":6.0,"key":"SMITH"},{"floor":8.0,"key":"REST"},{"data":"Spot Weakness","floor":13.0,"key":"SMITH"},{"floor":15.0,"key":"REST"}],"neow_cost":"CURSE","seed_source_timestamp":0,"circlet_count":0,"master_deck":["AscendersBane","Strike_R","Strike_R","Strike_R","Strike_R","Strike_R","Defend_R","Defend_R","Defend_R","Defend_R","Bash","Parasite","Dropkick","Armaments+1","Power Through","Hemokinesis","Metallicize","Burning Pact","Pommel Strike","Shockwave","Spot Weakness+1","Juggernaut","Evolve","Offering","Body Slam+1","Offering","Battle Trance","True Grit","Iron Wave+1"],"special_seed":0,"relics":["Burning Blood","OrangePellets","Regal Pillow","Strawberry","Omamori","Calling Bell","Orichalcum","Frozen Egg 2","WingedGreaves"],"potions_floor_usage":[21,22],"damage_taken":[{"damage":5.0,"enemies":"Small Slimes","floor":1.0,"turns":5.0},{"damage":9.0,"enemies":"Cultist","floor":3.0,"turns":4.0},{"damage":4.0,"enemies":"2 Louse","floor":5.0,"turns":3.0},{"damage":32.0,"enemies":"Exordium Thugs","floor":7.0,"turns":4.0},{"damage":7.0,"enemies":"3 Louse","floor":10.0,"turns":3.0},{"damage":22.0,"enemies":"Lots of Slimes","floor":11.0,"turns":6.0},{"damage":33.0,"enemies":"Gremlin Gang","floor":12.0,"turns":5.0},{"damage":17.0,"enemies":"Gremlin Nob","floor":14.0,"turns":4.0},{"damage":50.0,"enemies":"Slime Boss","floor":16.0,"turns":13.0},{"damage":31,"enemies":"2 Thieves","floor":18,"turns":4},{"damage":27,"enemies":"Shell Parasite","floor":19,"turns":5},{"damage":14,"enemies":"Cultist and Chosen","floor":21,"turns":8},{"damage":24,"enemies":"Snake Plant","floor":22,"turns":2}],"seed_played":"3571700654883641382","potions_obtained":[{"floor":5.0,"key":"PowerPotion"},{"floor":7.0,"key":"SkillPotion"},{"floor":10.0,"key":"Dexterity Potion"},{"floor":14.0,"key":"Dexterity Potion"},{"floor":18,"key":"SpeedPotion"}],"is_trial":false,"path_per_floor":["M","?","M","$","M","R","M","R","T","M","M","M","R","E","R","B",null,"M","M","$","M","M"],"character_chosen":"IRONCLAD","items_purchased":["OrangePellets","Regal Pillow","Power Through","Hemokinesis","Metallicize","Battle Trance","SkillPotion","True Grit"],"campfire_rested":2,"item_purchase_floors":[4,4,4,4,4,20,20,20],"current_hp_per_floor":[73,73,70,70,72,72,46,80,87,86,70,43,43,32,73,29,73,48,27,27,19,0],"gold":20,"neow_bonus":"TWO_FIFTY_GOLD","is_prod":false,"is_daily":false,"chose_seed":false,"campfire_upgraded":2,"win_rate":0,"timestamp":1559766953,"path_taken":["M","?","M","$","M","R","M","R","T","M","M","?","R","E","R","BOSS","M","?","$","M","M"],"build_version":"2019-01-23","purchased_purges":2,"victory":false,"max_hp_per_floor":[80,80,80,80,80,80,80,80,87,87,87,87,87,87,87,87,87,87,87,84,84,84],"card_choices":[{"not_picked":["True Grit","Corruption"],"picked":"Dropkick","floor":1.0},{"not_picked":["Bloodletting","Clash"],"picked":"Armaments","floor":3.0},{"not_picked":["Perfected Strike","Rampage"],"picked":"Burning Pact","floor":5.0},{"not_picked":["Seeing Red","Shrug It Off"],"picked":"Pommel Strike","floor":7.0},{"not_picked":["Headbutt","Feel No Pain"],"picked":"Shockwave","floor":10.0},{"not_picked":["Flex","True Grit"],"picked":"Spot Weakness","floor":11.0},{"not_picked":["Armaments","Clash"],"picked":"Juggernaut","floor":12.0},{"not_picked":["Havoc","Twin Strike"],"picked":"Evolve","floor":14.0},{"not_picked":["Reaper","Impervious"],"picked":"Offering","floor":16.0},{"not_picked":["Headbutt+1","Warcry"],"picked":"Body Slam+1","floor":18},{"not_picked":["Heavy Blade","Thunderclap+1"],"picked":"Offering","floor":19},{"not_picked":["Power Through","Sever Soul+1"],"picked":"Iron Wave+1","floor":21}],"player_experience":820636,"relics_obtained":[{"floor":9.0,"key":"Strawberry"},{"floor":14.0,"key":"Omamori"},{"floor":17.0,"key":"Orichalcum"},{"floor":17.0,"key":"Frozen Egg 2"},{"floor":17.0,"key":"WingedGreaves"}],"event_choices":[{"damage_healed":0.0,"max_hp_gain":0.0,"max_hp_loss":0.0,"gold_gain":275.0,"event_name":"Golden Shrine","player_choice":"Desecrate","floor":2.0,"gold_loss":0.0,"damage_taken":0.0,"cards_obtained":["Regret"]}],"is_beta":false,"boss_relics":[{"not_picked":["Snecko Eye","Velvet Choker"],"picked":"Calling Bell"}],"items_purged_floors":[4,20],"is_endless":false,"potions_floor_spawned":[5,7,10,14,18],"killed_by":"Snake Plant","ascension_level":10}