{"gold_per_floor":[15,27,47,33,33,33,33,33,59,92,92,92,107,123,123,223,223,243,18,18,18],"floor_reached":21,"playtime":610,"items_purged":["Regret"],"score":215,"play_id":"4fd2d8bd-00f3-45e1-a1dc-fccb441d7042","local_time":"20190123175002","is_ascension_mode":true,"campfire_choices":[{"floor":6,"key":"REST"},{"data":"Blizzard","floor":8,"key":"SMITH"},{"data":"Hyperbeam","floor":12,"key":"SMITH"},{"floor":15,"key":"REST"}],"neow_cost":"NO_GOLD","seed_source_timestamp":542875741821742,"circlet_count":0,"master_deck":["Strike_B","Strike_B","Defend_B","Defend_B","Defend_B","Zap","Dualcast","Blizzard+1","Cold Snap","Capacitor","Machine Learning","Hyperbeam+1","Conserve Battery","Conserve Battery","Beam Cell","Creative AI","Coolheaded"],"relics":["Cracked Core","Regal Pillow","Torii","Philosopher\u0027s Stone","Pen Nib","Nloth\u0027s Gift"],"potions_floor_usage":[4,18],"damage_taken":[{"damage":0,"enemies":"Cultist","floor":1,"turns":3},{"damage":0,"enemies":"2 Louse","floor":2,"turns":2},{"damage":0,"enemies":"Small Slimes","floor":3,"turns":3},{"damage":30,"enemies":"Exordium Thugs","floor":4,"turns":4},{"damage":53,"enemies":"Lagavulin","floor":10,"turns":8},{"damage":0,"enemies":"Large Slime","floor":13,"turns":3},{"damage":7,"enemies":"Blue Slaver","floor":14,"turns":3},{"damage":48,"enemies":"Hexaghost","floor":16,"turns":12},{"damage":79,"enemies":"Shell Parasite","floor":18,"turns":10},{"damage":8,"enemies":"3 Byrds","floor":21,"turns":1}],"seed_played":"-7100090573080357463","potions_obtained":[{"floor":2,"key":"Strength Potion"},{"floor":3,"key":"SkillPotion"},{"floor":13,"key":"AttackPotion"},{"floor":16,"key":"Regen Potion"},{"floor":18,"key":"Block Potion"}],"is_trial":false,"path_per_floor":["M","M","M","M","?","R","$","R","T","E","?","R","M","M","R","B",null,"M","$","?","M"],"character_chosen":"DEFECT","items_purchased":["Pen Nib"],"campfire_rested":2,"item_purchase_floors":[19],"current_hp_per_floor":[75,75,75,45,45,75,75,75,75,22,22,22,22,15,52,4,75,8,8,8,0],"gold":18,"neow_bonus":"REMOVE_TWO","is_prod":false,"is_daily":false,"chose_seed":false,"campfire_upgraded":2,"win_rate":0,"timestamp":1548283802,"path_taken":["M","?","M","M","?","R","$","R","T","E","?","R","?","M","R","BOSS","M","$","?","?"],"build_version":"2019-01-23","purchased_purges":1,"victory":false,"max_hp_per_floor":[75,75,75,75,75,75,75,75,75,75,75,75,75,75,75,75,75,75,75,75,75],"card_choices":[{"not_picked":["Go for the Eyes","Tempest"],"picked":"Blizzard","floor":1},{"not_picked":["Rebound","Ball Lightning"],"picked":"Cold Snap","floor":2},{"not_picked":["Go for the Eyes","Compile Driver","Double Energy"],"picked":"SKIP","floor":3},{"not_picked":["Chill","Compile Driver"],"picked":"Capacitor","floor":4},{"not_picked":["Undo","Gash"],"picked":"Machine Learning","floor":10},{"not_picked":["Static Discharge","Defragment"],"picked":"Conserve Battery","floor":13},{"not_picked":["Steam","Chaos"],"picked":"Conserve Battery","floor":14},{"not_picked":["Rebound","Barrage"],"picked":"Beam Cell","floor":15},{"not_picked":["Rainbow","Buffer"],"picked":"Creative AI","floor":16},{"not_picked":["Force Field","Storm"],"picked":"Coolheaded","floor":18}],"player_experience":105381,"relics_obtained":[{"floor":9,"key":"Dream Catcher"},{"floor":10,"key":"Torii"}],"event_choices":[{"damage_healed":0,"gold_gain":0,"player_choice":"Box","damage_taken":0,"relics_obtained":["Regal Pillow"],"max_hp_gain":0,"max_hp_loss":0,"event_name":"Big Fish","floor":5,"gold_loss":0,"cards_obtained":["Regret"]},{"damage_healed":0,"gold_gain":0,"cards_transformed":["Strike_B"],"player_choice":"Transformed","damage_taken":0,"max_hp_gain":0,"max_hp_loss":0,"event_name":"Transmorgrifier","floor":11,"gold_loss":0,"cards_obtained":["Hyperbeam"]},{"damage_healed":0,"gold_gain":0,"player_choice":"Traded Relic","damage_taken":0,"relics_obtained":["Nloth\u0027s Gift"],"max_hp_gain":0,"max_hp_loss":0,"event_name":"N\u0027loth","floor":20,"relics_lost":["Dream Catcher"],"gold_loss":0}],"is_beta":false,"boss_relics":[{"not_picked":["Lizard Tail","Nuclear Battery"],"picked":"Philosopher\u0027s Stone"}],"items_purged_floors":[19],"is_endless":false,"potions_floor_spawned":[2,3,13,16,18],"killed_by":"3 Byrds","ascension_level":4}