{"gold_per_floor":[116,193,210,223,238,265,276,286,286,299,317,317,342,362,362,362],"floor_reached":16,"playtime":1403,"items_purged":[],"score":118,"play_id":"ebc9c9cc-5db7-4354-8a89-ccf94a93b803","local_time":"20190709010237","is_ascension_mode":false,"campfire_choices":[{"data":"Armaments","floor":12,"key":"SMITH"},{"floor":15,"key":"REST"}],"neow_cost":"NONE","seed_source_timestamp":51386443072787,"circlet_count":0,"master_deck":["Strike_R","Strike_R","Strike_R","Strike_R","Strike_R","Defend_R","Defend_R","Defend_R","Defend_R","Bash","True Grit","Blood for Blood","Dropkick","Body Slam","Carnage","True Grit","Whirlwind","Armaments+1","Seeing Red","Reckless Charge","Offering","Reckless Charge"],"relics":["Burning Blood","Sundial","Question Card","Bottled Flame"],"potions_floor_usage":[11,13,16,16,16],"damage_taken":[{"damage":4,"enemies":"Jaw Worm","floor":1,"turns":5},{"damage":5,"enemies":"Small Slimes","floor":3,"turns":4},{"damage":1,"enemies":"2 Louse","floor":4,"turns":4},{"damage":7,"enemies":"Large Slime","floor":5,"turns":7},{"damage":46,"enemies":"Lagavulin","floor":6,"turns":7},{"damage":6,"enemies":"Red Slaver","floor":7,"turns":3},{"damage":9,"enemies":"Blue Slaver","floor":8,"turns":4},{"damage":14,"enemies":"3 Louse","floor":10,"turns":4},{"damage":1,"enemies":"Looter","floor":11,"turns":3},{"damage":13,"enemies":"3 Sentries","floor":13,"turns":4},{"damage":15,"enemies":"Exordium Thugs","floor":14,"turns":6},{"damage":41,"enemies":"The Guardian","floor":16,"turns":7}],"seed_played":"762362827636967169","potions_obtained":[{"floor":1,"key":"Block Potion"},{"floor":8,"key":"Explosive Potion"},{"floor":10,"key":"EssenceOfSteel"},{"floor":11,"key":"Ancient Potion"},{"floor":14,"key":"LiquidBronze"}],"is_trial":false,"path_per_floor":["M","?","M","M","M","E","M","M","T","M","M","R","E","M","R","B"],"character_chosen":"IRONCLAD","items_purchased":[],"campfire_rested":1,"item_purchase_floors":[],"current_hp_per_floor":[80,80,80,80,79,39,39,36,36,28,33,33,26,17,41,0],"gold":362,"neow_bonus":"THREE_CARDS","is_prod":false,"is_daily":false,"chose_seed":false,"campfire_upgraded":1,"win_rate":0.0,"timestamp":1562626957,"path_taken":["M","?","M","M","M","E","M","M","T","M","M","R","E","M","R","BOSS"],"build_version":"2019-07-05","purchased_purges":0,"victory":false,"max_hp_per_floor":[80,80,80,80,80,80,80,80,80,80,80,80,80,80,80,80],"card_choices":[{"not_picked":["Warcry","Shrug It Off"],"picked":"True Grit","floor":0},{"not_picked":["Wild Strike","Twin Strike"],"picked":"Blood for Blood","floor":1},{"not_picked":["Shrug It Off","Clash"],"picked":"Dropkick","floor":3},{"not_picked":["Evolve","Entrench"],"picked":"Body Slam","floor":4},{"not_picked":["Clothesline","Headbutt"],"picked":"Carnage","floor":5},{"not_picked":["Wild Strike","Warcry"],"picked":"True Grit","floor":6},{"not_picked":["Shrug It Off","Clash"],"picked":"Whirlwind","floor":7},{"not_picked":["Fire Breathing","Spot Weakness"],"picked":"Armaments","floor":8},{"not_picked":["Clash","Evolve","Thunderclap"],"picked":"Seeing Red","floor":10},{"not_picked":["Perfected Strike","Sword Boomerang","Ghostly Armor"],"picked":"Reckless Charge","floor":11},{"not_picked":["Seeing Red","Iron Wave","Warcry"],"picked":"Offering","floor":13},{"not_picked":["Iron Wave","Pommel Strike","Second Wind"],"picked":"Reckless Charge","floor":14}],"player_experience":36886,"relics_obtained":[{"floor":6,"key":"Sundial"},{"floor":9,"key":"Question Card"},{"floor":13,"key":"Bottled Flame"}],"event_choices":[{"damage_healed":0,"gold_gain":77,"player_choice":"Gained Gold","damage_taken":0,"max_hp_gain":0,"max_hp_loss":0,"event_name":"Golden Wing","floor":2,"gold_loss":0}],"is_beta":false,"boss_relics":[],"items_purged_floors":[],"is_endless":false,"potions_floor_spawned":[1,8,10,11,14],"killed_by":"The Guardian","ascension_level":0}