{"gold_per_floor":[119,119,119,66,76,9,9,29,29,39,39,67,78,3,3,101,101,118,18,18,36,36,67,67,94,162,179,195,25,25,25,25,123,123,139,49,49,66,66,100,100,100,100,112,17,35,55,55,55,55],"floor_reached":51,"playtime":2838,"items_purged":["Strike_B","Strike_B"],"score":782,"play_id":"69b23a47-77a6-4e73-9f7a-7508fd2c07e8","local_time":"20190118214647","is_ascension_mode":true,"campfire_choices":[{"floor":7.0,"key":"REST"},{"floor":15.0,"key":"REST"},{"floor":24.0,"key":"REST"},{"floor":32.0,"key":"REST"},{"data":"FTL","floor":41,"key":"SMITH"},{"data":"Secret Weapon","floor":49,"key":"SMITH"}],"neow_cost":"TEN_PERCENT_HP_LOSS","seed_source_timestamp":338882782713618,"circlet_count":0,"master_deck":["Defend_B","Defend_B","Defend_B","Zap","Dualcast","Chill","Gash","Gash","FTL+1","Gash+1","Gash","Gash","All For One","Gash","Buffer","Gash","Scrape","Secret Weapon+1","Reboot","Purity","BootSequence"],"special_seed":0,"relics":["Cracked Core","Matryoshka","Letter Opener","Sundial","Pantograph","Happy Flower","Nunchaku","Odd Mushroom","Empty Cage","MutagenicStrength","Nloth\u0027s Gift","Singing Bowl","Question Card","Mercury Hourglass","Runic Pyramid","Omamori","Ornamental Fan","Bird Faced Urn"],"potions_floor_usage":[40,40,50],"damage_taken":[{"damage":1.0,"enemies":"Jaw Worm","floor":1.0,"turns":3.0},{"damage":4.0,"enemies":"Small Slimes","floor":5.0,"turns":4.0},{"damage":0.0,"enemies":"Cultist","floor":8.0,"turns":3.0},{"damage":0.0,"enemies":"Exordium Wildlife","floor":10.0,"turns":2.0},{"damage":8.0,"enemies":"The Mushroom Lair","floor":12.0,"turns":3.0},{"damage":8.0,"enemies":"3 Louse","floor":13.0,"turns":3.0},{"damage":4.0,"enemies":"Slime Boss","floor":16.0,"turns":7.0},{"damage":5.0,"enemies":"Spheric Guardian","floor":18.0,"turns":3.0},{"damage":6.0,"enemies":"2 Thieves","floor":21.0,"turns":3.0},{"damage":9.0,"enemies":"Book of Stabbing","floor":23.0,"turns":3.0},{"damage":26.0,"enemies":"Gremlin Leader","floor":25.0,"turns":4.0},{"damage":6.0,"enemies":"Cultist and Chosen","floor":27.0,"turns":3.0},{"damage":0.0,"enemies":"Snecko","floor":28.0,"turns":1.0},{"damage":0.0,"enemies":"Slavers","floor":31.0,"turns":1.0},{"damage":40.0,"enemies":"Automaton","floor":33.0,"turns":5.0},{"damage":0,"enemies":"3 Darklings","floor":35,"turns":3},{"damage":5,"enemies":"Orb Walker","floor":38,"turns":2},{"damage":16,"enemies":"Nemesis","floor":40,"turns":3},{"damage":0,"enemies":"Transient","floor":44,"turns":5},{"damage":1,"enemies":"Sphere and 2 Shapes","floor":46,"turns":3},{"damage":5,"enemies":"4 Shapes","floor":47,"turns":2},{"damage":41,"enemies":"Time Eater","floor":50,"turns":4}],"seed_played":"-506881829854123189","potions_obtained":[{"floor":8.0,"key":"EssenceOfSteel"},{"floor":10.0,"key":"SmokeBomb"},{"floor":12.0,"key":"GamblersBrew"},{"floor":23.0,"key":"LiquidBronze"},{"floor":25.0,"key":"Regen Potion"},{"floor":27.0,"key":"AttackPotion"},{"floor":33.0,"key":"Fire Potion"},{"floor":38,"key":"Fire Potion"},{"floor":46,"key":"Dexterity Potion"}],"is_trial":false,"path_per_floor":["M","?","?","$","M","?","R","M","T","M","T","?","M","$","R","B",null,"M","$","?","M","?","E","R","E","T","M","M","$","?","E","R","B",null,"M","?","$","M","?","E","R","?","T","M","$","M","M","T","R","B",null],"character_chosen":"DEFECT","items_purchased":["Gash","Secret Weapon","Purity"],"campfire_rested":4,"item_purchase_floors":[4,29,45],"current_hp_per_floor":[67,34,34,34,30,30,50,50,50,50,50,42,34,34,54,64,68,63,63,63,57,57,50,70,44,44,47,47,47,34,34,56,35,75,77,77,77,74,74,60,60,60,60,62,62,63,58,58,58,40],"gold":55,"neow_bonus":"ONE_RARE_RELIC","is_prod":false,"is_daily":false,"chose_seed":false,"campfire_upgraded":2,"win_rate":0,"timestamp":1547869607,"path_taken":["M","?","?","$","M","?","R","?","T","M","?","?","?","$","R","BOSS","M","$","?","M","?","E","R","E","T","M","?","$","?","E","R","BOSS","M","?","?","M","?","E","R","?","T","M","$","?","M","?","R","BOSS"],"build_version":"2019-01-17v2","purchased_purges":2,"victory":true,"max_hp_per_floor":[68,68,68,68,68,68,68,68,68,68,68,68,68,68,68,68,68,68,68,68,68,68,70,70,70,70,70,70,70,75,75,75,75,75,77,77,77,79,75,77,77,77,77,79,79,81,81,81,81,81],"card_choices":[{"not_picked":["Beam Cell","Glacier"],"picked":"Chill","floor":1.0},{"not_picked":["Ball Lightning","Turbo","Sweeping Beam"],"picked":"SKIP","floor":1.0},{"not_picked":["Defragment","Compile Driver"],"picked":"Gash","floor":5.0},{"not_picked":["Leap","Steam","White Noise"],"picked":"SKIP","floor":5.0},{"not_picked":["Rebound","Go for the Eyes"],"picked":"FTL","floor":8.0},{"not_picked":["Chill","Double Energy"],"picked":"Gash","floor":8.0},{"not_picked":["Rebound","Conserve Battery"],"picked":"Gash","floor":10.0},{"not_picked":["Consume","Tempest"],"picked":"Gash","floor":10.0},{"not_picked":["Genetic Algorithm","Ball Lightning","Defragment"],"picked":"SKIP","floor":13.0},{"not_picked":["Ball Lightning","Streamline","Undo"],"picked":"SKIP","floor":13.0},{"not_picked":["Echo Form","Fission"],"picked":"All For One","floor":16.0},{"not_picked":["Ball Lightning","Stack","Streamline"],"picked":"SKIP","floor":18.0},{"not_picked":["Compile Driver+1","Stack","Melter"],"picked":"SKIP","floor":18.0},{"not_picked":["Beam Cell+1","Reboot"],"picked":"Gash","floor":21.0},{"not_picked":["Consume+1","Barrage+1","Hello World"],"picked":"SKIP","floor":21.0},{"not_picked":["Beam Cell","Reinforced Body","Hologram"],"picked":"Singing Bowl","floor":23.0},{"not_picked":["Rainbow","Melter+1"],"picked":"Buffer","floor":25.0},{"not_picked":["Cold Snap","Auto Shields","Sweeping Beam"],"picked":"Gash","floor":27.0},{"not_picked":["Cold Snap","White Noise","Steam"],"picked":"Scrape","floor":28.0},{"not_picked":["Echo Form","Biased Cognition","Hyperbeam"],"picked":"Reboot","floor":33.0},{"not_picked":["Electrodynamics","Consume","Self Repair+1","Coolheaded+1"],"picked":"Singing Bowl","floor":35},{"not_picked":["Leap","Beam Cell","Turbo+1","Reinforced Body"],"picked":"Singing Bowl","floor":38},{"not_picked":["Thunder Strike","Biased Cognition","Ball Lightning","Turbo"],"picked":"Singing Bowl","floor":40},{"not_picked":["Rebound","Turbo+1","Steam Power","Conserve Battery+1"],"picked":"Singing Bowl","floor":44},{"not_picked":["Rebound","Ball Lightning+1","Coolheaded+1","Rip and Tear"],"picked":"Singing Bowl","floor":46},{"not_picked":["Electrodynamics","Gash","Leap"],"picked":"BootSequence","floor":47}],"player_experience":310609,"relics_obtained":[{"floor":9.0,"key":"Sundial"},{"floor":9.0,"key":"Pantograph"},{"floor":11.0,"key":"Happy Flower"},{"floor":11.0,"key":"Nunchaku"},{"floor":12.0,"key":"Odd Mushroom"},{"floor":23.0,"key":"Singing Bowl"},{"floor":25.0,"key":"Question Card"},{"floor":26.0,"key":"Mercury Hourglass"},{"floor":40,"key":"Omamori"},{"floor":43,"key":"Ornamental Fan"},{"floor":48,"key":"Bird Faced Urn"}],"event_choices":[{"damage_healed":0.0,"max_hp_gain":0.0,"max_hp_loss":0.0,"gold_gain":0.0,"event_name":"Scrap Ooze","player_choice":"Success","floor":2.0,"gold_loss":0.0,"damage_taken":33.0,"relics_obtained":["Matryoshka"]},{"damage_healed":0.0,"max_hp_gain":0.0,"max_hp_loss":0.0,"gold_gain":0.0,"event_name":"Shining Light","player_choice":"Ignored","floor":3.0,"gold_loss":0.0,"damage_taken":0.0},{"damage_healed":0.0,"max_hp_gain":0.0,"max_hp_loss":0.0,"gold_gain":0.0,"event_name":"WeMeetAgain","player_choice":"Paid Gold","floor":6.0,"gold_loss":67.0,"damage_taken":0.0,"relics_obtained":["Letter Opener"]},{"damage_healed":0.0,"max_hp_gain":0.0,"max_hp_loss":0.0,"gold_gain":0.0,"event_name":"Mushrooms","player_choice":"Fought Mushrooms","floor":12.0,"gold_loss":0.0,"damage_taken":0.0},{"damage_healed":0.0,"max_hp_gain":0.0,"max_hp_loss":0.0,"gold_gain":0.0,"event_name":"Drug Dealer","player_choice":"Inject Mutagens","floor":20.0,"gold_loss":0.0,"damage_taken":0.0,"relics_obtained":["MutagenicStrength"]},{"damage_healed":0.0,"max_hp_gain":0.0,"max_hp_loss":0.0,"gold_gain":0.0,"event_name":"N\u0027loth","player_choice":"Traded Relic","floor":22.0,"relics_lost":["Prayer Wheel"],"gold_loss":0.0,"damage_taken":0.0,"relics_obtained":["Nloth\u0027s Gift"]},{"damage_healed":0.0,"max_hp_gain":5.0,"max_hp_loss":0.0,"gold_gain":0.0,"event_name":"Forgotten Altar","player_choice":"Shed Blood","floor":30.0,"gold_loss":0.0,"damage_taken":18.0},{"cards_removed":["Defend_B"],"damage_healed":0,"gold_gain":0,"player_choice":"Upgrade and Remove","damage_taken":0,"max_hp_gain":0,"max_hp_loss":0,"event_name":"Designer","floor":36,"gold_loss":90,"cards_upgraded":["Gash"]},{"damage_healed":0,"gold_gain":0,"player_choice":"Max HP","damage_taken":0,"max_hp_gain":0,"max_hp_loss":4,"event_name":"Winding Halls","floor":39,"gold_loss":0},{"damage_healed":0,"gold_gain":0,"player_choice":"Ignored","damage_taken":0,"max_hp_gain":0,"max_hp_loss":0,"event_name":"NoteForYourself","floor":42,"gold_loss":0}],"is_beta":false,"boss_relics":[{"not_picked":["Calling Bell","Busted Crown"],"picked":"Empty Cage"},{"not_picked":["Inserter","Orrery"],"picked":"Runic Pyramid"}],"items_purged_floors":[14,19],"is_endless":false,"potions_floor_spawned":[8,10,12,16,23,25,27,33,38,46],"ascension_level":1}