{"gold_per_floor":[118,193,193,204,204,204,232,13,13,25,38,38,53,63,63,161,161,176,176,93,108,119,119,131,131,156,167,167],"floor_reached":28,"playtime":812,"items_purged":["Strike_B"],"score":296,"play_id":"96db87a4-ffdc-4086-bce0-fe233f797631","local_time":"20190124183322","is_ascension_mode":true,"campfire_choices":[{"data":"Echo Form","floor":6,"key":"SMITH"},{"data":"Dualcast","floor":15,"key":"SMITH"},{"floor":23,"key":"REST"},{"floor":25,"key":"REST"}],"neow_cost":"NONE","seed_source_timestamp":631676658061657,"circlet_count":0,"master_deck":["Strike_B","Strike_B","Defend_B","Defend_B","Defend_B","Zap","Dualcast+1","Scrape","Echo Form+1","FTL","Beam Cell","Defragment","Leap","Hologram","Gash","Core Surge","Conserve Battery","Flash of Steel"],"relics":["Cracked Core","NeowsBlessing","Turnip","Art of War","Question Card","Busted Crown","Orichalcum"],"potions_floor_usage":[16,16,16,27,27],"damage_taken":[{"damage":0,"enemies":"Jaw Worm","floor":1,"turns":1},{"damage":0,"enemies":"Cultist","floor":4,"turns":1},{"damage":0,"enemies":"Lagavulin","floor":7,"turns":2},{"damage":0,"enemies":"Small Slimes","floor":10,"turns":2},{"damage":2,"enemies":"Looter","floor":11,"turns":3},{"damage":9,"enemies":"Red Slaver","floor":13,"turns":3},{"damage":6,"enemies":"Exordium Thugs","floor":14,"turns":4},{"damage":39,"enemies":"Hexaghost","floor":16,"turns":9},{"damage":24,"enemies":"2 Thieves","floor":18,"turns":4},{"damage":16,"enemies":"Spheric Guardian","floor":21,"turns":4},{"damage":7,"enemies":"Chosen and Byrds","floor":22,"turns":5},{"damage":39,"enemies":"3 Cultists","floor":24,"turns":6},{"damage":26,"enemies":"Cultist and Chosen","floor":27,"turns":5},{"damage":7,"enemies":"Sentry and Sphere","floor":28,"turns":3}],"seed_played":"5921731397851205379","potions_obtained":[{"floor":1,"key":"Explosive Potion"},{"floor":7,"key":"Strength Potion"},{"floor":10,"key":"FearPotion"},{"floor":22,"key":"Poison Potion"},{"floor":24,"key":"Fire Potion"},{"floor":27,"key":"SteroidPotion"}],"is_trial":false,"path_per_floor":["M","?","?","M","?","R","E","$","T","M","M","?","M","M","R","B",null,"M","?","$","M","M","R","M","R","T","M","M"],"character_chosen":"DEFECT","items_purchased":["Art of War","Flash of Steel"],"campfire_rested":2,"item_purchase_floors":[8,20],"current_hp_per_floor":[75,64,64,64,64,64,64,64,64,64,62,62,53,47,47,8,75,51,51,51,35,28,50,11,33,33,7,0],"gold":167,"neow_bonus":"THREE_ENEMY_KILL","is_prod":false,"is_daily":false,"chose_seed":false,"campfire_upgraded":2,"win_rate":0,"timestamp":1548372802,"path_taken":["M","?","?","?","?","R","E","$","T","M","M","?","M","M","R","BOSS","M","?","?","?","M","R","M","R","T","M","M"],"build_version":"2019-01-23","purchased_purges":1,"victory":false,"max_hp_per_floor":[75,75,75,75,75,75,75,75,75,75,75,75,75,75,75,75,75,75,75,75,75,75,75,75,75,75,75,75],"card_choices":[{"not_picked":["Double Energy","Ball Lightning"],"picked":"Scrape","floor":1},{"not_picked":["Loop","Stack"],"picked":"Beam Cell","floor":4},{"not_picked":["BootSequence","Compile Driver","Heatsinks"],"picked":"SKIP","floor":7},{"not_picked":["Steam","Undo","Scrape"],"picked":"Defragment","floor":10},{"not_picked":["Creative AI","Scrape","Doom and Gloom"],"picked":"Leap","floor":11},{"not_picked":["Self Repair","Leap","Blizzard"],"picked":"Hologram","floor":13},{"not_picked":["Cold Snap","All For One","Turbo"],"picked":"Gash","floor":14},{"not_picked":["Machine Learning","Creative AI","Rainbow"],"picked":"Core Surge","floor":16},{"not_picked":["Hologram"],"picked":"Conserve Battery","floor":18},{"not_picked":["Beam Cell+1","Rebound"],"picked":"SKIP","floor":21},{"not_picked":["Streamline","Turbo"],"picked":"SKIP","floor":22},{"not_picked":["Hello World","Self Repair"],"picked":"SKIP","floor":24},{"not_picked":["Chaos","Auto Shields"],"picked":"SKIP","floor":27}],"player_experience":107796,"relics_obtained":[{"floor":7,"key":"Turnip"},{"floor":9,"key":"Question Card"},{"floor":26,"key":"Orichalcum"}],"event_choices":[{"damage_healed":0,"gold_gain":75,"player_choice":"Gather Gold","damage_taken":11,"max_hp_gain":0,"max_hp_loss":0,"event_name":"World of Goop","floor":2,"gold_loss":0},{"damage_healed":0,"gold_gain":0,"player_choice":"2 cards matched","damage_taken":0,"max_hp_gain":0,"max_hp_loss":0,"event_name":"Match and Keep!","floor":3,"gold_loss":0,"cards_obtained":["Echo Form","FTL"]},{"cards_removed":["Strike_B"],"damage_healed":0,"gold_gain":0,"player_choice":"Forget","damage_taken":0,"max_hp_gain":0,"max_hp_loss":0,"event_name":"Living Wall","floor":5,"gold_loss":0},{"cards_removed":["Defend_B"],"damage_healed":0,"gold_gain":0,"player_choice":"Offered Basic","damage_taken":0,"max_hp_gain":0,"max_hp_loss":0,"event_name":"Bonfire Elementals","floor":12,"gold_loss":0},{"damage_healed":0,"gold_gain":0,"player_choice":"Ignored","damage_taken":0,"max_hp_gain":0,"max_hp_loss":0,"event_name":"N\u0027loth","floor":19,"gold_loss":0}],"is_beta":false,"boss_relics":[{"not_picked":["Ectoplasm","Orrery"],"picked":"Busted Crown"}],"items_purged_floors":[8],"is_endless":false,"potions_floor_spawned":[1,7,10,22,24,27],"killed_by":"Sentry and Sphere","ascension_level":4}