{"gold_per_floor":[13,13,13,29,45,71,71,1,28,28],"floor_reached":10,"playtime":299,"items_purged":[],"score":66,"play_id":"85320199-deb8-4c4c-8167-16226e14cee6","local_time":"20190109223417","is_ascension_mode":false,"campfire_choices":[{"floor":7,"key":"REST"}],"neow_cost":"NO_GOLD","seed_source_timestamp":30689447490043,"circlet_count":0,"master_deck":["Defend_G","Defend_G","Defend_G","Strike_G","Strike_G","Strike_G","Strike_G","Survivor","Neutralize","Blade Dance","Dagger Spray","Blade Dance","Sucker Punch","Well Laid Plans"],"relics":["Ring of the Snake","Oddly Smooth Stone"],"potions_floor_usage":[6],"damage_taken":[{"damage":0,"enemies":"Small Slimes","floor":1,"turns":3},{"damage":0,"enemies":"2 Louse","floor":4,"turns":3},{"damage":6,"enemies":"Jaw Worm","floor":5,"turns":4},{"damage":56,"enemies":"Gremlin Nob","floor":6,"turns":7},{"damage":24,"enemies":"Lagavulin","floor":10,"turns":6}],"seed_played":"6478160675483331659","potions_obtained":[{"floor":5,"key":"GhostInAJar"},{"floor":6,"key":"FearPotion"}],"is_trial":false,"path_per_floor":["M","?","?","M","M","E","R","$","T","E"],"character_chosen":"THE_SILENT","items_purchased":["Well Laid Plans"],"campfire_rested":1,"item_purchase_floors":[8],"current_hp_per_floor":[70,70,63,63,57,1,22,22,22,0],"gold":28,"neow_bonus":"REMOVE_TWO","is_prod":false,"is_daily":false,"chose_seed":false,"campfire_upgraded":0,"win_rate":0,"timestamp":1547091257,"path_taken":["M","?","?","M","M","E","R","$","T","E"],"build_version":"2019-01-03v4","purchased_purges":0,"victory":false,"max_hp_per_floor":[70,70,70,70,70,70,70,70,70,70],"card_choices":[{"not_picked":["Dagger Throw","Terror"],"picked":"Blade Dance","floor":1},{"not_picked":["PiercingWail","Bane"],"picked":"Dagger Spray","floor":4},{"not_picked":["Dash","Leg Sweep"],"picked":"Blade Dance","floor":5},{"not_picked":["Flying Knee","Catalyst"],"picked":"Sucker Punch","floor":6}],"player_experience":33425,"relics_obtained":[{"floor":6,"key":"Oddly Smooth Stone"}],"event_choices":[{"damage_healed":0,"gold_gain":0,"player_choice":"Leave","damage_taken":0,"max_hp_gain":0,"max_hp_loss":0,"event_name":"The Cleric","floor":2,"gold_loss":0},{"cards_removed":["Defend_G"],"damage_healed":0,"gold_gain":0,"player_choice":"Card Removal","damage_taken":7,"max_hp_gain":0,"max_hp_loss":0,"event_name":"Golden Wing","floor":3,"gold_loss":0}],"is_beta":false,"boss_relics":[],"items_purged_floors":[],"is_endless":false,"potions_floor_spawned":[5,6],"killed_by":"Lagavulin","ascension_level":0}