{"gold_per_floor":[112,127,146,156,156,181,356,356,382,382,70,70,95,107,107,208,208,222,240,240],"floor_reached":20,"playtime":743,"items_purged":[],"score":184,"play_id":"1b006309-fc47-41cd-99bf-c696ad09bb67","local_time":"20190420030358","is_ascension_mode":false,"campfire_choices":[{"floor":8,"key":"REST"},{"data":"Armaments","floor":12,"key":"SMITH"},{"floor":15,"key":"REST"}],"neow_cost":"TEN_PERCENT_HP_LOSS","seed_source_timestamp":35425685692328,"circlet_count":0,"master_deck":["Strike_R","Strike_R","Strike_R","Strike_R","Strike_R","Defend_R","Defend_R","Defend_R+1","Defend_R","Bash","Offering","Iron Wave","Perfected Strike","Power Through+1","Sword Boomerang","Armaments+1","Warcry","Heavy Blade","Flex","Impervious","Entrench","Inflame","Twin Strike","Armaments","Rage","Pommel Strike+1"],"relics":["Burning Blood","Bronze Scales","War Paint","Oddly Smooth Stone","Ginger","Turnip","Orrery"],"potions_floor_usage":[6,6,19,19],"damage_taken":[{"damage":1,"enemies":"2 Louse","floor":1,"turns":3},{"damage":5,"enemies":"Small Slimes","floor":2,"turns":4},{"damage":7,"enemies":"Cultist","floor":3,"turns":3},{"damage":10,"enemies":"Large Slime","floor":4,"turns":6},{"damage":32,"enemies":"Lagavulin","floor":6,"turns":5},{"damage":20,"enemies":"Gremlin Nob","floor":13,"turns":3},{"damage":0,"enemies":"3 Louse","floor":14,"turns":3},{"damage":44,"enemies":"Hexaghost","floor":16,"turns":10},{"damage":21,"enemies":"3 Byrds","floor":18,"turns":3},{"damage":6,"enemies":"Chosen","floor":19,"turns":4},{"damage":75,"enemies":"3 Cultists","floor":20,"turns":7}],"seed_played":"-9068215480009833223","potions_obtained":[{"floor":3,"key":"Explosive Potion"},{"floor":4,"key":"Swift Potion"},{"floor":16,"key":"Swift Potion"},{"floor":18,"key":"Weak Potion"}],"is_trial":false,"path_per_floor":["M","M","M","M","?","E","?","R","T","?","$","R","E","M","R","B",null,"M","M","M"],"character_chosen":"IRONCLAD","items_purchased":["Ginger","Warcry"],"campfire_rested":2,"item_purchase_floors":[11,11],"current_hp_per_floor":[72,72,71,67,55,29,29,50,50,43,43,43,29,35,56,18,72,57,57,0],"gold":240,"neow_bonus":"THREE_RARE_CARDS","is_prod":false,"is_daily":false,"chose_seed":false,"campfire_upgraded":1,"win_rate":0,"timestamp":1555693438,"path_taken":["M","M","M","M","?","E","?","R","T","?","$","R","E","M","R","BOSS","M","M","M"],"build_version":"2019-01-23","purchased_purges":0,"victory":false,"max_hp_per_floor":[72,72,72,72,72,72,72,72,72,72,72,72,72,72,72,72,72,72,72,72],"card_choices":[{"not_picked":["Berserk","Exhume"],"picked":"Offering","floor":0},{"not_picked":["Body Slam","Searing Blow"],"picked":"Iron Wave","floor":1},{"not_picked":["Iron Wave","Cleave"],"picked":"Perfected Strike","floor":2},{"not_picked":["Corruption","Infernal Blade"],"picked":"Power Through","floor":3},{"not_picked":["Impervious","Intimidate"],"picked":"Sword Boomerang","floor":4},{"not_picked":["Thunderclap","Reckless Charge"],"picked":"Armaments","floor":6},{"not_picked":["Perfected Strike","Dark Embrace"],"picked":"Heavy Blade","floor":13},{"not_picked":["Feel No Pain","Disarm"],"picked":"Flex","floor":14},{"not_picked":["Brutality","Exhume"],"picked":"Impervious","floor":16},{"not_picked":["Shrug It Off","Armaments"],"picked":"Entrench","floor":17},{"not_picked":["Anger","Sword Boomerang"],"picked":"Inflame","floor":17},{"not_picked":["Seeing Red","Rupture"],"picked":"Twin Strike","floor":17},{"not_picked":["Uppercut","Wild Strike"],"picked":"Armaments","floor":17},{"not_picked":["Body Slam","Whirlwind"],"picked":"Rage","floor":18},{"not_picked":["Twin Strike","Fire Breathing"],"picked":"Pommel Strike+1","floor":19}],"player_experience":338245,"relics_obtained":[{"floor":6,"key":"War Paint"},{"floor":9,"key":"Oddly Smooth Stone"},{"floor":13,"key":"Turnip"}],"event_choices":[{"damage_healed":0,"gold_gain":0,"player_choice":"Success","damage_taken":12,"relics_obtained":["Bronze Scales"],"max_hp_gain":0,"max_hp_loss":0,"event_name":"Scrap Ooze","floor":5,"gold_loss":0},{"damage_healed":0,"gold_gain":175,"player_choice":"AGREE","damage_taken":0,"max_hp_gain":0,"max_hp_loss":0,"event_name":"Liars Game","floor":7,"gold_loss":0,"cards_obtained":["Doubt"]},{"cards_removed":["Doubt"],"damage_healed":0,"gold_gain":0,"player_choice":"Card Removal","damage_taken":7,"max_hp_gain":0,"max_hp_loss":0,"event_name":"Golden Wing","floor":10,"gold_loss":0}],"is_beta":false,"boss_relics":[{"not_picked":["Runic Cube","Eternal Feather"],"picked":"Orrery"}],"items_purged_floors":[],"is_endless":false,"potions_floor_spawned":[3,4,16,18],"killed_by":"3 Cultists","ascension_level":0}