{"gold_per_floor":[112,112,112,125,125,145,179,193,216,231,231,242,267,279,291,429,441,474,486,521,5,28,41,60,60,84,105,105,124,124,163,163,289,352,377,377,398,1397,894,894,894],"floor_reached":41,"playtime":1448,"items_purged":["Strike_R","Normality"],"score":475,"play_id":"9a745177-b8dc-4b46-bce5-1835556e0500","local_time":"20190430090144","is_ascension_mode":false,"campfire_choices":[{"data":"Infernal Blade","floor":11,"key":"SMITH"},{"data":"Cleave","floor":15,"key":"SMITH"},{"data":"Offering","floor":25,"key":"SMITH"},{"data":"Pommel Strike","floor":28,"key":"SMITH"},{"data":"Dual Wield","floor":30,"key":"SMITH"},{"floor":32,"key":"REST"},{"data":"Barricade","floor":40,"key":"SMITH"}],"neow_cost":"TEN_PERCENT_HP_LOSS","seed_source_timestamp":3247380655326,"circlet_count":0,"master_deck":["Strike_R+1","Strike_R","Strike_R","Defend_R","Defend_R","Defend_R","Defend_R","Bash","Feel No Pain","Cleave+1","Infernal Blade+1","Shrug It Off","Reaper","Seeing Red","Twin Strike","Wild Strike","Wild Strike","Exhume","Seeing Red+1","Offering+1","Flex","Headbutt","Pommel Strike+1","Evolve+1","Pain","Dropkick+1","Dual Wield+1","Pummel+1","Barricade+1","Pommel Strike","Spot Weakness+1","Bandage Up","Enlightenment","Reckless Charge+1","Normality","Double Tap","Rampage"],"relics":["Burning Blood","Ice Cream","Oddly Smooth Stone","Blood Vial","Bronze Scales","MawBank","Golden Idol","Cursed Key","Mummified Hand","Brimstone","Red Skull","Smiling Mask","Tiny House","Anchor","Tiny Chest"],"potions_floor_usage":[8,16,23,27],"damage_taken":[{"damage":2,"enemies":"2 Louse","floor":1,"turns":3},{"damage":0,"enemies":"Jaw Worm","floor":4,"turns":3},{"damage":8,"enemies":"Small Slimes","floor":6,"turns":2},{"damage":24,"enemies":"3 Sentries","floor":7,"turns":12},{"damage":16,"enemies":"Exordium Thugs","floor":8,"turns":5},{"damage":1,"enemies":"Blue Slaver","floor":10,"turns":4},{"damage":2,"enemies":"3 Louse","floor":12,"turns":3},{"damage":10,"enemies":"Gremlin Nob","floor":13,"turns":3},{"damage":13,"enemies":"Slime Boss","floor":16,"turns":8},{"damage":24,"enemies":"2 Thieves","floor":18,"turns":4},{"damage":16,"enemies":"Spheric Guardian","floor":20,"turns":3},{"damage":15,"enemies":"Centurion and Healer","floor":22,"turns":2},{"damage":6,"enemies":"Cultist and Chosen","floor":23,"turns":4},{"damage":18,"enemies":"Snake Plant","floor":24,"turns":2},{"damage":32,"enemies":"Shelled Parasite and Fungi","floor":27,"turns":3},{"damage":6,"enemies":"Chosen and Byrds","floor":29,"turns":4},{"damage":43,"enemies":"Slavers","floor":31,"turns":3},{"damage":29,"enemies":"Collector","floor":33,"turns":6},{"damage":9,"enemies":"Orb Walker","floor":35,"turns":1},{"damage":59,"enemies":"3 Darklings","floor":37,"turns":3},{"damage":91,"enemies":"Nemesis","floor":41,"turns":4}],"seed_played":"8542417421341177047","potions_obtained":[{"floor":4,"key":"SpeedPotion"},{"floor":6,"key":"Dexterity Potion"},{"floor":10,"key":"Explosive Potion"},{"floor":13,"key":"Weak Potion"},{"floor":16,"key":"AttackPotion"},{"floor":22,"key":"Ancient Potion"},{"floor":29,"key":"GamblersBrew"},{"floor":34,"key":"Energy Potion"}],"is_trial":false,"path_per_floor":["M","?","?","M","?","M","E","M","T","M","R","M","E","?","R","B",null,"M","?","M","$","M","M","M","R","T","M","R","M","R","E","R","B",null,"M","?","M","?","$","R","E"],"character_chosen":"IRONCLAD","items_purchased":["Mummified Hand","Brimstone","Anchor","Double Tap","Rampage","Tiny Chest"],"campfire_rested":1,"item_purchase_floors":[21,21,39,39,39,39],"current_hp_per_floor":[72,65,65,71,71,69,51,43,43,54,54,72,68,67,67,60,67,49,49,41,41,46,67,55,55,55,46,46,48,48,30,50,50,72,69,64,41,41,41,41,0],"gold":894,"neow_bonus":"ONE_RARE_RELIC","is_prod":false,"is_daily":false,"chose_seed":false,"campfire_upgraded":6,"win_rate":0,"timestamp":1556578904,"path_taken":["M","?","?","M","?","M","E","M","T","M","R","?","E","?","R","BOSS","M","?","?","$","M","M","M","R","T","?","R","M","R","E","R","BOSS","M","?","M","?","$","R","E"],"build_version":"2019-01-23","purchased_purges":2,"victory":false,"max_hp_per_floor":[72,72,72,72,72,72,72,72,72,72,72,72,72,67,67,67,67,67,67,67,67,67,67,67,67,67,67,67,67,67,67,67,67,72,72,72,72,72,72,72,72],"card_choices":[{"not_picked":["Iron Wave","Heavy Blade"],"picked":"Feel No Pain","floor":1},{"not_picked":["Searing Blow","Pommel Strike"],"picked":"Cleave","floor":4},{"not_picked":["Disarm","Feel No Pain"],"picked":"Shrug It Off","floor":6},{"not_picked":["True Grit","Body Slam"],"picked":"Reaper","floor":7},{"not_picked":["Burning Pact","Whirlwind"],"picked":"Seeing Red","floor":8},{"not_picked":["Clash","Heavy Blade"],"picked":"Twin Strike","floor":10},{"not_picked":["Flex","Flame Barrier"],"picked":"Wild Strike","floor":12},{"not_picked":["Havoc","Shrug It Off"],"picked":"Wild Strike","floor":13},{"not_picked":["Immolate","Bludgeon"],"picked":"Exhume","floor":16},{"not_picked":["Perfected Strike","Havoc"],"picked":"Seeing Red+1","floor":18},{"not_picked":["Clothesline","Havoc"],"picked":"Flex","floor":20},{"not_picked":["Perfected Strike","Flex"],"picked":"Headbutt","floor":22},{"not_picked":["Blood for Blood","Offering"],"picked":"Pommel Strike","floor":23},{"not_picked":["Dropkick","Searing Blow"],"picked":"Evolve+1","floor":24},{"not_picked":["Headbutt","Ghostly Armor"],"picked":"Dropkick+1","floor":27},{"not_picked":["Body Slam","Shrug It Off"],"picked":"Dual Wield","floor":29},{"not_picked":["Entrench","Clash+1"],"picked":"Pummel+1","floor":31},{"not_picked":["Juggernaut","Reaper"],"picked":"Barricade","floor":33},{"not_picked":["Wild Strike+1","Cleave"],"picked":"Pommel Strike","floor":34},{"not_picked":["Sentinel","Twin Strike+1"],"picked":"Spot Weakness+1","floor":35},{"not_picked":["Transmutation","Impatience"],"picked":"Bandage Up","floor":36},{"not_picked":["Flash of Steel","Discovery"],"picked":"Enlightenment","floor":36},{"not_picked":["Headbutt+1","Feel No Pain+1"],"picked":"Reckless Charge+1","floor":37}],"player_experience":512224,"relics_obtained":[{"floor":7,"key":"Blood Vial"},{"floor":9,"key":"Bronze Scales"},{"floor":13,"key":"MawBank"},{"floor":26,"key":"Red Skull"},{"floor":31,"key":"Smiling Mask"}],"event_choices":[{"damage_healed":0,"gold_gain":0,"player_choice":"Success","damage_taken":7,"relics_obtained":["Oddly Smooth Stone"],"max_hp_gain":0,"max_hp_loss":0,"event_name":"Scrap Ooze","floor":2,"gold_loss":0},{"damage_healed":0,"gold_gain":0,"player_choice":"Leave","damage_taken":0,"max_hp_gain":0,"max_hp_loss":0,"event_name":"The Cleric","floor":3,"gold_loss":0},{"damage_healed":0,"gold_gain":0,"cards_transformed":["Strike_R"],"player_choice":"Transformed","damage_taken":0,"max_hp_gain":0,"max_hp_loss":0,"event_name":"Transmorgrifier","floor":5,"gold_loss":0,"cards_obtained":["Infernal Blade"]},{"damage_healed":0,"gold_gain":0,"player_choice":"Lose Max HP","damage_taken":0,"relics_obtained":["Golden Idol"],"max_hp_gain":0,"max_hp_loss":5,"event_name":"Golden Idol","floor":14,"gold_loss":0},{"damage_healed":0,"gold_gain":0,"player_choice":"1 cards matched","damage_taken":0,"max_hp_gain":0,"max_hp_loss":0,"event_name":"Match and Keep!","floor":19,"gold_loss":0,"cards_obtained":["Offering"]},{"damage_healed":0,"gold_gain":0,"player_choice":"Memory 2","damage_taken":5,"max_hp_gain":0,"max_hp_loss":0,"event_name":"SensoryStone","floor":36,"gold_loss":0},{"damage_healed":0,"gold_gain":999,"player_choice":"Gold","damage_taken":0,"max_hp_gain":0,"max_hp_loss":0,"event_name":"MindBloom","floor":38,"gold_loss":0,"cards_obtained":["Normality","Normality"]}],"is_beta":false,"boss_relics":[{"not_picked":["Philosopher\u0027s Stone","Lizard Tail"],"picked":"Cursed Key"},{"not_picked":["Busted Crown","Empty Cage"],"picked":"Tiny House"}],"items_purged_floors":[21,39],"is_endless":false,"potions_floor_spawned":[4,6,10,13,16,20,22,29],"killed_by":"Nemesis","ascension_level":0}