{"gold_per_floor":[110,110,59,59,10,10,45,45,45,101,130,143,154,164,164,269,269,282,299,107,67,20,20,51,51],"floor_reached":25,"playtime":1661,"items_purged":[],"score":227,"play_id":"caf5e930-c117-49d2-9ef8-7b304120a99f","local_time":"20190322064630","is_ascension_mode":false,"campfire_choices":[{"data":"Pommel Strike","floor":6,"key":"SMITH"},{"data":"Shrug It Off","floor":8,"key":"SMITH"},{"floor":15,"key":"REST"},{"data":"Shrug It Off","floor":23,"key":"SMITH"}],"neow_cost":"NONE","seed_source_timestamp":53981442071697,"circlet_count":0,"master_deck":["Strike_R","Strike_R","Strike_R","Strike_R+1","Strike_R","Defend_R","Defend_R+1","Defend_R","Defend_R","Bash","Feel No Pain","Shrug It Off+1","Pommel Strike+1","Spot Weakness","Heavy Blade","Iron Wave","Rage","Shrug It Off+1","Reaper","Heavy Blade","Pommel Strike+1","Swift Strike","Metallicize+1","Flex","Flex","Bloodletting"],"relics":["Burning Blood","Oddly Smooth Stone","Letter Opener","Bag of Marbles","Boot","Runic Pyramid","Bottled Tornado"],"potions_floor_usage":[7,11,16],"damage_taken":[{"damage":5,"enemies":"Jaw Worm","floor":1,"turns":5},{"damage":37,"enemies":"Gremlin Nob","floor":7,"turns":6},{"damage":31,"enemies":"Lagavulin","floor":11,"turns":8},{"damage":1,"enemies":"Small Slimes","floor":12,"turns":3},{"damage":0,"enemies":"2 Louse","floor":13,"turns":2},{"damage":4,"enemies":"Looter","floor":14,"turns":3},{"damage":35,"enemies":"The Guardian","floor":16,"turns":15},{"damage":30,"enemies":"Spheric Guardian","floor":18,"turns":6},{"damage":13,"enemies":"Shell Parasite","floor":19,"turns":7},{"damage":40,"enemies":"Slavers","floor":24,"turns":7},{"damage":33,"enemies":"Centurion and Healer","floor":25,"turns":5}],"seed_played":"-4007622898644515746","potions_obtained":[{"floor":1,"key":"EssenceOfSteel"},{"floor":7,"key":"SteroidPotion"},{"floor":13,"key":"Explosive Potion"}],"is_trial":false,"path_per_floor":["M","?","$","?","$","R","E","R","T","?","E","M","M","M","R","B",null,"M","M","$","?","$","R","E","M"],"character_chosen":"IRONCLAD","items_purchased":["Shrug It Off","Pommel Strike","Swift Strike","Metallicize","Flex","Flex"],"campfire_rested":1,"item_purchase_floors":[3,5,20,20,20,22],"current_hp_per_floor":[80,64,64,64,64,64,33,33,33,33,8,13,19,21,45,16,80,56,49,49,49,49,49,31,0],"gold":51,"neow_bonus":"RANDOM_COMMON_RELIC","is_prod":false,"is_daily":false,"chose_seed":false,"campfire_upgraded":3,"win_rate":0.0,"timestamp":1553201190,"path_taken":["M","?","$","?","$","R","E","R","T","?","E","M","M","M","R","BOSS","M","M","$","?","$","R","E","?"],"build_version":"2019-01-23","purchased_purges":0,"victory":false,"max_hp_per_floor":[80,80,80,80,80,80,80,80,80,80,80,80,80,80,80,80,80,80,80,80,80,80,80,80,80],"card_choices":[{"not_picked":["Shockwave","Clash"],"picked":"Feel No Pain","floor":1},{"not_picked":["Thunderclap","Sword Boomerang"],"picked":"Spot Weakness","floor":7},{"not_picked":["Battle Trance","Seeing Red"],"picked":"Heavy Blade","floor":11},{"not_picked":["Entrench","Flex"],"picked":"Iron Wave","floor":12},{"not_picked":["Iron Wave","Headbutt"],"picked":"Rage","floor":13},{"not_picked":["Heavy Blade","True Grit"],"picked":"Shrug It Off","floor":14},{"not_picked":["Limit Break","Fiend Fire"],"picked":"Reaper","floor":16},{"not_picked":["True Grit+1","Sword Boomerang"],"picked":"Heavy Blade","floor":18},{"not_picked":["Clash","Warcry"],"picked":"Pommel Strike+1","floor":19},{"not_picked":["Body Slam+1","Limit Break"],"picked":"Bloodletting","floor":24}],"player_experience":13512,"relics_obtained":[{"floor":7,"key":"Letter Opener"},{"floor":9,"key":"Bag of Marbles"},{"floor":11,"key":"Boot"},{"floor":24,"key":"Bottled Tornado"}],"event_choices":[{"damage_healed":0,"gold_gain":0,"player_choice":"Entered Light","damage_taken":16,"max_hp_gain":0,"max_hp_loss":0,"event_name":"Shining Light","floor":2,"gold_loss":0,"cards_upgraded":["Strike_R","Defend_R"]},{"damage_healed":0,"gold_gain":0,"player_choice":"Leave","damage_taken":0,"max_hp_gain":0,"max_hp_loss":0,"event_name":"The Cleric","floor":4,"gold_loss":0},{"damage_healed":0,"gold_gain":56,"player_choice":"Gained Gold","damage_taken":0,"max_hp_gain":0,"max_hp_loss":0,"event_name":"Golden Wing","floor":10,"gold_loss":0},{"damage_healed":0,"gold_gain":0,"player_choice":"Upgrade","damage_taken":0,"max_hp_gain":0,"max_hp_loss":0,"event_name":"Designer","floor":21,"gold_loss":40,"cards_upgraded":["Metallicize"]}],"is_beta":false,"boss_relics":[{"not_picked":["Black Blood","Velvet Choker"],"picked":"Runic Pyramid"}],"items_purged_floors":[],"is_endless":false,"potions_floor_spawned":[1,7,13],"killed_by":"Centurion and Healer","ascension_level":0}