{"gold_per_floor":[119,138,138,41,41,41,41,41,65,94,110,144,27,41,41,137,137,150,150,166,166,180,180,206,218,230,254,279,291],"floor_reached":29,"playtime":1648,"items_purged":[],"score":334,"play_id":"98c181f2-995f-4b72-852d-89184c59afc4","local_time":"20190429074240","is_ascension_mode":true,"campfire_choices":[{"data":"Warcry","floor":6,"key":"SMITH"},{"data":"Bash","floor":8,"key":"SMITH"},{"floor":15,"key":"REST"},{"floor":23,"key":"REST"},{"floor":25,"key":"REST"}],"neow_cost":"NONE","seed_source_timestamp":11610303599903,"circlet_count":0,"master_deck":["Strike_R","Strike_R","Defend_R","Defend_R","Defend_R","Defend_R","Bash+1","Cleave","Battle Trance","Feel No Pain","Warcry+1","Power Through+1","Power Through+1","Inflame","True Grit+1","Headbutt","Warcry+1","Rampage","Double Tap+1","Body Slam+1","Cleave+1","Armaments+1","Spot Weakness+1","Havoc+1","Exhume+1","Sentinel+1","Shrug It Off+1"],"relics":["Burning Blood","NeowsBlessing","Toxic Egg 2","Centennial Puzzle","Kunai","Bottled Tornado","Astrolabe","MawBank","Magic Flower"],"potions_floor_usage":[12,12,12,24,27],"damage_taken":[{"damage":0,"enemies":"Jaw Worm","floor":1,"turns":1},{"damage":0,"enemies":"Small Slimes","floor":2,"turns":1},{"damage":0,"enemies":"Gremlin Nob","floor":10,"turns":1},{"damage":6,"enemies":"Cultist","floor":11,"turns":3},{"damage":46,"enemies":"3 Sentries","floor":12,"turns":16},{"damage":0,"enemies":"Large Slime","floor":14,"turns":5},{"damage":65,"enemies":"Slime Boss","floor":16,"turns":17},{"damage":12,"enemies":"Spheric Guardian","floor":18,"turns":4},{"damage":26,"enemies":"2 Thieves","floor":20,"turns":4},{"damage":29,"enemies":"Centurion and Healer","floor":22,"turns":7},{"damage":53,"enemies":"Book of Stabbing","floor":24,"turns":7},{"damage":19,"enemies":"Chosen and Byrds","floor":27,"turns":6},{"damage":10,"enemies":"Snake Plant","floor":28,"turns":4},{"damage":24,"enemies":"Snecko","floor":29,"turns":6}],"seed_played":"-5052584752069827769","potions_obtained":[{"floor":1,"key":"SkillPotion"},{"floor":2,"key":"Poison Potion"},{"floor":11,"key":"SkillPotion"},{"floor":20,"key":"Poison Potion"},{"floor":22,"key":"Strength Potion"},{"floor":24,"key":"PowerPotion"}],"is_trial":false,"path_per_floor":["M","M","?","$","?","R","?","R","T","E","M","E","$","M","R","B",null,"M","?","M","?","M","R","E","R","T","M","M","M"],"character_chosen":"IRONCLAD","items_purchased":["Feel No Pain","Warcry","True Grit+1","Headbutt","Warcry+1"],"campfire_rested":3,"item_purchase_floors":[4,4,13,13,13],"current_hp_per_floor":[80,80,73,73,73,73,73,73,73,79,79,39,39,45,69,10,80,74,74,54,54,31,55,8,32,32,22,21,0],"gold":291,"neow_bonus":"THREE_ENEMY_KILL","is_prod":false,"is_daily":false,"chose_seed":false,"campfire_upgraded":2,"win_rate":0,"timestamp":1556487760,"path_taken":["M","M","?","$","?","R","?","R","T","E","M","E","?","M","R","BOSS","M","?","M","?","?","R","E","R","T","M","M","M"],"build_version":"2019-01-23","purchased_purges":0,"victory":false,"max_hp_per_floor":[80,80,80,80,80,80,80,80,80,80,80,80,80,80,80,80,80,80,80,80,80,80,80,80,80,80,80,80,80],"card_choices":[{"not_picked":["Pummel","Iron Wave"],"picked":"Cleave","floor":1},{"not_picked":["Pummel","Clothesline"],"picked":"Battle Trance","floor":2},{"not_picked":["Headbutt","Uppercut"],"picked":"Power Through+1","floor":10},{"not_picked":["Pummel","Perfected Strike"],"picked":"Power Through+1","floor":11},{"not_picked":["Pommel Strike","Feed"],"picked":"Inflame","floor":12},{"not_picked":["Heavy Blade","Power Through+1"],"picked":"Rampage","floor":14},{"not_picked":["Demon Form","Juggernaut"],"picked":"Double Tap+1","floor":16},{"not_picked":["True Grit+1","Carnage+1"],"picked":"Armaments+1","floor":18},{"not_picked":["Heavy Blade","Cleave","Pommel Strike"],"picked":"SKIP","floor":20},{"not_picked":["Iron Wave+1","Heavy Blade"],"picked":"Havoc+1","floor":22},{"not_picked":["Fire Breathing","Wild Strike+1"],"picked":"Exhume+1","floor":24},{"not_picked":["Twin Strike","Infernal Blade+1"],"picked":"Sentinel+1","floor":27},{"not_picked":["Heavy Blade","Rupture"],"picked":"Shrug It Off+1","floor":28}],"player_experience":497290,"relics_obtained":[{"floor":9,"key":"Centennial Puzzle"},{"floor":10,"key":"Kunai"},{"floor":12,"key":"Bottled Tornado"},{"floor":24,"key":"MawBank"},{"floor":26,"key":"Magic Flower"}],"event_choices":[{"cards_removed":["Strike_R"],"damage_healed":0,"gold_gain":0,"player_choice":"Card Removal","damage_taken":7,"max_hp_gain":0,"max_hp_loss":0,"event_name":"Golden Wing","floor":3,"gold_loss":0},{"damage_healed":0,"gold_gain":0,"player_choice":"Box","damage_taken":0,"relics_obtained":["Toxic Egg 2"],"max_hp_gain":0,"max_hp_loss":0,"event_name":"Big Fish","floor":5,"gold_loss":0,"cards_obtained":["Regret"]},{"damage_healed":0,"gold_gain":0,"player_choice":"Leave","damage_taken":0,"max_hp_gain":0,"max_hp_loss":0,"event_name":"The Cleric","floor":7,"gold_loss":0},{"damage_healed":0,"gold_gain":0,"player_choice":"Read","damage_taken":0,"max_hp_gain":0,"max_hp_loss":0,"event_name":"The Library","floor":19,"gold_loss":0,"cards_obtained":["Spot Weakness"]},{"cards_removed":["Shame"],"damage_healed":0,"gold_gain":0,"player_choice":"Purged","damage_taken":0,"max_hp_gain":0,"max_hp_loss":0,"event_name":"Purifier","floor":21,"gold_loss":0}],"is_beta":false,"boss_relics":[{"not_picked":["Runic Cube","Black Star"],"picked":"Astrolabe"}],"items_purged_floors":[],"is_endless":false,"potions_floor_spawned":[1,2,11,20,22,24],"killed_by":"Snecko","ascension_level":4}