{"gold_per_floor":[114,114,128,139,92,121,121,154,224,224,236,5,19,19,19,115,115,135,4,24,24,37,362,13,48,48,48],"floor_reached":27,"playtime":1506,"items_purged":["Strike_G","Strike_G"],"score":274,"play_id":"02f24eff-c94d-40cd-bdb1-9177f8a7996d","local_time":"20190421160643","is_ascension_mode":true,"campfire_choices":[{"floor":7,"key":"REST"},{"floor":10,"key":"REST"},{"floor":15,"key":"REST"}],"neow_cost":"NONE","seed_source_timestamp":1957303787293,"circlet_count":0,"master_deck":["Defend_G","Defend_G","Defend_G","Defend_G","Defend_G","Strike_G","Strike_G","Strike_G","Survivor","Neutralize","Cloak And Dagger","Backflip","Dagger Spray","Setup","Deadly Poison","Deflect","Infinite Blades","Corpse Explosion","Tactician","Poisoned Stab","Well Laid Plans","Prepared","Prepared+1","Envenom","Deadly Poison","Dodge and Roll","Dagger Spray+1","Writhe"],"relics":["Ring of the Snake","NeowsBlessing","Tough Bandages","Vajra","Ninja Scroll","Oddly Smooth Stone","Cursed Key","Old Coin","Blood Vial","Gremlin Horn","Meat on the Bone"],"potions_floor_usage":[8,13,16,16,16,22,22,22,23,23],"damage_taken":[{"damage":0,"enemies":"Small Slimes","floor":1,"turns":1},{"damage":0,"enemies":"Cultist","floor":3,"turns":1},{"damage":0,"enemies":"Jaw Worm","floor":4,"turns":1},{"damage":60,"enemies":"Lagavulin","floor":6,"turns":10},{"damage":67,"enemies":"Gremlin Nob","floor":8,"turns":6},{"damage":0,"enemies":"Exordium Thugs","floor":11,"turns":4},{"damage":0,"enemies":"Lots of Slimes","floor":13,"turns":1},{"damage":14,"enemies":"Slime Boss","floor":16,"turns":10},{"damage":3,"enemies":"Chosen","floor":18,"turns":5},{"damage":1,"enemies":"Shell Parasite","floor":20,"turns":5},{"damage":0,"enemies":"Centurion and Healer","floor":22,"turns":4},{"damage":7,"enemies":"Book of Stabbing","floor":23,"turns":5},{"damage":38,"enemies":"Gremlin Leader","floor":25,"turns":8},{"damage":34,"enemies":"Chosen and Byrds","floor":27,"turns":5}],"seed_played":"160417555287672955","potions_obtained":[{"floor":2,"key":"SpeedPotion"},{"floor":2,"key":"FairyPotion"},{"floor":2,"key":"FairyPotion"},{"floor":3,"key":"EntropicBrew"},{"floor":6,"key":"PowerPotion"},{"floor":8,"key":"SmokeBomb"},{"floor":11,"key":"Energy Potion"},{"floor":22,"key":"LiquidBronze"},{"floor":23,"key":"Energy Potion"}],"is_trial":false,"path_per_floor":["M","?","M","M","?","E","R","E","T","R","M","$","M","$","R","B",null,"M","$","M","?","M","E","$","E","T","M"],"character_chosen":"THE_SILENT","items_purchased":["Oddly Smooth Stone","Poisoned Stab","Well Laid Plans","Blood Vial","Deadly Poison","Dodge and Roll"],"campfire_rested":3,"item_purchase_floors":[12,19,19,24,24,24],"current_hp_per_floor":[70,70,70,70,70,10,31,7,7,28,28,28,28,28,49,35,70,67,67,66,66,66,59,59,23,23,0],"gold":48,"neow_bonus":"THREE_ENEMY_KILL","is_prod":false,"is_daily":false,"chose_seed":false,"campfire_upgraded":0,"win_rate":0,"timestamp":1555826803,"path_taken":["M","?","?","M","?","E","R","E","T","R","M","?","M","$","R","BOSS","M","?","M","?","?","E","$","E","T","M"],"build_version":"2019-01-23","purchased_purges":2,"victory":false,"max_hp_per_floor":[70,70,70,70,70,70,70,70,70,70,70,70,70,70,70,70,70,70,70,70,70,70,70,70,70,70,70],"card_choices":[{"not_picked":["Sucker Punch","Skewer"],"picked":"Cloak And Dagger","floor":1},{"not_picked":["PiercingWail","Eviscerate"],"picked":"Backflip","floor":3},{"not_picked":["Dagger Throw","Footwork"],"picked":"Dagger Spray","floor":4},{"not_picked":["Eviscerate","Slice"],"picked":"Setup","floor":6},{"not_picked":["Choke","Underhanded Strike"],"picked":"Deadly Poison","floor":8},{"not_picked":["Prepared","All Out Attack"],"picked":"Deflect","floor":11},{"not_picked":["Setup","Reflex"],"picked":"Infinite Blades","floor":13},{"not_picked":["Wraith Form v2","Glass Knife"],"picked":"Corpse Explosion","floor":16},{"not_picked":["Eviscerate+1","Deadly Poison"],"picked":"Tactician","floor":18},{"not_picked":["Slice","PiercingWail"],"picked":"Prepared","floor":20},{"not_picked":["Masterful Stab","Slice"],"picked":"Prepared+1","floor":22},{"not_picked":["Terror","Sucker Punch"],"picked":"Envenom","floor":23},{"not_picked":["Masterful Stab","Outmaneuver"],"picked":"Dagger Spray+1","floor":25}],"player_experience":380752,"relics_obtained":[{"floor":6,"key":"Tough Bandages"},{"floor":8,"key":"Vajra"},{"floor":9,"key":"Ninja Scroll"},{"floor":23,"key":"Old Coin"},{"floor":25,"key":"Gremlin Horn"},{"floor":26,"key":"Meat on the Bone"}],"event_choices":[{"damage_healed":0,"gold_gain":0,"player_choice":"Got Potions","damage_taken":0,"max_hp_gain":0,"max_hp_loss":0,"event_name":"Lab","floor":2,"gold_loss":0},{"damage_healed":0,"gold_gain":0,"player_choice":"Left Gold","damage_taken":0,"max_hp_gain":0,"max_hp_loss":0,"event_name":"World of Goop","floor":5,"gold_loss":47},{"damage_healed":0,"gold_gain":0,"player_choice":"Ignored","damage_taken":0,"max_hp_gain":0,"max_hp_loss":0,"event_name":"N\u0027loth","floor":21,"gold_loss":0}],"is_beta":false,"boss_relics":[{"not_picked":["Eternal Feather","Ectoplasm"],"picked":"Cursed Key"}],"items_purged_floors":[12,24],"is_endless":false,"potions_floor_spawned":[3,4,6,8,11,22,23],"killed_by":"Chosen and Byrds","ascension_level":1}