{"gold_per_floor":[116,131,96,116,133,167,167,197,197,211,211,225,225,168,168,268,268,278,288,288,2,16,16,48,67,91,118,118,129,129,144,144,249,249,268,16,32,45,64,64,64],"floor_reached":41,"playtime":1505,"items_purged":["Strike_B"],"score":671,"play_id":"0e695b00-5276-408d-9295-61036e7898e6","local_time":"20190609135421","is_ascension_mode":true,"campfire_choices":[{"data":"Defragment","floor":7.0,"key":"SMITH"},{"floor":11.0,"key":"REST"},{"floor":13.0,"key":"REST"},{"data":"Electrodynamics","floor":15.0,"key":"SMITH"},{"data":"Buffer","floor":23.0,"key":"SMITH"},{"floor":30.0,"key":"REST"},{"data":"Thunder Strike","floor":32.0,"key":"SMITH"},{"data":"Dualcast","floor":40.0,"key":"SMITH"}],"neow_cost":"PERCENT_DAMAGE","seed_source_timestamp":0,"circlet_count":0,"master_deck":["AscendersBane","Strike_B","Strike_B","Strike_B","Defend_B","Defend_B","Defend_B","Defend_B","Zap","Dualcast+1","Electrodynamics+1","Defragment+1","Ball Lightning","Self Repair","Conserve Battery+1","Self Repair","Thunder Strike+1","Redo+1","Static Discharge","Buffer+1","Cold Snap","Redo+1","Cold Snap+1","Sweeping Beam+1","Hologram+1","Steam Power+1","Turbo+1","Chill+1","All For One","Conserve Battery+1","Chill+1","Hologram+1","Stack+1"],"special_seed":0,"relics":["Cracked Core","Toxic Egg 2","Bottled Tornado","Dodecahedron","Art of War","Sozu","Ancient Tea Set","Anchor","Ornamental Fan","Nuclear Battery","Kunai"],"potions_floor_usage":[41,41],"damage_taken":[{"damage":2.0,"enemies":"Jaw Worm","floor":1.0,"turns":3.0},{"damage":0.0,"enemies":"2 Louse","floor":2.0,"turns":2.0},{"damage":1.0,"enemies":"Cultist","floor":4.0,"turns":3.0},{"damage":3.0,"enemies":"Blue Slaver","floor":5.0,"turns":2.0},{"damage":20.0,"enemies":"Lagavulin","floor":6.0,"turns":5.0},{"damage":33.0,"enemies":"Gremlin Nob","floor":8.0,"turns":4.0},{"damage":12.0,"enemies":"Exordium Thugs","floor":10.0,"turns":3.0},{"damage":0.0,"enemies":"2 Fungi Beasts","floor":12.0,"turns":2.0},{"damage":2.0,"enemies":"Slime Boss","floor":16.0,"turns":7.0},{"damage":11.0,"enemies":"Spheric Guardian","floor":18.0,"turns":3.0},{"damage":16.0,"enemies":"Shell Parasite","floor":19.0,"turns":3.0},{"damage":7.0,"enemies":"Sentry and Sphere","floor":22.0,"turns":3.0},{"damage":9.0,"enemies":"Gremlin Leader","floor":24.0,"turns":4.0},{"damage":12.0,"enemies":"Chosen and Byrds","floor":25.0,"turns":3.0},{"damage":39.0,"enemies":"Slavers","floor":27.0,"turns":4.0},{"damage":14.0,"enemies":"Snake Plant","floor":29.0,"turns":3.0},{"damage":1.0,"enemies":"3 Cultists","floor":31.0,"turns":3.0},{"damage":62.0,"enemies":"Automaton","floor":33.0,"turns":12.0},{"damage":0.0,"enemies":"3 Darklings","floor":35.0,"turns":3.0},{"damage":0.0,"enemies":"3 Shapes","floor":37.0,"turns":2.0},{"damage":0.0,"enemies":"Maw","floor":38.0,"turns":7.0},{"damage":25.0,"enemies":"Jaw Worm Horde","floor":39.0,"turns":3.0},{"damage":92,"enemies":"Giant Head","floor":41,"turns":8}],"seed_played":"-2561033793143871272","potions_obtained":[{"floor":1.0,"key":"PowerPotion"},{"floor":8.0,"key":"FearPotion"},{"floor":10.0,"key":"SpeedPotion"},{"floor":12.0,"key":"Block Potion"},{"floor":16.0,"key":"SpeedPotion"}],"is_trial":false,"path_per_floor":["M","M","?","M","M","E","R","E","T","M","R","M","R","?","R","B",null,"M","M","?","$","M","R","E","M","T","E","?","M","R","M","R","B",null,"M","$","M","M","M","R","E"],"character_chosen":"DEFECT","items_purchased":["Buffer","Cold Snap","Redo+1","Kunai"],"campfire_rested":3,"item_purchase_floors":[21,21,21,36],"current_hp_per_floor":[48,48,66,65,62,42,42,16,16,11,33,33,55,55,55,67,73,69,60,60,60,67,67,72,67,67,28,33,33,55,68,68,20,61,68,68,68,75,50,50,0],"gold":64,"neow_bonus":"THREE_RARE_CARDS","is_prod":false,"is_daily":false,"chose_seed":false,"campfire_upgraded":5,"win_rate":0,"timestamp":1560052461,"path_taken":["M","M","?","M","M","E","R","E","T","M","R","M","R","?","R","BOSS","M","M","?","$","M","R","E","M","T","E","?","M","R","M","R","BOSS","M","$","M","M","M","R","E"],"build_version":"2019-01-23","purchased_purges":1,"victory":false,"max_hp_per_floor":[75,75,75,75,75,75,75,75,75,75,75,75,75,75,75,75,75,75,75,75,75,75,75,75,75,75,75,75,75,75,75,75,75,75,75,75,75,75,75,75,75],"card_choices":[{"not_picked":["Seek","Buffer"],"picked":"Electrodynamics","floor":0.0},{"not_picked":["Chaos","Cold Snap"],"picked":"Defragment","floor":1.0},{"not_picked":["Turbo","FTL"],"picked":"Ball Lightning","floor":2.0},{"not_picked":["Scrape","Reinforced Body"],"picked":"Compile Driver","floor":4.0},{"not_picked":["Hello World","Aggregate","Scrape"],"picked":"SKIP","floor":5.0},{"not_picked":["Stack","Reinforced Body"],"picked":"Self Repair","floor":6.0},{"not_picked":["Gash","Electrodynamics"],"picked":"Conserve Battery+1","floor":8.0},{"not_picked":["Storm","Rebound","Heatsinks"],"picked":"SKIP","floor":10.0},{"not_picked":["Coolheaded+1","Sweeping Beam"],"picked":"Self Repair","floor":12.0},{"not_picked":["Reboot+1","Fission+1"],"picked":"Thunder Strike","floor":16.0},{"not_picked":["Barrage+1","Static Discharge"],"picked":"Redo+1","floor":18.0},{"not_picked":["Lockon","Compile Driver+1"],"picked":"Static Discharge","floor":19.0},{"not_picked":["Hello World","BootSequence+1"],"picked":"Cold Snap+1","floor":22.0},{"not_picked":["Cold Snap","Heatsinks"],"picked":"Sweeping Beam+1","floor":24.0},{"not_picked":["Capacitor","Fusion+1"],"picked":"Hologram+1","floor":25.0},{"not_picked":["Hologram+1","Redo+1"],"picked":"Steam Power+1","floor":27.0},{"not_picked":["Barrage","All For One"],"picked":"Turbo+1","floor":29.0},{"not_picked":["Streamline","Coolheaded+1"],"picked":"Chill+1","floor":31.0},{"not_picked":["Meteor Strike","Biased Cognition"],"picked":"All For One","floor":33.0},{"not_picked":["Beam Cell","Compile Driver"],"picked":"Conserve Battery+1","floor":35.0},{"not_picked":["Rip and Tear","Gash+1"],"picked":"Chill+1","floor":37.0},{"not_picked":["Gash","Rebound+1"],"picked":"Hologram+1","floor":38.0},{"not_picked":["Coolheaded+1","Leap+1"],"picked":"Stack+1","floor":39.0}],"player_experience":843656,"relics_obtained":[{"floor":6.0,"key":"Toxic Egg 2"},{"floor":8.0,"key":"Bottled Tornado"},{"floor":9.0,"key":"Dodecahedron"},{"floor":24.0,"key":"Ancient Tea Set"},{"floor":26.0,"key":"Anchor"},{"floor":27.0,"key":"Ornamental Fan"}],"event_choices":[{"damage_healed":18.0,"max_hp_gain":0.0,"max_hp_loss":0.0,"gold_gain":0.0,"event_name":"The Cleric","player_choice":"Healed","floor":3.0,"gold_loss":35.0,"damage_taken":0.0},{"damage_healed":0.0,"max_hp_gain":0.0,"max_hp_loss":0.0,"gold_gain":0.0,"event_name":"WeMeetAgain","player_choice":"Paid Gold","floor":14.0,"gold_loss":57.0,"damage_taken":0.0,"relics_obtained":["Art of War"]},{"damage_healed":0.0,"max_hp_gain":0.0,"max_hp_loss":0.0,"gold_gain":0.0,"event_name":"Vampires","player_choice":"Ignored","floor":20.0,"gold_loss":0.0,"damage_taken":0.0},{"cards_removed":["Compile Driver"],"damage_healed":5.0,"max_hp_gain":0.0,"max_hp_loss":0.0,"gold_gain":0.0,"event_name":"Bonfire Elementals","player_choice":"Offered Common","floor":28.0,"gold_loss":0.0,"damage_taken":0.0},{"cards_removed":["Compile Driver"],"damage_healed":5.0,"max_hp_gain":0.0,"max_hp_loss":0.0,"gold_gain":0.0,"event_name":"Bonfire Elementals","player_choice":"Offered Special","floor":28.0,"gold_loss":0.0,"damage_taken":0.0}],"is_beta":false,"boss_relics":[{"not_picked":["Calling Bell","Velvet Choker"],"picked":"Sozu"},{"not_picked":["White Beast Statue","Empty Cage"],"picked":"Nuclear Battery"}],"items_purged_floors":[21],"is_endless":false,"potions_floor_spawned":[1,8,10,12,16,19,22,24,27,31,35,37,38],"killed_by":"Giant Head","ascension_level":10}