{"gold_per_floor":[318,5,18,193,206,206,222,241,241,254,254,16,28,28,28,130,130,148,130,141,37,49,49,49,84,84,54,54,65,65,164,164,263,263,273,286,286,286,286],"floor_reached":39,"playtime":6242,"items_purged":[],"score":443,"play_id":"909d72e9-6ec2-4bcd-b5c1-7a033fe1cc42","local_time":"20190630163158","is_ascension_mode":false,"campfire_choices":[{"data":"Burning Pact","floor":6.0,"key":"SMITH"},{"floor":11.0,"key":"REST"},{"data":"Armaments","floor":15.0,"key":"SMITH"},{"floor":23,"key":"REST"},{"floor":28,"key":"REST"},{"floor":30,"key":"REST"},{"data":"Seeing Red","floor":32,"key":"SMITH"}],"neow_cost":"NO_GOLD","seed_source_timestamp":0,"circlet_count":0,"master_deck":["Strike_R","Strike_R","Strike_R","Strike_R","Defend_R","Defend_R","Defend_R","Defend_R","Bash","Dark Shackles","Shrug It Off","Heavy Blade","Entrench","Burning Pact+1","Uppercut","Searing Blow","Armaments+1","Inflame","Sword Boomerang","Combust","Demon Form","Thunderclap","Shrug It Off+1","Shrug It Off","Pommel Strike","Burning Pact","Clothesline","Writhe","Anger","Disarm","Writhe","Seeing Red+1","Exhume","Clash","Flame Barrier+1","Master of Strategy"],"special_seed":0,"relics":["Burning Blood","Old Coin","Centennial Puzzle","Meat on the Bone","Oddly Smooth Stone","Cursed Key","Paper Frog","Pen Nib","Mark of Pain"],"potions_floor_usage":[25,33,33,36,39],"damage_taken":[{"damage":5.0,"enemies":"Small Slimes","floor":1.0,"turns":3.0},{"damage":3.0,"enemies":"Jaw Worm","floor":3.0,"turns":4.0},{"damage":2.0,"enemies":"Cultist","floor":5.0,"turns":5.0},{"damage":27.0,"enemies":"3 Louse","floor":7.0,"turns":6.0},{"damage":17.0,"enemies":"Large Slime","floor":8.0,"turns":7.0},{"damage":19.0,"enemies":"Lots of Slimes","floor":10.0,"turns":7.0},{"damage":0.0,"enemies":"Looter","floor":13.0,"turns":4.0},{"damage":57.0,"enemies":"The Guardian","floor":16.0,"turns":14.0},{"damage":24.0,"enemies":"Spheric Guardian","floor":18.0,"turns":7.0},{"damage":7.0,"enemies":"2 Thieves","floor":19.0,"turns":4.0},{"damage":14.0,"enemies":"Snake Plant","floor":20.0,"turns":5.0},{"damage":11.0,"enemies":"Centurion and Healer","floor":22.0,"turns":11.0},{"damage":30,"enemies":"Book of Stabbing","floor":25,"turns":6},{"damage":14,"enemies":"Snecko","floor":29,"turns":5},{"damage":65,"enemies":"Collector","floor":33,"turns":8},{"damage":64,"enemies":"3 Shapes","floor":35,"turns":5},{"damage":30,"enemies":"3 Darklings","floor":36,"turns":7},{"damage":22,"enemies":"4 Shapes","floor":39,"turns":5}],"seed_played":"-6196791225062933862","potions_obtained":[{"floor":3.0,"key":"PowerPotion"},{"floor":8.0,"key":"Swift Potion"},{"floor":10.0,"key":"Strength Potion"},{"floor":16.0,"key":"Block Potion"},{"floor":19.0,"key":"FearPotion"},{"floor":27,"key":"SpeedPotion"},{"floor":27,"key":"Regen Potion"},{"floor":33,"key":"Ancient Potion"}],"is_trial":false,"path_per_floor":["M","$","M","?","M","R","M","M","T","M","R","$","M","?","R","B",null,"M","M","M","$","M","R","?","E","T","?","R","M","R","?","R","B",null,"M","M","?","?","M"],"character_chosen":"IRONCLAD","items_purchased":["Dark Shackles","Shrug It Off","Centennial Puzzle","Heavy Blade","Inflame","Oddly Smooth Stone","Sword Boomerang","Pommel Strike","Burning Pact"],"campfire_rested":4,"item_purchase_floors":[2,2,2,2,12,12,12,21,21],"current_hp_per_floor":[80,80,80,80,80,80,59,48,48,47,71,71,77,77,77,38,80,62,61,53,53,48,72,72,48,48,48,72,64,80,80,80,48,80,34,22,22,22,0],"gold":286,"neow_bonus":"ONE_RARE_RELIC","is_prod":false,"is_daily":false,"chose_seed":false,"campfire_upgraded":3,"win_rate":0.0,"timestamp":1561901518,"path_taken":["M","$","M","?","M","R","M","M","T","M","R","$","M","?","R","BOSS","M","M","M","?","M","R","?","E","T","?","R","?","R","?","R","BOSS","M","M","?","?","M"],"build_version":"2019-01-23","purchased_purges":0,"victory":false,"max_hp_per_floor":[80,80,80,80,80,80,80,80,80,80,80,80,80,80,80,80,80,80,80,80,80,80,80,80,80,80,80,80,80,80,80,80,80,80,80,80,80,80,80],"card_choices":[{"not_picked":["Warcry","Shrug It Off"],"picked":"Evolve","floor":1.0},{"not_picked":["Iron Wave","Clash"],"picked":"Entrench","floor":3.0},{"not_picked":["Shrug It Off","Evolve"],"picked":"Burning Pact","floor":5.0},{"not_picked":["Flex","Hemokinesis"],"picked":"Uppercut","floor":7.0},{"not_picked":["Body Slam","Perfected Strike"],"picked":"Searing Blow","floor":8.0},{"not_picked":["Sword Boomerang","Twin Strike"],"picked":"Armaments","floor":10.0},{"not_picked":["Thunderclap","Dropkick"],"picked":"Combust","floor":13.0},{"not_picked":["Double Tap","Limit Break"],"picked":"Demon Form","floor":16.0},{"not_picked":["Rupture+1","Clash+1"],"picked":"Thunderclap","floor":18.0},{"not_picked":["Wild Strike","Rage"],"picked":"Shrug It Off+1","floor":19.0},{"not_picked":["Body Slam+1","Searing Blow+1"],"picked":"Shrug It Off","floor":20.0},{"not_picked":["Flex","Heavy Blade+1"],"picked":"Clothesline","floor":22.0},{"not_picked":["Flame Barrier","Havoc+1"],"picked":"Disarm","floor":25},{"not_picked":["Metallicize","Warcry"],"picked":"Seeing Red","floor":29},{"not_picked":["Demon Form","Brutality"],"picked":"Exhume","floor":33},{"not_picked":["Clothesline+1","Warcry"],"picked":"Clash","floor":35},{"not_picked":["Sever Soul","Armaments+1"],"picked":"Flame Barrier+1","floor":36},{"not_picked":["Enlightenment","Good Instincts"],"picked":"Master of Strategy","floor":38}],"player_experience":37286,"relics_obtained":[{"floor":9.0,"key":"Meat on the Bone"},{"floor":25,"key":"Paper Frog"},{"floor":26,"key":"Pen Nib"}],"event_choices":[{"damage_healed":0.0,"max_hp_gain":0.0,"max_hp_loss":0.0,"gold_gain":175.0,"event_name":"Liars Game","player_choice":"AGREE","floor":4.0,"gold_loss":0.0,"damage_taken":0.0,"cards_obtained":["Doubt"]},{"cards_removed":["Strike_R"],"damage_healed":0.0,"max_hp_gain":0.0,"max_hp_loss":0.0,"gold_gain":0.0,"event_name":"Bonfire Elementals","player_choice":"Offered Basic","floor":14.0,"gold_loss":0.0,"damage_taken":0.0},{"damage_healed":0,"gold_gain":0,"cards_transformed":["Doubt","Evolve"],"player_choice":"Became Test Subject","damage_taken":0,"max_hp_gain":0,"max_hp_loss":0,"event_name":"Drug Dealer","floor":24,"gold_loss":0,"cards_obtained":["Writhe","Anger"]},{"damage_healed":0,"gold_gain":0,"player_choice":"Bought 2 Potions","damage_taken":0,"max_hp_gain":0,"max_hp_loss":0,"event_name":"The Woman in Blue","floor":27,"gold_loss":0},{"damage_healed":0,"gold_gain":99,"player_choice":"Stole From Cult","damage_taken":0,"max_hp_gain":0,"max_hp_loss":0,"event_name":"Nest","floor":31,"gold_loss":0},{"damage_healed":0,"gold_gain":0,"player_choice":"Ignored","damage_taken":0,"max_hp_gain":0,"max_hp_loss":0,"event_name":"Mysterious Sphere","floor":37,"gold_loss":0},{"damage_healed":0,"gold_gain":0,"player_choice":"Memory 1","damage_taken":0,"max_hp_gain":0,"max_hp_loss":0,"event_name":"SensoryStone","floor":38,"gold_loss":0}],"is_beta":false,"boss_relics":[{"not_picked":["Tiny House","Black Star"],"picked":"Cursed Key"},{"not_picked":["Snecko Eye","Runic Cube"],"picked":"Mark of Pain"}],"items_purged_floors":[],"is_endless":false,"potions_floor_spawned":[3,8,10,16,19,29,33],"killed_by":"4 Shapes","ascension_level":0}