{"gold_per_floor":[359,359,371,371,34,60,60,89,113,140,140,166,182,215,215,292,292,304,317,337,337,33,61,61,95,95,120,120,134,161,211,211,284,284,304,404,404,384,403,429,429,0,23,55,73,102,102,129,129,129,129,129,129,48,83,83],"floor_reached":57,"playtime":3488,"items_purged":[],"score":3665,"play_id":"ea1cfaea-5288-4f64-abb0-637d1ceb3b53","local_time":"20190619100136","is_ascension_mode":true,"campfire_choices":[{"data":"Apotheosis","floor":7.0,"key":"SMITH"},{"data":"Metallicize","floor":15.0,"key":"SMITH"},{"floor":24.0,"key":"REST"},{"data":"Demon Form","floor":32.0,"key":"SMITH"},{"floor":41,"key":"RECALL"},{"data":"Mayhem","floor":47,"key":"SMITH"},{"data":"Fiend Fire","floor":49,"key":"SMITH"},{"floor":53,"key":"REST"}],"neow_cost":"CURSE","seed_source_timestamp":0,"circlet_count":0,"master_deck":["AscendersBane","Strike_R","Strike_R+1","Defend_R","Defend_R","Defend_R","Defend_R","Bash","Battle Trance","Apotheosis+1","Metallicize+1","Body Slam","Whirlwind","Offering+1","Disarm+1","Shrug It Off+1","Demon Form+1","Anger","Disarm+1","Entrench+1","Sentinel+1","Body Slam","Flash of Steel+1","Pommel Strike+1","Disarm+1","Impervious+1","Power Through+1","Burning Pact+1","Impervious+1","Feel No Pain+1","True Grit+1","Violence+1","Flash of Steel","Dark Shackles+1","Battle Trance+1","Entrench+1","Body Slam","Mayhem+1","Fiend Fire+1","Seeing Red+1","Metallicize","Shrug It Off+1"],"special_seed":0,"relics":["Burning Blood","Meat on the Bone","FossilizedHelix","Odd Mushroom","Bag of Marbles","Toxic Egg 2","Du-Vu Doll","Letter Opener","Nloth\u0027s Gift","Whetstone","Ice Cream","Centennial Puzzle","Enchiridion","Mummified Hand","Mark of Pain","Ginger","Ornamental Fan","PreservedInsect","Lantern","Juzu Bracelet","Singing Bowl","Smiling Mask","Vajra"],"potions_floor_usage":[56],"damage_taken":[{"damage":7.0,"enemies":"2 Louse","floor":1.0,"turns":3.0},{"damage":25.0,"enemies":"Small Slimes","floor":3.0,"turns":4.0},{"damage":16.0,"enemies":"Lagavulin","floor":6.0,"turns":7.0},{"damage":14.0,"enemies":"The Mushroom Lair","floor":8.0,"turns":5.0},{"damage":22.0,"enemies":"3 Sentries","floor":10.0,"turns":7.0},{"damage":16.0,"enemies":"Lagavulin","floor":12.0,"turns":7.0},{"damage":0.0,"enemies":"Jaw Worm","floor":13.0,"turns":2.0},{"damage":6.0,"enemies":"3 Sentries","floor":14.0,"turns":4.0},{"damage":0.0,"enemies":"Hexaghost","floor":16.0,"turns":8.0},{"damage":16.0,"enemies":"Spheric Guardian","floor":18.0,"turns":5.0},{"damage":15.0,"enemies":"3 Byrds","floor":19.0,"turns":9.0},{"damage":6.0,"enemies":"Snecko","floor":20.0,"turns":6.0},{"damage":23.0,"enemies":"Slavers","floor":23.0,"turns":6.0},{"damage":15.0,"enemies":"Book of Stabbing","floor":25.0,"turns":6.0},{"damage":26.0,"enemies":"Slavers","floor":27.0,"turns":4.0},{"damage":12.0,"enemies":"Sentry and Sphere","floor":29.0,"turns":5.0},{"damage":6.0,"enemies":"Book of Stabbing","floor":30.0,"turns":6.0},{"damage":0.0,"enemies":"Collector","floor":33.0,"turns":8.0},{"damage":3,"enemies":"3 Shapes","floor":35,"turns":2},{"damage":7,"enemies":"Mind Bloom Boss Battle","floor":36,"turns":7},{"damage":0,"enemies":"3 Darklings","floor":39,"turns":2},{"damage":0,"enemies":"Reptomancer","floor":40,"turns":6},{"damage":20,"enemies":"Giant Head","floor":44,"turns":6},{"damage":7,"enemies":"Spire Growth","floor":45,"turns":3},{"damage":0,"enemies":"Reptomancer","floor":46,"turns":1},{"damage":0,"enemies":"Giant Head","floor":48,"turns":1},{"damage":0,"enemies":"Donu and Deca","floor":50,"turns":6},{"damage":24,"enemies":"Time Eater","floor":51,"turns":8},{"damage":6,"enemies":"Shield and Spear","floor":55,"turns":5},{"damage":6,"enemies":"The Heart","floor":56,"turns":8}],"seed_played":"908556972218919","potions_obtained":[{"floor":1.0,"key":"Poison Potion"},{"floor":27.0,"key":"PowerPotion"},{"floor":30.0,"key":"Explosive Potion"},{"floor":38,"key":"EssenceOfSteel"}],"is_trial":false,"path_per_floor":["M","?","M","?","$","E","R","?","T","E","?","E","M","E","R","B",null,"M","M","M","?","$","E","R","E","T","E","?","M","E","?","R","B",null,"M","?","?","?","M","E","R","$","T","E","M","E","R","E","R","B","B",null,"R","$","E","B",null],"character_chosen":"IRONCLAD","items_purchased":["Apotheosis","Metallicize","Block Potion","Entrench+1","Sentinel+1","Body Slam","Flash of Steel","Body Slam","Mayhem","PreservedInsect","Metallicize"],"campfire_rested":2,"item_purchase_floors":[5,5,5,22,22,22,22,42,42,42,54],"current_hp_per_floor":[67,62,55,48,48,50,50,54,54,50,50,52,58,58,58,64,72,62,53,53,53,53,48,70,61,61,53,32,38,50,50,50,56,70,73,72,62,62,68,74,74,74,74,60,59,67,67,73,73,77,59,73,77,77,77,77],"gold":83,"neow_bonus":"TWO_FIFTY_GOLD","is_prod":false,"is_daily":false,"chose_seed":false,"campfire_upgraded":5,"win_rate":0,"timestamp":1560952896,"path_taken":["M","?","M","?","$","E","R","?","T","E","?","E","M","E","R","BOSS","M","M","M","?","?","E","R","E","T","E","?","M","E","?","R","BOSS","M","?","?","?","?","E","R","?","T","E","M","E","R","E","R","BOSS","BOSS","R","$","E","BOSS"],"build_version":"2019-06-18","purchased_purges":0,"victory":true,"max_hp_per_floor":[75,75,75,75,75,75,75,75,75,75,75,75,75,75,75,75,75,75,75,75,75,75,75,75,75,75,75,75,75,75,75,75,75,75,75,75,75,75,75,75,75,75,75,75,75,77,77,77,77,77,77,77,77,77,77,77],"card_choices":[{"not_picked":["Pommel Strike","Sword Boomerang"],"picked":"Battle Trance","floor":1.0},{"not_picked":["Evolve","Armaments","Perfected Strike"],"picked":"SKIP","floor":3.0},{"not_picked":["Clash","Whirlwind"],"picked":"Body Slam","floor":6.0},{"not_picked":["True Grit","Shockwave"],"picked":"Whirlwind","floor":8.0},{"not_picked":["Cleave","Clothesline"],"picked":"Offering","floor":10.0},{"not_picked":["Corruption","Iron Wave"],"picked":"Disarm+1","floor":12.0},{"not_picked":["Anger","Uppercut"],"picked":"Shrug It Off+1","floor":13.0},{"not_picked":["Hemokinesis","Wild Strike","Armaments+1"],"picked":"SKIP","floor":14.0},{"not_picked":["Berserk","Fiend Fire"],"picked":"Demon Form","floor":16.0},{"not_picked":["Perfected Strike","Blood for Blood"],"picked":"Anger","floor":18.0},{"not_picked":["Armaments+1","Flex+1","Clash"],"picked":"SKIP","floor":19.0},{"not_picked":["Clothesline","Sever Soul"],"picked":"Disarm+1","floor":20.0},{"not_picked":["Juggernaut","Fiend Fire"],"picked":"Pommel Strike+1","floor":23.0},{"not_picked":["Whirlwind","Immolate"],"picked":"Disarm+1","floor":25.0},{"not_picked":["Combust","Wild Strike"],"picked":"Impervious+1","floor":27.0},{"not_picked":["Clothesline","Anger+1"],"picked":"Power Through+1","floor":29.0},{"not_picked":["Immolate","Perfected Strike+1"],"picked":"Burning Pact+1","floor":30.0},{"not_picked":["Berserk","Offering+1"],"picked":"Impervious+1","floor":33.0},{"not_picked":["Headbutt","Hemokinesis"],"picked":"Feel No Pain+1","floor":35},{"not_picked":["Limit Break+1","Fire Breathing+1"],"picked":"True Grit+1","floor":36},{"not_picked":["Blind+1","Discovery+1"],"picked":"Violence+1","floor":37},{"not_picked":["Trip+1","Madness+1"],"picked":"Flash of Steel","floor":37},{"not_picked":["Madness+1","Secret Weapon+1"],"picked":"Dark Shackles+1","floor":37},{"not_picked":["Heavy Blade","Havoc+1"],"picked":"Battle Trance+1","floor":39},{"not_picked":["Twin Strike","Spot Weakness+1"],"picked":"Entrench+1","floor":40},{"not_picked":["Berserk","Demon Form"],"picked":"Fiend Fire","floor":44},{"not_picked":["Thunderclap","Iron Wave","Cleave+1"],"picked":"SKIP","floor":45},{"not_picked":["Hemokinesis","Warcry+1","Infernal Blade+1"],"picked":"Singing Bowl","floor":46},{"not_picked":["Havoc+1","Anger"],"picked":"Seeing Red+1","floor":48},{"not_picked":["Uppercut","Wild Strike"],"picked":"Shrug It Off+1","floor":55}],"player_experience":2982834,"relics_obtained":[{"floor":6.0,"key":"FossilizedHelix"},{"floor":8.0,"key":"Odd Mushroom"},{"floor":9.0,"key":"Bag of Marbles"},{"floor":10.0,"key":"Toxic Egg 2"},{"floor":12.0,"key":"Du-Vu Doll"},{"floor":14.0,"key":"Letter Opener"},{"floor":23.0,"key":"Whetstone"},{"floor":25.0,"key":"Ice Cream"},{"floor":27.0,"key":"Centennial Puzzle"},{"floor":28.0,"key":"Enchiridion"},{"floor":30.0,"key":"Mummified Hand"},{"floor":36,"key":"Ginger"},{"floor":40,"key":"Ornamental Fan"},{"floor":43,"key":"Lantern"},{"floor":44,"key":"Juzu Bracelet"},{"floor":46,"key":"Singing Bowl"},{"floor":48,"key":"Smiling Mask"},{"floor":55,"key":"Vajra"}],"event_choices":[{"damage_healed":0.0,"max_hp_gain":0.0,"max_hp_loss":0.0,"gold_gain":0.0,"event_name":"Scrap Ooze","player_choice":"Success","floor":2.0,"gold_loss":0.0,"damage_taken":5.0,"relics_obtained":["Meat on the Bone"]},{"cards_removed":["Normality"],"damage_healed":0.0,"max_hp_gain":0.0,"max_hp_loss":0.0,"gold_gain":0.0,"event_name":"Golden Wing","player_choice":"Card Removal","floor":4.0,"gold_loss":0.0,"damage_taken":7.0},{"damage_healed":0.0,"max_hp_gain":0.0,"max_hp_loss":0.0,"gold_gain":0.0,"event_name":"Mushrooms","player_choice":"Fought Mushrooms","floor":8.0,"gold_loss":0.0,"damage_taken":0.0},{"cards_removed":["Strike_R"],"damage_healed":0.0,"max_hp_gain":0.0,"max_hp_loss":0.0,"gold_gain":0.0,"event_name":"Living Wall","player_choice":"Forget","floor":11.0,"gold_loss":0.0,"damage_taken":0.0},{"damage_healed":0.0,"max_hp_gain":0.0,"max_hp_loss":0.0,"gold_gain":0.0,"event_name":"N\u0027loth","player_choice":"Traded Relic","floor":21.0,"relics_lost":["Empty Cage"],"gold_loss":0.0,"damage_taken":0.0,"relics_obtained":["Nloth\u0027s Gift"]},{"damage_healed":0.0,"max_hp_gain":0.0,"max_hp_loss":0.0,"gold_gain":0.0,"event_name":"Cursed Tome","player_choice":"Obtained Book","floor":28.0,"gold_loss":0.0,"damage_taken":21.0},{"damage_healed":0.0,"max_hp_gain":0.0,"max_hp_loss":0.0,"gold_gain":50.0,"event_name":"Nest","player_choice":"Stole From Cult","floor":31.0,"gold_loss":0.0,"damage_taken":0.0},{"damage_healed":0,"gold_gain":0,"player_choice":"Fight","damage_taken":0,"max_hp_gain":0,"max_hp_loss":0,"event_name":"MindBloom","floor":36,"gold_loss":0},{"damage_healed":0,"gold_gain":0,"player_choice":"Memory 3","damage_taken":10,"max_hp_gain":0,"max_hp_loss":0,"event_name":"SensoryStone","floor":37,"gold_loss":0},{"damage_healed":0,"gold_gain":0,"player_choice":"Bought 1 Potion","damage_taken":0,"max_hp_gain":0,"max_hp_loss":0,"event_name":"The Woman in Blue","floor":38,"gold_loss":0}],"is_beta":true,"boss_relics":[{"not_picked":["Black Blood","Lizard Tail"],"picked":"Empty Cage"},{"not_picked":["Runic Pyramid","Philosopher\u0027s Stone"],"picked":"Mark of Pain"}],"items_purged_floors":[],"is_endless":false,"potions_floor_spawned":[1,8,10,14,18,20,27,30,33,35,40,44,48,55],"ascension_level":20}