{"gold_per_floor":[116,135,26,37,48,48,13,13,39,39,39,82,82,98,98,98],"floor_reached":16,"playtime":339,"items_purged":[],"score":145,"play_id":"647fe4aa-77c7-4e01-864e-4d488ca64360","local_time":"20190602225420","is_ascension_mode":true,"campfire_choices":[{"data":"Consume","floor":6.0,"key":"SMITH"},{"data":"Genetic Algorithm","floor":8.0,"key":"SMITH"},{"data":"Capacitor","floor":10.0,"key":"SMITH"},{"floor":15,"key":"REST"}],"neow_cost":"NONE","seed_source_timestamp":0,"circlet_count":0,"master_deck":["Strike_B","Strike_B","Strike_B","Strike_B","Defend_B","Defend_B","Defend_B","Defend_B","Zap","Dualcast","Melter","Compile Driver","Capacitor+1","Genetic Algorithm+1","Hologram","Consume+1","Double Energy","Streamline"],"special_seed":0,"relics":["Cracked Core","NeowsBlessing","Centennial Puzzle","Golden Idol","Bronze Scales"],"potions_floor_usage":[12,16,16,16],"damage_taken":[{"damage":0.0,"enemies":"Small Slimes","floor":1.0,"turns":1.0},{"damage":0.0,"enemies":"2 Louse","floor":2.0,"turns":1.0},{"damage":0.0,"enemies":"Jaw Worm","floor":4.0,"turns":1.0},{"damage":1.0,"enemies":"Large Slime","floor":5.0,"turns":5.0},{"damage":40,"enemies":"Gremlin Nob","floor":12,"turns":4},{"damage":17,"enemies":"3 Louse","floor":14,"turns":4},{"damage":43,"enemies":"Slime Boss","floor":16,"turns":7}],"seed_played":"-2534347149480949467","potions_obtained":[{"floor":2.0,"key":"Strength Potion"},{"floor":4.0,"key":"SpeedPotion"},{"floor":5.0,"key":"SpeedPotion"},{"floor":12,"key":"Strength Potion"},{"floor":14,"key":"EssenceOfSteel"}],"is_trial":false,"path_per_floor":["M","M","$","M","M","R","?","R","T","R","?","E","?","M","R","B"],"character_chosen":"DEFECT","items_purchased":["Capacitor","Genetic Algorithm"],"campfire_rested":1,"item_purchase_floors":[3,3],"current_hp_per_floor":[68,68,68,68,67,67,75,75,75,75,75,35,35,18,40,0],"gold":98,"neow_bonus":"THREE_ENEMY_KILL","is_prod":false,"is_daily":false,"chose_seed":false,"campfire_upgraded":3,"win_rate":0,"timestamp":1559480060,"path_taken":["M","M","$","M","M","R","?","R","T","R","?","E","?","M","R","BOSS"],"build_version":"2019-01-23","purchased_purges":0,"victory":false,"max_hp_per_floor":[75,75,75,75,75,75,75,75,75,75,75,75,75,75,75,75],"card_choices":[{"not_picked":["Stack","Rip and Tear"],"picked":"Melter","floor":1.0},{"not_picked":["Redo","Turbo"],"picked":"Compile Driver","floor":2.0},{"not_picked":["Stack","Fission"],"picked":"Hologram","floor":4.0},{"not_picked":["Leap","Barrage"],"picked":"Consume","floor":5.0},{"not_picked":["Go for the Eyes","Multi-Cast"],"picked":"Double Energy","floor":12},{"not_picked":["Doom and Gloom","Barrage"],"picked":"Streamline","floor":14}],"player_experience":791332,"relics_obtained":[{"floor":9.0,"key":"Centennial Puzzle"},{"floor":12,"key":"Bronze Scales"}],"event_choices":[{"damage_healed":18.0,"max_hp_gain":0.0,"max_hp_loss":0.0,"gold_gain":0.0,"event_name":"The Cleric","player_choice":"Healed","floor":7.0,"gold_loss":35.0,"damage_taken":0.0},{"damage_healed":0.0,"max_hp_gain":0.0,"max_hp_loss":0.0,"gold_gain":0.0,"event_name":"Golden Idol","player_choice":"Take Wound","floor":11.0,"gold_loss":0.0,"damage_taken":0.0,"relics_obtained":["Golden Idol"],"cards_obtained":["Injury"]},{"cards_removed":["Injury"],"damage_healed":0,"gold_gain":0,"player_choice":"Forget","damage_taken":0,"max_hp_gain":0,"max_hp_loss":0,"event_name":"Living Wall","floor":13,"gold_loss":0}],"is_beta":false,"boss_relics":[],"items_purged_floors":[],"is_endless":false,"potions_floor_spawned":[2,4,5,12,14],"killed_by":"Slime Boss","ascension_level":9}