{"gold_per_floor":[113,125,125,125,125,125,160,179,179,179,197,197,227,252,264,399,411,412,443,475,510,621,633,645,657,722,734,280,300,315,62,62,62],"floor_reached":33,"playtime":2420,"items_purged":["Strike_R","Strike_R"],"score":274,"play_id":"03d38282-252c-4477-95bb-3d9b27daead6","local_time":"20190717152539","is_ascension_mode":false,"campfire_choices":[{"data":"Sentinel","floor":6,"key":"SMITH"},{"data":"Reaper","floor":10,"key":"SMITH"},{"data":"Reckless Charge","floor":15,"key":"SMITH"},{"data":"Dark Embrace","floor":23,"key":"SMITH"},{"data":"Disarm","floor":25,"key":"SMITH"},{"data":"Immolate","floor":27,"key":"SMITH"},{"floor":32,"key":"REST"}],"neow_cost":"NONE","seed_source_timestamp":1389268354522,"circlet_count":0,"master_deck":["Strike_R","Strike_R","Strike_R+1","Defend_R","Defend_R","Defend_R","Bash","Second Wind+1","Sentinel+1","Reaper+1","Evolve","Reckless Charge+1","Immolate+1","Disarm+1","Shrug It Off","Wild Strike","Sever Soul","Anger","Power Through+1","Dark Embrace+1","Infernal Blade+1","Master of Strategy","Deep Breath","Feel No Pain","Intimidate","Exhume"],"relics":["Burning Blood","NeowsBlessing","Golden Idol","Nunchaku","MawBank","Orrery","MutagenicStrength","Pen Nib","Red Skull"],"potions_floor_usage":[8,16,16,21,33,33],"damage_taken":[{"damage":0,"enemies":"Jaw Worm","floor":1,"turns":1},{"damage":0,"enemies":"2 Louse","floor":2,"turns":1},{"damage":0,"enemies":"Gremlin Nob","floor":7,"turns":1},{"damage":0,"enemies":"Small Slimes","floor":8,"turns":3},{"damage":4,"enemies":"3 Louse","floor":11,"turns":3},{"damage":3,"enemies":"2 Fungi Beasts","floor":13,"turns":6},{"damage":3,"enemies":"Exordium Wildlife","floor":14,"turns":4},{"damage":78,"enemies":"The Guardian","floor":16,"turns":10},{"damage":8,"enemies":"2 Thieves","floor":18,"turns":4},{"damage":18,"enemies":"Shell Parasite","floor":19,"turns":5},{"damage":39,"enemies":"Shelled Parasite and Fungi","floor":20,"turns":9},{"damage":3,"enemies":"Snecko","floor":21,"turns":4},{"damage":19,"enemies":"Chosen and Byrds","floor":29,"turns":6},{"damage":24,"enemies":"Sentry and Sphere","floor":30,"turns":4},{"damage":75,"enemies":"Champ","floor":33,"turns":8}],"seed_played":"8425367402968213029","potions_obtained":[{"floor":1,"key":"Fruit Juice"},{"floor":8,"key":"SteroidPotion"},{"floor":11,"key":"Dexterity Potion"},{"floor":13,"key":"Fire Potion"},{"floor":18,"key":"Strength Potion"},{"floor":19,"key":"SneckoOil"},{"floor":20,"key":"AttackPotion"}],"is_trial":false,"path_per_floor":["M","M","?","?","?","R","E","M","T","R","M","?","M","M","R","B",null,"M","M","M","M","?","R","?","R","T","R","$","M","M","$","R","B"],"character_chosen":"IRONCLAD","items_purchased":["Master of Strategy","Deep Breath","Feel No Pain","Intimidate","Red Skull"],"campfire_rested":1,"item_purchase_floors":[28,28,28,28,31],"current_hp_per_floor":[80,80,73,57,37,37,43,63,63,63,80,77,85,85,85,15,85,85,73,40,50,50,50,50,50,50,50,50,49,31,31,56,0],"gold":62,"neow_bonus":"THREE_ENEMY_KILL","is_prod":false,"is_daily":false,"chose_seed":false,"campfire_upgraded":6,"win_rate":0,"timestamp":1563369939,"path_taken":["M","M","?","?","?","R","E","M","T","R","M","?","M","M","R","BOSS","M","M","M","M","?","R","?","R","T","R","$","M","M","$","R","BOSS"],"build_version":"2019-07-05","purchased_purges":2,"victory":false,"max_hp_per_floor":[80,80,80,80,80,80,80,85,85,85,85,85,85,85,85,85,85,85,85,85,85,85,85,85,85,85,85,85,85,85,85,85,85],"card_choices":[{"not_picked":["Dual Wield","Twin Strike"],"picked":"Second Wind","floor":1},{"not_picked":["Seeing Red","Shrug It Off"],"picked":"Sentinel","floor":2},{"not_picked":["Warcry","Thunderclap"],"picked":"Reaper","floor":7},{"not_picked":["Bloodletting","Iron Wave","Cleave"],"picked":"SKIP","floor":8},{"not_picked":["Bloodletting","Iron Wave","Cleave"],"picked":"SKIP","floor":8},{"not_picked":["Headbutt","Thunderclap"],"picked":"Evolve","floor":11},{"not_picked":["Corruption","Iron Wave","Cleave"],"picked":"SKIP","floor":13},{"not_picked":["Armaments","Perfected Strike"],"picked":"Reckless Charge","floor":14},{"not_picked":["Impervious","Double Tap"],"picked":"Immolate","floor":16},{"not_picked":["Sword Boomerang","Armaments"],"picked":"Disarm","floor":17},{"not_picked":["Searing Blow","Flex"],"picked":"Shrug It Off","floor":17},{"not_picked":["Twin Strike","Havoc"],"picked":"Wild Strike","floor":17},{"not_picked":["Thunderclap","Anger"],"picked":"Sever Soul","floor":17},{"not_picked":["Thunderclap","Flex"],"picked":"Anger","floor":17},{"not_picked":["Iron Wave","True Grit"],"picked":"Power Through+1","floor":18},{"not_picked":["Iron Wave","True Grit"],"picked":"Dark Embrace","floor":19},{"not_picked":["Body Slam","Iron Wave+1"],"picked":"Infernal Blade+1","floor":20},{"not_picked":["Clash","Fire Breathing","Armaments+1"],"picked":"SKIP","floor":21},{"not_picked":["Body Slam","Headbutt","Combust"],"picked":"SKIP","floor":29},{"not_picked":["Inflame","Shrug It Off"],"picked":"Exhume","floor":30}],"player_experience":204612,"relics_obtained":[{"floor":7,"key":"Nunchaku"},{"floor":26,"key":"Pen Nib"}],"event_choices":[{"cards_removed":["Defend_R"],"damage_healed":0,"gold_gain":0,"player_choice":"Card Removal","damage_taken":7,"max_hp_gain":0,"max_hp_loss":0,"event_name":"Golden Wing","floor":3,"gold_loss":0},{"damage_healed":0,"gold_gain":0,"player_choice":"Entered Light","damage_taken":16,"max_hp_gain":0,"max_hp_loss":0,"event_name":"Shining Light","floor":4,"gold_loss":0,"cards_upgraded":["Second Wind","Strike_R"]},{"damage_healed":0,"gold_gain":0,"player_choice":"Take Damage","damage_taken":20,"relics_obtained":["Golden Idol"],"max_hp_gain":0,"max_hp_loss":0,"event_name":"Golden Idol","floor":5,"gold_loss":0},{"damage_healed":0,"gold_gain":0,"player_choice":"Success","damage_taken":3,"relics_obtained":["MawBank"],"max_hp_gain":0,"max_hp_loss":0,"event_name":"Scrap Ooze","floor":12,"gold_loss":0},{"damage_healed":0,"gold_gain":99,"player_choice":"Stole From Cult","damage_taken":0,"max_hp_gain":0,"max_hp_loss":0,"event_name":"Nest","floor":22,"gold_loss":0},{"damage_healed":0,"gold_gain":0,"player_choice":"Inject Mutagens","damage_taken":0,"relics_obtained":["MutagenicStrength"],"max_hp_gain":0,"max_hp_loss":0,"event_name":"Drug Dealer","floor":24,"gold_loss":0}],"is_beta":false,"boss_relics":[{"not_picked":["Runic Pyramid","Coffee Dripper"],"picked":"Orrery"}],"items_purged_floors":[28,31],"is_endless":false,"potions_floor_spawned":[1,8,11,13,18,19,20],"killed_by":"Champ","ascension_level":0}