{"gold_per_floor":[114,131,146,116,129,129,161,174,174,174,174,184,199,231,231,334,334,354,354,374,390,400,400,429,429,429,429,464,464,120,130,130,229,259,278,278,128,139,149,149,202,202,202,216,216,265,265],"floor_reached":47,"playtime":2902,"items_purged":["Strike_G","Injury"],"score":526,"play_id":"efa1b34c-fe01-41d7-bcdb-b67087e27c71","local_time":"20190420231628","is_ascension_mode":true,"campfire_choices":[{"data":"Neutralize","floor":6,"key":"SMITH"},{"floor":10,"key":"REST"},{"floor":15,"key":"REST"},{"floor":23,"key":"REST"},{"floor":25,"key":"REST"},{"data":"Envenom","floor":27,"key":"SMITH"},{"data":"Backflip","floor":29,"key":"SMITH"},{"data":"Distraction","floor":32,"key":"SMITH"},{"floor":40,"key":"RECALL"},{"floor":42,"key":"REST"},{"data":"Adrenaline","floor":45,"key":"SMITH"}],"neow_cost":"NONE","seed_source_timestamp":31218698885877,"circlet_count":0,"master_deck":["Defend_G","Defend_G","Defend_G","Defend_G","Defend_G","Strike_G","Survivor","Neutralize+1","PiercingWail+1","Cloak And Dagger+1","Concentrate+1","Deadly Poison","Dagger Throw","Deadly Poison","Quick Slash","Adrenaline+1","Acrobatics","Deadly Poison","Backflip+1","Distraction+1","Envenom+1","Accuracy","Adrenaline+1","Cloak And Dagger","Tactician+1","Catalyst","Underhanded Strike+1","Infinite Blades","Well Laid Plans","Infinite Blades+1","Burst","Clumsy","Adrenaline+1","Masterful Stab+1","Dagger Spray+1","Sucker Punch+1","Footwork","Caltrops"],"relics":["Astrolabe","The Courier","Paper Crane","PreservedInsect","WristBlade","Pantograph","Snake Skull","Molten Egg 2","Calling Bell","Tiny Chest","Ninja Scroll","Ginger","Smiling Mask","Letter Opener","Ice Cream"],"potions_floor_usage":[13,16,21,22,24,24,33,35,39,46],"damage_taken":[{"damage":0,"enemies":"Jaw Worm","floor":1,"turns":8},{"damage":3,"enemies":"2 Louse","floor":2,"turns":3},{"damage":2,"enemies":"Cultist","floor":3,"turns":4},{"damage":3,"enemies":"2 Fungi Beasts","floor":5,"turns":5},{"damage":21,"enemies":"3 Sentries","floor":7,"turns":10},{"damage":0,"enemies":"Red Slaver","floor":8,"turns":3},{"damage":1,"enemies":"Large Slime","floor":12,"turns":5},{"damage":2,"enemies":"Exordium Thugs","floor":13,"turns":4},{"damage":19,"enemies":"Gremlin Nob","floor":14,"turns":4},{"damage":18,"enemies":"The Guardian","floor":16,"turns":9},{"damage":6,"enemies":"Shell Parasite","floor":18,"turns":6},{"damage":2,"enemies":"Chosen","floor":20,"turns":4},{"damage":23,"enemies":"3 Cultists","floor":21,"turns":6},{"damage":13,"enemies":"Centurion and Healer","floor":22,"turns":7},{"damage":21,"enemies":"Slavers","floor":24,"turns":6},{"damage":2,"enemies":"Book of Stabbing","floor":28,"turns":5},{"damage":2,"enemies":"Cultist and Chosen","floor":31,"turns":6},{"damage":5,"enemies":"Champ","floor":33,"turns":7},{"damage":22,"enemies":"Orb Walker","floor":35,"turns":3},{"damage":9,"enemies":"3 Shapes","floor":38,"turns":2},{"damage":0,"enemies":"3 Darklings","floor":39,"turns":5},{"damage":6,"enemies":"Transient","floor":44,"turns":5},{"damage":45,"enemies":"2 Orb Walkers","floor":46,"turns":4},{"damage":9,"enemies":"Sphere and 2 Shapes","floor":47,"turns":1}],"seed_played":"4756695843428559943","potions_obtained":[{"floor":2,"key":"GamblersBrew"},{"floor":5,"key":"LiquidBronze"},{"floor":12,"key":"GhostInAJar"},{"floor":14,"key":"SteroidPotion"},{"floor":21,"key":"Poison Potion"},{"floor":22,"key":"Swift Potion"},{"floor":24,"key":"Strength Potion"},{"floor":31,"key":"Energy Potion"},{"floor":44,"key":"LiquidBronze"}],"is_trial":false,"path_per_floor":["M","M","M","?","M","R","E","M","T","R","?","M","M","E","R","B",null,"M","?","M","M","M","R","E","R","T","R","E","R","$","M","R","B",null,"M","?","$","M","M","R","T","R","T","M","R","?","M"],"character_chosen":"THE_SILENT","items_purchased":["Molten Egg 2","Infinite Blades","Well Laid Plans","Energy Potion","Masterful Stab+1"],"campfire_rested":5,"item_purchase_floors":[30,30,30,37,37],"current_hp_per_floor":[70,67,65,65,62,62,41,41,41,62,62,61,59,40,61,43,70,64,64,62,39,26,47,26,47,47,47,45,45,45,43,43,63,70,48,48,48,39,39,39,39,60,60,54,54,9,0],"gold":265,"neow_bonus":"BOSS_RELIC","is_prod":false,"is_daily":false,"chose_seed":false,"campfire_upgraded":5,"win_rate":0,"timestamp":1555766188,"path_taken":["M","M","M","?","M","R","E","M","T","R","?","M","?","E","R","BOSS","M","?","M","M","M","R","E","R","T","R","E","R","$","?","R","BOSS","M","?","?","?","M","R","?","R","T","M","R","?","M"],"build_version":"2019-01-23","purchased_purges":2,"victory":false,"max_hp_per_floor":[70,70,70,70,70,70,70,70,70,70,70,70,70,70,70,70,70,70,70,70,70,70,70,70,70,70,70,70,70,70,70,70,70,70,70,70,70,70,70,70,70,70,70,70,70,70,70],"card_choices":[{"not_picked":["Dagger Throw","Underhanded Strike"],"picked":"Deadly Poison","floor":1},{"not_picked":["Outmaneuver","Underhanded Strike"],"picked":"Dagger Throw","floor":2},{"not_picked":["Skewer","Outmaneuver"],"picked":"Deadly Poison","floor":3},{"not_picked":["Slice","Endless Agony"],"picked":"Quick Slash","floor":5},{"not_picked":["Predator","Dagger Spray"],"picked":"Adrenaline","floor":7},{"not_picked":["Leg Sweep","Prepared"],"picked":"Acrobatics","floor":8},{"not_picked":["Reflex","Dagger Throw"],"picked":"Deadly Poison","floor":12},{"not_picked":["PiercingWail","Slice"],"picked":"Backflip","floor":13},{"not_picked":["Escape Plan","Deflect"],"picked":"Distraction","floor":14},{"not_picked":["Bullet Time","Night Terror"],"picked":"Envenom","floor":16},{"not_picked":["Prepared","Slice+1"],"picked":"Accuracy","floor":18},{"not_picked":["Blade Dance","Backflip"],"picked":"Cloak And Dagger","floor":20},{"not_picked":["Deadly Poison","Setup+1"],"picked":"Tactician+1","floor":21},{"not_picked":["Sucker Punch","Prepared"],"picked":"Catalyst","floor":22},{"not_picked":["Distraction+1","Blade Dance"],"picked":"Underhanded Strike+1","floor":24},{"not_picked":["Underhanded Strike+1","Backflip","Venomology"],"picked":"SKIP","floor":28},{"not_picked":["Terror","Cloak And Dagger+1"],"picked":"Infinite Blades+1","floor":31},{"not_picked":["Tools of the Trade","Venomology"],"picked":"Burst","floor":33},{"not_picked":["Slice+1","Acrobatics"],"picked":"Adrenaline","floor":35},{"not_picked":["Bane+1","Endless Agony+1"],"picked":"Dagger Spray+1","floor":38},{"not_picked":["Slice+1","Dagger Throw+1"],"picked":"Sucker Punch+1","floor":39},{"not_picked":["Backflip+1","Eviscerate+1"],"picked":"Footwork","floor":44},{"not_picked":["Dash+1","Predator+1"],"picked":"Caltrops","floor":46}],"player_experience":362120,"relics_obtained":[{"floor":7,"key":"The Courier"},{"floor":9,"key":"Paper Crane"},{"floor":14,"key":"PreservedInsect"},{"floor":24,"key":"Pantograph"},{"floor":28,"key":"Snake Skull"},{"floor":34,"key":"Tiny Chest"},{"floor":34,"key":"Ninja Scroll"},{"floor":34,"key":"Ginger"},{"floor":41,"key":"Smiling Mask"},{"floor":43,"key":"Letter Opener"},{"floor":46,"key":"Ice Cream"}],"event_choices":[{"damage_healed":0,"gold_gain":0,"player_choice":"Left Gold","damage_taken":0,"max_hp_gain":0,"max_hp_loss":0,"event_name":"World of Goop","floor":4,"gold_loss":30},{"damage_healed":0,"gold_gain":0,"player_choice":"Upgraded","damage_taken":0,"max_hp_gain":0,"max_hp_loss":0,"event_name":"Upgrade Shrine","floor":11,"gold_loss":0,"cards_upgraded":["Adrenaline"]},{"damage_healed":0,"gold_gain":0,"player_choice":"Copied","damage_taken":0,"max_hp_gain":0,"max_hp_loss":0,"event_name":"Duplicator","floor":19,"gold_loss":0,"cards_obtained":["Adrenaline"]},{"cards_removed":["Pain"],"damage_healed":0,"gold_gain":0,"player_choice":"Purged","damage_taken":0,"max_hp_gain":0,"max_hp_loss":0,"event_name":"Purifier","floor":36,"gold_loss":0},{"damage_healed":0,"gold_gain":0,"player_choice":"Fight","damage_taken":0,"max_hp_gain":0,"max_hp_loss":0,"event_name":"Mysterious Sphere","floor":46,"gold_loss":0}],"is_beta":false,"boss_relics":[{"not_picked":["Tiny House","White Beast Statue"],"picked":"WristBlade"},{"not_picked":["Orrery","Snecko Eye"],"picked":"Calling Bell"}],"items_purged_floors":[30,37],"is_endless":false,"potions_floor_spawned":[2,5,12,14,21,22,24,31,44],"killed_by":"Sphere and 2 Shapes","ascension_level":1}