{"gold_per_floor":[110,127,127,145,68,68,83,83,106,130,177,189,230,256,268,354,366,395,407,344,370,397,409,421,446,458,470,497,527,573,600,612,624],"floor_reached":33,"playtime":1900,"items_purged":[],"score":623,"play_id":"bf80708c-74a4-4ced-9b86-d06cbb9bd22a","local_time":"20190714173614","is_ascension_mode":true,"campfire_choices":[{"data":"Carnage","floor":6,"key":"SMITH"},{"data":"Shockwave","floor":8,"key":"SMITH"},{"data":"Disarm","floor":12,"key":"SMITH"},{"data":"Exhume","floor":15,"key":"SMITH"},{"data":"Inflame","floor":23,"key":"SMITH"},{"floor":27,"key":"REST"},{"floor":32,"key":"REST"}],"neow_cost":"NONE","seed_source_timestamp":269332267505966,"circlet_count":0,"master_deck":["AscendersBane","Strike_R","Strike_R","Strike_R","Defend_R","Defend_R","Defend_R","Defend_R","Bash","Carnage+1","Shrug It Off","Twin Strike","Disarm+1","Shockwave+1","Inflame+1","Exhume+1","Impervious","Flame Barrier","Shrug It Off+1","Reaper"],"relics":["Burning Blood","MawBank","Oddly Smooth Stone","Bronze Scales","Philosopher\u0027s Stone","Bottled Lightning","Frozen Egg 2"],"potions_floor_usage":[10,11,16,22,22,33],"damage_taken":[{"damage":6,"enemies":"Cultist","floor":1,"turns":3},{"damage":2,"enemies":"Small Slimes","floor":2,"turns":3},{"damage":0,"enemies":"2 Louse","floor":4,"turns":3},{"damage":9,"enemies":"Looter","floor":7,"turns":3},{"damage":6,"enemies":"Gremlin Gang","floor":10,"turns":4},{"damage":16,"enemies":"Gremlin Nob","floor":11,"turns":3},{"damage":23,"enemies":"3 Sentries","floor":13,"turns":6},{"damage":15,"enemies":"Lots of Slimes","floor":14,"turns":4},{"damage":0,"enemies":"Hexaghost","floor":16,"turns":9},{"damage":23,"enemies":"Shell Parasite","floor":18,"turns":5},{"damage":0,"enemies":"Chosen","floor":21,"turns":5},{"damage":11,"enemies":"Snake Plant","floor":22,"turns":5},{"damage":21,"enemies":"Sentry and Sphere","floor":25,"turns":8},{"damage":6,"enemies":"Chosen and Byrds","floor":28,"turns":5},{"damage":12,"enemies":"Shelled Parasite and Fungi","floor":29,"turns":6},{"damage":0,"enemies":"Book of Stabbing","floor":30,"turns":7},{"damage":14,"enemies":"Cultist and Chosen","floor":31,"turns":8},{"damage":84,"enemies":"Automaton","floor":33,"turns":10}],"seed_played":"1415823180983596165","potions_obtained":[{"floor":2,"key":"Block Potion"},{"floor":4,"key":"FearPotion"},{"floor":14,"key":"GamblersBrew"},{"floor":16,"key":"EssenceOfSteel"},{"floor":21,"key":"Regen Potion"},{"floor":24,"key":"PowerPotion"},{"floor":24,"key":"EssenceOfSteel"},{"floor":25,"key":"SteroidPotion"}],"is_trial":false,"path_per_floor":["M","M","?","M","$","R","M","R","T","M","E","R","E","M","R","B",null,"M","?","?","M","M","R","?","M","T","R","M","M","E","M","R","B"],"character_chosen":"IRONCLAD","items_purchased":["Disarm"],"campfire_rested":2,"item_purchase_floors":[5],"current_hp_per_floor":[68,72,72,75,75,75,72,72,72,72,62,62,45,36,36,42,67,50,29,29,35,45,45,45,30,30,54,54,48,54,46,70,0],"gold":624,"neow_bonus":"THREE_CARDS","is_prod":false,"is_daily":false,"chose_seed":false,"campfire_upgraded":5,"win_rate":0,"timestamp":1563093374,"path_taken":["M","?","?","M","$","R","M","R","T","M","E","R","E","M","R","BOSS","M","?","?","M","M","R","?","M","T","R","?","?","E","M","R","BOSS"],"build_version":"2019-07-01","purchased_purges":0,"victory":false,"max_hp_per_floor":[75,75,75,75,75,75,75,75,75,75,75,75,75,75,75,75,75,75,80,80,80,80,80,80,80,80,80,80,80,80,80,80,80],"card_choices":[{"not_picked":["Entrench","Rupture"],"picked":"Carnage","floor":0},{"not_picked":["Sword Boomerang","Dropkick"],"picked":"Shrug It Off","floor":1},{"not_picked":["Rupture","Second Wind","Flex"],"picked":"SKIP","floor":2},{"not_picked":["Sword Boomerang","Clothesline"],"picked":"Twin Strike","floor":4},{"not_picked":["Sword Boomerang","Wild Strike"],"picked":"Shockwave","floor":7},{"not_picked":["Armaments","True Grit"],"picked":"Inflame","floor":10},{"not_picked":["Pommel Strike","Body Slam"],"picked":"Exhume","floor":11},{"not_picked":["Burning Pact","Clothesline","Pommel Strike"],"picked":"SKIP","floor":13},{"not_picked":["Burning Pact","Clothesline","Pommel Strike"],"picked":"SKIP","floor":13},{"not_picked":["Burning Pact","Clothesline","Pommel Strike"],"picked":"SKIP","floor":13},{"not_picked":["Inflame","Twin Strike","Combust"],"picked":"SKIP","floor":14},{"not_picked":["Brutality","Bludgeon"],"picked":"Impervious","floor":16},{"not_picked":["Cleave","Twin Strike","Sword Boomerang+1"],"picked":"SKIP","floor":18},{"not_picked":["Pommel Strike+1","Shockwave"],"picked":"Flame Barrier","floor":21},{"not_picked":["Thunderclap","Anger"],"picked":"Shrug It Off+1","floor":22},{"not_picked":["Dropkick","Inflame","Heavy Blade"],"picked":"SKIP","floor":25},{"not_picked":["Power Through","Thunderclap","Shrug It Off"],"picked":"SKIP","floor":28},{"not_picked":["Body Slam","Anger+1","Burning Pact"],"picked":"SKIP","floor":29},{"not_picked":["Flex","Feel No Pain","Wild Strike"],"picked":"SKIP","floor":30},{"not_picked":["Armaments","Perfected Strike"],"picked":"Reaper","floor":31}],"player_experience":1136741,"relics_obtained":[{"floor":9,"key":"MawBank"},{"floor":11,"key":"Oddly Smooth Stone"},{"floor":13,"key":"Bronze Scales"},{"floor":26,"key":"Bottled Lightning"},{"floor":30,"key":"Frozen Egg 2"}],"event_choices":[{"cards_removed":["Strike_R"],"damage_healed":0,"gold_gain":0,"player_choice":"Purged","damage_taken":0,"max_hp_gain":0,"max_hp_loss":0,"event_name":"Purifier","floor":3,"gold_loss":0},{"damage_healed":0,"gold_gain":0,"player_choice":"Shed Blood","damage_taken":26,"max_hp_gain":5,"max_hp_loss":0,"event_name":"Forgotten Altar","floor":19,"gold_loss":0},{"cards_removed":["Strike_R"],"damage_healed":0,"gold_gain":0,"player_choice":"Gave Gold","damage_taken":0,"max_hp_gain":0,"max_hp_loss":0,"event_name":"Beggar","floor":20,"gold_loss":75},{"damage_healed":0,"gold_gain":0,"player_choice":"Got Potions","damage_taken":0,"max_hp_gain":0,"max_hp_loss":0,"event_name":"Lab","floor":24,"gold_loss":0}],"is_beta":false,"boss_relics":[{"not_picked":["Calling Bell","Orrery"],"picked":"Philosopher\u0027s Stone"}],"items_purged_floors":[],"is_endless":false,"potions_floor_spawned":[2,4,14,16,21,25,31],"killed_by":"Automaton","ascension_level":15}