{"gold_per_floor":[117,117,135,135,148,148,174,192,219,219,239,239],"floor_reached":12,"playtime":875,"items_purged":[],"score":116,"play_id":"eab083e6-f5b7-468f-9d7f-c9028c461f25","local_time":"20190324093556","is_ascension_mode":true,"campfire_choices":[{"data":"Glacier","floor":6,"key":"SMITH"},{"floor":10,"key":"REST"}],"neow_cost":"NONE","seed_source_timestamp":983439504920349,"circlet_count":0,"master_deck":["Strike_B","Strike_B+1","Strike_B+1","Strike_B","Defend_B","Defend_B","Defend_B","Defend_B","Zap","Dualcast","Skim","Glacier+1","Scrape","Buffer"],"relics":["Cracked Core","NeowsBlessing","Potion Belt","Anchor","Whetstone"],"potions_floor_usage":[],"damage_taken":[{"damage":0,"enemies":"Jaw Worm","floor":1,"turns":1},{"damage":0,"enemies":"2 Louse","floor":3,"turns":1},{"damage":0,"enemies":"Cultist","floor":5,"turns":1},{"damage":31,"enemies":"Lagavulin","floor":7,"turns":15},{"damage":1,"enemies":"Blue Slaver","floor":8,"turns":4},{"damage":24,"enemies":"Exordium Thugs","floor":11,"turns":6},{"damage":0,"enemies":"Gremlin Gang","floor":12,"turns":1}],"seed_played":"-5494705434458129330","potions_obtained":[{"floor":5,"key":"FearPotion"},{"floor":7,"key":"Fire Potion"},{"floor":11,"key":"Dexterity Potion"}],"is_trial":false,"path_per_floor":["M","?","M","?","M","R","E","M","T","R","M","M"],"character_chosen":"DEFECT","items_purchased":[],"campfire_rested":1,"item_purchase_floors":[],"current_hp_per_floor":[68,73,73,73,73,73,42,41,41,65,41,41],"gold":239,"neow_bonus":"THREE_ENEMY_KILL","is_prod":false,"is_daily":false,"chose_seed":false,"campfire_upgraded":1,"win_rate":0,"timestamp":1553438156,"path_taken":["M","?","M","?","?","R","E","M","T","R","M","M"],"build_version":"2019-01-23","purchased_purges":0,"victory":false,"max_hp_per_floor":[75,80,80,80,80,80,80,80,80,80,80,80],"card_choices":[{"not_picked":["Redo","Steam"],"picked":"Skim","floor":1},{"not_picked":["White Noise","Cold Snap"],"picked":"Glacier","floor":3},{"not_picked":["Steam Power","Sweeping Beam","Darkness"],"picked":"SKIP","floor":5},{"not_picked":["Rip and Tear","Redo","Cold Snap"],"picked":"SKIP","floor":7},{"not_picked":["Stack","Reinforced Body"],"picked":"Scrape","floor":8},{"not_picked":["Storm","Stack"],"picked":"Buffer","floor":11}],"player_experience":485909,"relics_obtained":[{"floor":4,"key":"Potion Belt"},{"floor":7,"key":"Anchor"},{"floor":9,"key":"Whetstone"}],"event_choices":[{"damage_healed":0,"gold_gain":0,"player_choice":"Donut","damage_taken":0,"max_hp_gain":5,"max_hp_loss":0,"event_name":"Big Fish","floor":2,"gold_loss":0},{"damage_healed":0,"gold_gain":0,"player_choice":"Relic","damage_taken":0,"max_hp_gain":0,"max_hp_loss":0,"event_name":"Wheel of Change","floor":4,"gold_loss":0}],"is_beta":false,"boss_relics":[],"items_purged_floors":[],"is_endless":false,"potions_floor_spawned":[5,7,11],"killed_by":"Gremlin Gang","ascension_level":9}