{"gold_per_floor":[113,127,302,312,342,342,31,306,306,340,355,367,382,398,398,398],"floor_reached":16,"playtime":560,"items_purged":[],"score":104,"play_id":"96c7314b-6d90-4326-9b3f-4ebf78516fcb","local_time":"20190429185209","is_ascension_mode":false,"campfire_choices":[{"data":"Bash","floor":6,"key":"SMITH"},{"floor":15,"key":"REST"}],"neow_cost":"NONE","seed_source_timestamp":4295523772379,"circlet_count":0,"master_deck":["Strike_R","Strike_R","Strike_R","Strike_R","Strike_R","Defend_R","Defend_R","Defend_R","Defend_R","Bash+1","Thunderclap","Sword Boomerang","Doubt","Iron Wave","Power Through","Regret","Carnage","Spot Weakness+1","Body Slam","Sentinel+1","Entrench+1"],"relics":["Burning Blood","NeowsBlessing","Tiny Chest","Letter Opener","Matryoshka","Toxic Egg 2"],"potions_floor_usage":[16],"damage_taken":[{"damage":0,"enemies":"2 Louse","floor":1,"turns":1},{"damage":0,"enemies":"Small Slimes","floor":2,"turns":1},{"damage":0,"enemies":"Cultist","floor":4,"turns":1},{"damage":51,"enemies":"3 Sentries","floor":10,"turns":12},{"damage":1,"enemies":"2 Fungi Beasts","floor":11,"turns":4},{"damage":2,"enemies":"3 Louse","floor":12,"turns":3},{"damage":7,"enemies":"Looter","floor":13,"turns":2},{"damage":13,"enemies":"Blue Slaver","floor":14,"turns":4},{"damage":58,"enemies":"Hexaghost","floor":16,"turns":10}],"seed_played":"-4887093399053453193","potions_obtained":[{"floor":2,"key":"Dexterity Potion"},{"floor":11,"key":"Regen Potion"},{"floor":12,"key":"FearPotion"}],"is_trial":false,"path_per_floor":["M","M","?","M","?","R","$","?","T","E","M","M","M","M","R","B"],"character_chosen":"IRONCLAD","items_purchased":["Power Through","Letter Opener"],"campfire_rested":1,"item_purchase_floors":[7,7],"current_hp_per_floor":[80,80,80,80,68,68,68,68,68,23,28,32,31,24,48,0],"gold":398,"neow_bonus":"THREE_ENEMY_KILL","is_prod":false,"is_daily":false,"chose_seed":false,"campfire_upgraded":1,"win_rate":0,"timestamp":1556527929,"path_taken":["M","M","?","M","?","R","$","?","T","E","?","M","M","M","R","BOSS"],"build_version":"2019-01-23","purchased_purges":0,"victory":false,"max_hp_per_floor":[80,80,80,80,80,80,80,80,80,80,80,80,80,80,80,80],"card_choices":[{"not_picked":["True Grit","Perfected Strike"],"picked":"Thunderclap","floor":1},{"not_picked":["Rupture","Havoc"],"picked":"Sword Boomerang","floor":2},{"not_picked":["Sentinel","Flex"],"picked":"Iron Wave","floor":4},{"not_picked":["Clothesline","Anger"],"picked":"Carnage","floor":10},{"not_picked":["Blood for Blood","Rage+1"],"picked":"Spot Weakness+1","floor":11},{"not_picked":["Perfected Strike","Double Tap+1"],"picked":"Body Slam","floor":12},{"not_picked":["Wild Strike","Clothesline"],"picked":"Sentinel+1","floor":13},{"not_picked":["Sword Boomerang","Perfected Strike"],"picked":"Entrench+1","floor":14}],"player_experience":511664,"relics_obtained":[{"floor":9,"key":"Matryoshka"},{"floor":10,"key":"Toxic Egg 2"}],"event_choices":[{"damage_healed":0,"gold_gain":175,"player_choice":"AGREE","damage_taken":0,"max_hp_gain":0,"max_hp_loss":0,"event_name":"Liars Game","floor":3,"gold_loss":0,"cards_obtained":["Doubt"]},{"damage_healed":0,"gold_gain":0,"player_choice":"Success","damage_taken":12,"relics_obtained":["Tiny Chest"],"max_hp_gain":0,"max_hp_loss":0,"event_name":"Scrap Ooze","floor":5,"gold_loss":0},{"damage_healed":0,"gold_gain":275,"player_choice":"Desecrate","damage_taken":0,"max_hp_gain":0,"max_hp_loss":0,"event_name":"Golden Shrine","floor":8,"gold_loss":0,"cards_obtained":["Regret"]}],"is_beta":false,"boss_relics":[],"items_purged_floors":[],"is_endless":false,"potions_floor_spawned":[2,11,12,14],"killed_by":"Hexaghost","ascension_level":0}