{"gold_per_floor":[110,128,144,144,319,319,332,342,367,367,392,33,47,47,47,145,145,156,171,14,32,131,131,141,153,153,153,188,22,22],"floor_reached":30,"playtime":1103,"items_purged":[],"score":277,"play_id":"422e4a6d-e3d9-4cb5-b271-feaa4dba2351","local_time":"20190329033737","is_ascension_mode":false,"campfire_choices":[{"floor":6,"key":"RECALL"},{"data":"Limit Break","floor":10,"key":"SMITH"},{"floor":15,"key":"REST"},{"floor":23,"key":"REST"}],"neow_cost":"TEN_PERCENT_HP_LOSS","seed_source_timestamp":48616042040293,"circlet_count":0,"master_deck":["Strike_R","Strike_R","Strike_R","Strike_R","Strike_R","Defend_R","Defend_R+1","Defend_R","Defend_R+1","Bash","Discovery","Forethought","Twin Strike","Spot Weakness","Iron Wave","Limit Break+1","Double Tap","Flex","Infernal Blade","Barricade","Anger+1","Perfected Strike+1","Dual Wield+1","Flex+1","Bandage Up","Intimidate"],"relics":["Black Blood","Boot","War Paint","Bag of Marbles","Champion Belt","Pen Nib","Omamori","Lantern"],"potions_floor_usage":[8,13,16,19,25,28,28],"damage_taken":[{"damage":2,"enemies":"2 Louse","floor":1,"turns":2},{"damage":6,"enemies":"Jaw Worm","floor":2,"turns":4},{"damage":6,"enemies":"Cultist","floor":3,"turns":3},{"damage":12,"enemies":"2 Fungi Beasts","floor":7,"turns":5},{"damage":4,"enemies":"Blue Slaver","floor":8,"turns":4},{"damage":24,"enemies":"Gremlin Nob","floor":11,"turns":4},{"damage":15,"enemies":"Gremlin Gang","floor":13,"turns":4},{"damage":20,"enemies":"The Guardian","floor":16,"turns":10},{"damage":21,"enemies":"2 Thieves","floor":18,"turns":3},{"damage":9,"enemies":"Chosen","floor":19,"turns":6},{"damage":47,"enemies":"Shelled Parasite and Fungi","floor":21,"turns":6},{"damage":29,"enemies":"Centurion and Healer","floor":24,"turns":5},{"damage":25,"enemies":"Snake Plant","floor":25,"turns":5},{"damage":0,"enemies":"Gremlin Leader","floor":28,"turns":5},{"damage":22,"enemies":"Sentry and Sphere","floor":30,"turns":3}],"seed_played":"-7716963622825021819","potions_obtained":[{"floor":7,"key":"Block Potion"},{"floor":8,"key":"PowerPotion"},{"floor":13,"key":"SteroidPotion"},{"floor":18,"key":"SpeedPotion"},{"floor":24,"key":"Energy Potion"},{"floor":27,"key":"AttackPotion"},{"floor":27,"key":"Swift Potion"},{"floor":27,"key":"Strength Potion"}],"is_trial":false,"path_per_floor":["M","M","M","?","?","R","M","M","T","R","E","$","M","?","R","B",null,"M","M","$","M","?","R","M","M","T","?","E","$","M"],"character_chosen":"IRONCLAD","items_purchased":["Champion Belt","Flex","Pen Nib","Bandage Up","Intimidate"],"campfire_rested":2,"item_purchase_floors":[12,12,20,29,29],"current_hp_per_floor":[72,72,72,60,60,60,54,56,56,56,38,38,29,22,43,29,72,61,62,62,25,25,46,27,12,12,12,22,22,0],"gold":22,"neow_bonus":"RANDOM_COLORLESS_2","is_prod":false,"is_daily":false,"chose_seed":false,"campfire_upgraded":1,"win_rate":0,"timestamp":1553794657,"path_taken":["M","M","M","?","?","R","M","M","T","R","E","$","M","?","R","BOSS","M","M","$","M","?","R","M","M","T","?","E","$","M"],"build_version":"2019-01-23","purchased_purges":0,"victory":false,"max_hp_per_floor":[72,72,72,72,72,72,72,72,72,72,72,72,72,72,72,72,72,72,72,72,72,72,72,72,72,72,72,72,72,72],"card_choices":[{"not_picked":["Rupture","Sever Soul"],"picked":"Twin Strike","floor":1},{"not_picked":["Pommel Strike","Seeing Red"],"picked":"Spot Weakness","floor":2},{"not_picked":["Corruption","Intimidate"],"picked":"Iron Wave","floor":3},{"not_picked":["Warcry","Havoc","Sword Boomerang"],"picked":"SKIP","floor":7},{"not_picked":["Carnage","Headbutt"],"picked":"Limit Break","floor":8},{"not_picked":["Shrug It Off","Bloodletting"],"picked":"Double Tap","floor":11},{"not_picked":["Twin Strike","Uppercut"],"picked":"Infernal Blade","floor":13},{"not_picked":["Dark Embrace","Brutality"],"picked":"Barricade","floor":16},{"not_picked":["Warcry","Carnage+1","Anger"],"picked":"SKIP","floor":18},{"not_picked":["Cleave","Headbutt"],"picked":"Anger+1","floor":19},{"not_picked":["Armaments","Clash"],"picked":"Perfected Strike+1","floor":21},{"not_picked":["Bludgeon","Sword Boomerang","Evolve"],"picked":"SKIP","floor":24},{"not_picked":["Iron Wave","Uppercut"],"picked":"Dual Wield+1","floor":25},{"not_picked":["Havoc","Blood for Blood"],"picked":"Flex+1","floor":28}],"player_experience":272866,"relics_obtained":[{"floor":9,"key":"War Paint"},{"floor":11,"key":"Bag of Marbles"},{"floor":26,"key":"Omamori"},{"floor":28,"key":"Lantern"}],"event_choices":[{"damage_healed":0,"gold_gain":0,"player_choice":"Success","damage_taken":12,"relics_obtained":["Boot"],"max_hp_gain":0,"max_hp_loss":0,"event_name":"Scrap Ooze","floor":4,"gold_loss":0},{"damage_healed":0,"gold_gain":175,"player_choice":"AGREE","damage_taken":0,"max_hp_gain":0,"max_hp_loss":0,"event_name":"Liars Game","floor":5,"gold_loss":0,"cards_obtained":["Doubt"]},{"cards_removed":["Doubt"],"damage_healed":0,"gold_gain":0,"player_choice":"Card Removal","damage_taken":7,"max_hp_gain":0,"max_hp_loss":0,"event_name":"Golden Wing","floor":14,"gold_loss":0},{"damage_healed":0,"gold_gain":99,"player_choice":"Stole From Cult","damage_taken":0,"max_hp_gain":0,"max_hp_loss":0,"event_name":"Nest","floor":22,"gold_loss":0},{"damage_healed":0,"gold_gain":0,"player_choice":"Got Potions","damage_taken":0,"max_hp_gain":0,"max_hp_loss":0,"event_name":"Lab","floor":27,"gold_loss":0}],"is_beta":false,"boss_relics":[{"not_picked":["Velvet Choker","Fusion Hammer"],"picked":"Black Blood"}],"items_purged_floors":[],"is_endless":false,"potions_floor_spawned":[7,8,13,18,24],"killed_by":"Sentry and Sphere","ascension_level":0}