{"gold_per_floor":[117,135,154,173,173,200,216,251,251,206],"floor_reached":10,"playtime":442,"items_purged":[],"score":96,"play_id":"0feb3ef6-fd19-4a73-a838-79e77d87df38","local_time":"20190430133235","is_ascension_mode":true,"campfire_choices":[],"neow_cost":"NONE","seed_source_timestamp":20508733106178,"circlet_count":0,"master_deck":["Defend_G","Defend_G","Defend_G","Defend_G","Defend_G","Strike_G","Strike_G","Strike_G","Strike_G","Strike_G","Survivor","Neutralize","Sucker Punch","Well Laid Plans","Poisoned Stab","Flying Knee","Catalyst","Footwork","Cloak And Dagger"],"relics":["Ring of the Snake","Lantern","Omamori","Smiling Mask","Orichalcum"],"potions_floor_usage":[5,6,7,8],"damage_taken":[{"damage":0,"enemies":"2 Louse","floor":1,"turns":2},{"damage":0,"enemies":"Cultist","floor":2,"turns":3},{"damage":0,"enemies":"Small Slimes","floor":3,"turns":3},{"damage":5,"enemies":"Exordium Wildlife","floor":4,"turns":4},{"damage":27,"enemies":"3 Sentries","floor":6,"turns":9},{"damage":0,"enemies":"3 Louse","floor":7,"turns":2},{"damage":46,"enemies":"Gremlin Nob","floor":8,"turns":5},{"damage":27,"enemies":"Exordium Thugs","floor":10,"turns":3}],"seed_played":"-2222471088563404607","potions_obtained":[{"floor":1,"key":"Regen Potion"},{"floor":2,"key":"AttackPotion"},{"floor":4,"key":"SpeedPotion"},{"floor":5,"key":"Fruit Juice"},{"floor":5,"key":"Poison Potion"},{"floor":7,"key":"Regen Potion"}],"is_trial":false,"path_per_floor":["M","M","M","M","?","E","M","E","T","M"],"character_chosen":"THE_SILENT","items_purchased":[],"campfire_rested":0,"item_purchase_floors":[],"current_hp_per_floor":[70,70,70,65,70,58,58,24,24,0],"gold":206,"neow_bonus":"RANDOM_COMMON_RELIC","is_prod":false,"is_daily":false,"chose_seed":false,"campfire_upgraded":0,"win_rate":0,"timestamp":1556595155,"path_taken":["M","M","M","M","?","E","M","E","T","M"],"build_version":"2019-01-23","purchased_purges":0,"victory":false,"max_hp_per_floor":[70,70,70,70,75,75,75,75,75,75],"card_choices":[{"not_picked":["Distraction","Acrobatics"],"picked":"Sucker Punch","floor":1},{"not_picked":["PiercingWail","Backflip"],"picked":"Well Laid Plans","floor":2},{"not_picked":["Acrobatics","Grand Finale"],"picked":"Poisoned Stab","floor":3},{"not_picked":["Blade Dance","Backflip"],"picked":"Flying Knee","floor":4},{"not_picked":["Underhanded Strike","Acrobatics"],"picked":"Catalyst","floor":6},{"not_picked":["Underhanded Strike","Bane"],"picked":"Footwork","floor":7},{"not_picked":["Die Die Die","Unload"],"picked":"Cloak And Dagger","floor":8}],"player_experience":523315,"relics_obtained":[{"floor":6,"key":"Omamori"},{"floor":8,"key":"Smiling Mask"},{"floor":9,"key":"Orichalcum"}],"event_choices":[{"damage_healed":0,"gold_gain":0,"player_choice":"Got Potions","damage_taken":0,"max_hp_gain":0,"max_hp_loss":0,"event_name":"Lab","floor":5,"gold_loss":0}],"is_beta":false,"boss_relics":[],"items_purged_floors":[],"is_endless":false,"potions_floor_spawned":[1,2,4,7],"killed_by":"Exordium Thugs","ascension_level":4}