{"gold_per_floor":[113,113,15,26,51,77,77,77,129,129,129,185,196,257,257,362,362,382,382,382,393,41,367,367,396,396,271,271,305,305,155,155,259,259,269,287,112,112,112,140,140,188,213,213,223,223,66,93,93,93],"floor_reached":51,"playtime":2355,"items_purged":["Regret","Clumsy","Bite","Writhe","Bite"],"score":874,"play_id":"82e86b7a-c79c-4a72-871c-23e4b931218b","local_time":"20190116203133","is_ascension_mode":true,"campfire_choices":[{"data":"Echo Form","floor":7,"key":"SMITH"},{"data":"Go for the Eyes","floor":11,"key":"SMITH"},{"data":"Zap","floor":15,"key":"SMITH"},{"data":"Bite","floor":24,"key":"SMITH"},{"data":"Dualcast","floor":32,"key":"SMITH"},{"data":"Electrodynamics","floor":41,"key":"SMITH"},{"data":"Melter","floor":44,"key":"SMITH"},{"data":"Defend_B","floor":49,"key":"SMITH"}],"neow_cost":"CURSE","seed_source_timestamp":626082841647517,"circlet_count":0,"master_deck":["Defend_B","Defend_B","Defend_B+1","Zap+1","Dualcast+1","Go for the Eyes+1","Hologram","Echo Form+1","Melter+1","Scrape","Redo+1","Bite+1","Bite","Bite","Electrodynamics+1"],"relics":["FrozenCore","Torii","Centennial Puzzle","Oddly Smooth Stone","Ornamental Fan","PreservedInsect","Tiny Chest","Singing Bowl","Pear","Old Coin","Blood Vial","Mango","Mercury Hourglass","Dream Catcher","MutagenicStrength","Runic Pyramid","Molten Egg 2","Pantograph","DataDisk","Bird Faced Urn","Anchor","Boot","Juzu Bracelet"],"potions_floor_usage":[16,42,50,50,50],"damage_taken":[{"damage":0,"enemies":"Small Slimes","floor":1,"turns":3},{"damage":0,"enemies":"Jaw Worm","floor":4,"turns":3},{"damage":4,"enemies":"Lagavulin","floor":6,"turns":7},{"damage":11,"enemies":"3 Sentries","floor":12,"turns":6},{"damage":1,"enemies":"Cultist","floor":13,"turns":4},{"damage":2,"enemies":"3 Sentries","floor":14,"turns":4},{"damage":44,"enemies":"Slime Boss","floor":16,"turns":7},{"damage":40,"enemies":"2 Thieves","floor":18,"turns":4},{"damage":26,"enemies":"Colosseum Slavers","floor":19,"turns":4},{"damage":9,"enemies":"Shell Parasite","floor":21,"turns":5},{"damage":21,"enemies":"Gremlin Leader","floor":23,"turns":7},{"damage":5,"enemies":"Book of Stabbing","floor":25,"turns":6},{"damage":32,"enemies":"Slavers","floor":29,"turns":5},{"damage":80,"enemies":"Champ","floor":33,"turns":15},{"damage":17,"enemies":"3 Shapes","floor":35,"turns":4},{"damage":11,"enemies":"Orb Walker","floor":36,"turns":4},{"damage":2,"enemies":"Nemesis","floor":40,"turns":7},{"damage":37,"enemies":"2 Orb Walkers","floor":42,"turns":4},{"damage":2,"enemies":"Spire Growth","floor":45,"turns":5},{"damage":87,"enemies":"Donu and Deca","floor":50,"turns":9}],"seed_played":"-1988442803132587054","potions_obtained":[{"floor":4,"key":"Ancient Potion"},{"floor":12,"key":"Ancient Potion"},{"floor":13,"key":"PowerPotion"},{"floor":21,"key":"Ancient Potion"},{"floor":33,"key":"PowerPotion"},{"floor":42,"key":"Weak Potion"}],"is_trial":false,"path_per_floor":["M","?","$","M","T","E","R","$","T","?","R","E","M","?","R","B",null,"M","?","?","M","$","E","R","E","T","$","?","E","?","$","R","B",null,"M","M","$","T","T","E","R","?","T","R","M","?","$","T","R","B",null],"character_chosen":"DEFECT","items_purchased":["Hologram","Pear","Boot"],"campfire_rested":0,"item_purchase_floors":[3,22,47],"current_hp_per_floor":[75,75,75,75,75,71,71,71,71,71,71,60,59,59,59,17,79,39,13,13,24,34,39,39,55,69,69,69,53,53,53,53,22,87,86,91,91,91,91,93,93,58,58,58,81,83,83,83,83,24],"gold":93,"neow_bonus":"ONE_RARE_RELIC","is_prod":false,"is_daily":false,"chose_seed":false,"campfire_upgraded":8,"win_rate":0,"timestamp":1547688693,"path_taken":["M","?","?","?","?","E","R","$","T","?","R","E","?","?","R","BOSS","M","?","?","M","$","E","R","E","T","$","?","E","?","?","R","BOSS","M","M","$","?","?","E","R","?","T","R","M","?","$","?","R","BOSS"],"build_version":"2019-01-10","purchased_purges":5,"victory":true,"max_hp_per_floor":[75,75,75,75,75,75,75,75,75,75,75,75,75,77,77,79,79,79,79,55,57,67,69,69,71,85,85,85,87,87,87,87,87,87,89,91,91,91,91,93,93,95,95,95,97,99,99,99,99,99],"card_choices":[{"not_picked":["Doom and Gloom","Compile Driver"],"picked":"Go for the Eyes","floor":1},{"not_picked":["Ball Lightning","Darkness","Blizzard"],"picked":"SKIP","floor":4},{"not_picked":["Compile Driver","Seek"],"picked":"Echo Form","floor":6},{"not_picked":["Coolheaded","Barrage"],"picked":"Scrape","floor":12},{"not_picked":["Ball Lightning","BootSequence","Streamline"],"picked":"SKIP","floor":13},{"not_picked":["Turbo","Electrodynamics","Capacitor"],"picked":"Singing Bowl","floor":14},{"not_picked":["Fission","Rainbow","Reboot"],"picked":"Singing Bowl","floor":16},{"not_picked":["Cold Snap","Stack"],"picked":"Redo+1","floor":18},{"not_picked":["Glacier","Steam Power","Compile Driver"],"picked":"Singing Bowl","floor":21},{"not_picked":["Amplify","Fusion+1","Beam Cell"],"picked":"Singing Bowl","floor":23},{"not_picked":["Go for the Eyes","Compile Driver","Static Discharge"],"picked":"Singing Bowl","floor":25},{"not_picked":["Steam","Turbo","Rebound"],"picked":"Singing Bowl","floor":29},{"not_picked":["Machine Learning","Core Surge"],"picked":"Electrodynamics","floor":33},{"not_picked":["FTL","Hologram","Leap+1"],"picked":"Singing Bowl","floor":35},{"not_picked":["Beam Cell+1","Go for the Eyes","Cold Snap+1"],"picked":"Singing Bowl","floor":36},{"not_picked":["Darkness","Compile Driver+1","Tempest"],"picked":"Singing Bowl","floor":40},{"not_picked":["Stack+1","Chaos","Aggregate+1"],"picked":"Singing Bowl","floor":42},{"not_picked":["Chill+1","Compile Driver+1","Streamline+1"],"picked":"Singing Bowl","floor":45},{"not_picked":["Enlightenment","Blind","Panache"],"picked":"Singing Bowl","floor":46}],"player_experience":80423,"relics_obtained":[{"floor":5,"key":"Oddly Smooth Stone"},{"floor":6,"key":"Ornamental Fan"},{"floor":9,"key":"PreservedInsect"},{"floor":12,"key":"Tiny Chest"},{"floor":23,"key":"Old Coin"},{"floor":25,"key":"Blood Vial"},{"floor":26,"key":"Mango"},{"floor":29,"key":"Dream Catcher"},{"floor":38,"key":"Molten Egg 2"},{"floor":39,"key":"Pantograph"},{"floor":40,"key":"DataDisk"},{"floor":42,"key":"Bird Faced Urn"},{"floor":43,"key":"Anchor"},{"floor":48,"key":"Juzu Bracelet"}],"event_choices":[{"damage_healed":0,"gold_gain":0,"player_choice":"Box","damage_taken":0,"relics_obtained":["Centennial Puzzle"],"max_hp_gain":0,"max_hp_loss":0,"event_name":"Big Fish","floor":2,"gold_loss":0,"cards_obtained":["Regret"]},{"damage_healed":0,"gold_gain":0,"cards_transformed":["Defend_B"],"player_choice":"Transformed","damage_taken":0,"max_hp_gain":0,"max_hp_loss":0,"event_name":"Transmorgrifier","floor":10,"gold_loss":0,"cards_obtained":["Melter"]},{"damage_healed":0,"gold_gain":0,"player_choice":"Searched \u00272\u0027 times","damage_taken":0,"relics_obtained":["Singing Bowl"],"max_hp_gain":0,"max_hp_loss":0,"event_name":"Dead Adventurer","floor":14,"gold_loss":0},{"damage_healed":0,"gold_gain":0,"player_choice":"Fight","damage_taken":0,"max_hp_gain":0,"max_hp_loss":0,"event_name":"Colosseum","floor":19,"gold_loss":0},{"damage_healed":0,"gold_gain":0,"player_choice":"Fled From Nobs","damage_taken":0,"max_hp_gain":0,"max_hp_loss":0,"event_name":"Colosseum","floor":19,"gold_loss":0},{"damage_healed":0,"gold_gain":0,"player_choice":"Became a vampire","damage_taken":0,"max_hp_gain":0,"max_hp_loss":24,"event_name":"Vampires","floor":20,"gold_loss":0,"cards_obtained":["Bite","Bite","Bite","Bite","Bite"]},{"damage_healed":0,"gold_gain":0,"player_choice":"Opened","damage_taken":0,"relics_obtained":["Mercury Hourglass"],"max_hp_gain":0,"max_hp_loss":0,"event_name":"The Mausoleum","floor":28,"gold_loss":0,"cards_obtained":["Writhe"]},{"damage_healed":0,"gold_gain":0,"player_choice":"Inject Mutagens","damage_taken":0,"relics_obtained":["MutagenicStrength"],"max_hp_gain":0,"max_hp_loss":0,"event_name":"Drug Dealer","floor":30,"gold_loss":0},{"damage_healed":0,"gold_gain":0,"player_choice":"Fight","damage_taken":0,"max_hp_gain":0,"max_hp_loss":0,"event_name":"Mysterious Sphere","floor":42,"gold_loss":0},{"damage_healed":0,"gold_gain":0,"player_choice":"Memory 1","damage_taken":0,"max_hp_gain":0,"max_hp_loss":0,"event_name":"SensoryStone","floor":46,"gold_loss":0}],"is_beta":false,"boss_relics":[{"not_picked":["Orrery","Eternal Feather"],"picked":"FrozenCore"},{"not_picked":["Astrolabe","Fusion Hammer"],"picked":"Runic Pyramid"}],"items_purged_floors":[3,22,27,31,37],"is_endless":false,"potions_floor_spawned":[4,12,13,14,21,29,33,36,42],"ascension_level":2}