{"gold_per_floor":[213,227,242,192,205,232,232,243,266,266,266],"floor_reached":11,"playtime":1367,"items_purged":[],"score":75,"play_id":"93de1e47-8c80-4ebf-ac65-d8cfd2fa7823","local_time":"20190707222449","is_ascension_mode":false,"campfire_choices":[{"data":"Chaos","floor":7,"key":"SMITH"},{"data":"Capacitor","floor":10,"key":"SMITH"}],"neow_cost":"NONE","seed_source_timestamp":43843378439300,"circlet_count":0,"master_deck":["Strike_B","Strike_B","Strike_B","Defend_B","Defend_B","Defend_B","Defend_B","Zap","Dualcast","Undo","Hologram","Chaos+1","Capacitor+1"],"relics":["Cracked Core","Meat on the Bone","Pen Nib"],"potions_floor_usage":[6,11],"damage_taken":[{"damage":1,"enemies":"Cultist","floor":1,"turns":3},{"damage":2,"enemies":"Small Slimes","floor":2,"turns":3},{"damage":0,"enemies":"Jaw Worm","floor":3,"turns":4},{"damage":0,"enemies":"Large Slime","floor":5,"turns":5},{"damage":6,"enemies":"Lagavulin","floor":6,"turns":10},{"damage":2,"enemies":"Exordium Wildlife","floor":8,"turns":4},{"damage":66,"enemies":"Gremlin Nob","floor":11,"turns":4}],"seed_played":"8728039782677361172","potions_obtained":[{"floor":1,"key":"Dexterity Potion"},{"floor":6,"key":"SteroidPotion"}],"is_trial":false,"path_per_floor":["M","M","M","?","M","E","R","M","T","R","E"],"character_chosen":"DEFECT","items_purchased":[],"campfire_rested":0,"item_purchase_floors":[],"current_hp_per_floor":[74,72,72,72,72,66,66,64,64,64,0],"gold":266,"neow_bonus":"HUNDRED_GOLD","is_prod":false,"is_daily":false,"chose_seed":false,"campfire_upgraded":2,"win_rate":0.0,"timestamp":1562527489,"path_taken":["M","M","?","?","M","E","R","M","T","R","E"],"build_version":"2019-07-05","purchased_purges":0,"victory":false,"max_hp_per_floor":[75,75,75,75,75,75,75,75,75,75,75],"card_choices":[{"not_picked":["Turbo","Stack"],"picked":"Undo","floor":1},{"not_picked":["Turbo","Barrage"],"picked":"Hologram","floor":2},{"not_picked":["Doom and Gloom","Defragment"],"picked":"Chaos","floor":3},{"not_picked":["Aggregate","Cold Snap","Stack"],"picked":"SKIP","floor":5},{"not_picked":["Rebound","Fission"],"picked":"Capacitor","floor":6},{"not_picked":["Beam Cell","Streamline","Stack"],"picked":"SKIP","floor":8}],"player_experience":105680,"relics_obtained":[{"floor":6,"key":"Meat on the Bone"},{"floor":9,"key":"Pen Nib"}],"event_choices":[{"cards_removed":["Strike_B"],"damage_healed":0,"gold_gain":0,"player_choice":"Card Removal","damage_taken":0,"max_hp_gain":0,"max_hp_loss":0,"event_name":"The Cleric","floor":4,"gold_loss":50}],"is_beta":false,"boss_relics":[],"items_purged_floors":[],"is_endless":false,"potions_floor_spawned":[1,6],"killed_by":"Gremlin Nob","ascension_level":0}