{"gold_per_floor":[115,132,132,148,148,148,177,177,225,259,272,299,299,326,326,427,477,488,488,502,512,512,540,208,208,208,208,35,35,46,46,46,144,144,158,172,172,183,200,200,231,231,231,0,18,18,48,75,87,99,111,123,25,50,50],"floor_reached":55,"playtime":4248,"items_purged":["Strike_G","Strike_G"],"score":862,"play_id":"d9a183a5-2337-4946-b9ad-5e76a4369273","local_time":"20190422003603","is_ascension_mode":true,"campfire_choices":[{"data":"Neutralize","floor":6.0,"key":"SMITH"},{"floor":8.0,"key":"REST"},{"floor":13.0,"key":"REST"},{"floor":15.0,"key":"REST"},{"floor":25.0,"key":"REST"},{"floor":27.0,"key":"RECALL"},{"data":"After Image","floor":29,"key":"SMITH"},{"floor":32,"key":"REST"},{"data":"Well Laid Plans","floor":40,"key":"SMITH"},{"data":"Tactician","floor":42,"key":"SMITH"},{"data":"Footwork","floor":46,"key":"SMITH"},{"data":"After Image","floor":49,"key":"SMITH"},{"data":"Dodge and Roll","floor":52,"key":"SMITH"}],"neow_cost":"TEN_PERCENT_HP_LOSS","seed_source_timestamp":0,"circlet_count":0,"master_deck":["Defend_G","Defend_G","Defend_G","Defend_G","Defend_G","Strike_G","Strike_G","Strike_G","Survivor","Neutralize+1","Dagger Spray","Cloak And Dagger","Quick Slash","Noxious Fumes+1","After Image+1","Poisoned Stab+1","Blur","Tactician+1","Corpse Explosion","Well Laid Plans+1","Cloak And Dagger","Deflect","Die Die Die","Heel Hook","Dagger Throw","Dodge and Roll+1","Footwork+1","Poisoned Stab+1","Backstab","Poisoned Stab+1","Outmaneuver+1","Decay","Distraction+1","After Image+1","Well Laid Plans+1","Leg Sweep","Tactician","Dodge and Roll+1"],"special_seed":0,"relics":["Ring of the Snake","Incense Burner","FaceOfCleric","Bag of Marbles","Vajra","Boot","Oddly Smooth Stone","Bird Faced Urn","Tiny House","Nilry\u0027s Codex","Regal Pillow","Snake Skull","Sundial","Cursed Key","Ninja Scroll","Gambling Chip","Red Mask","MawBank","Anchor"],"potions_floor_usage":[55,55],"damage_taken":[{"damage":0.0,"enemies":"2 Louse","floor":1.0,"turns":5.0},{"damage":0.0,"enemies":"Cultist","floor":2.0,"turns":4.0},{"damage":0.0,"enemies":"Small Slimes","floor":4.0,"turns":3.0},{"damage":22.0,"enemies":"3 Sentries","floor":7.0,"turns":10.0},{"damage":11.0,"enemies":"Lagavulin","floor":10.0,"turns":6.0},{"damage":0.0,"enemies":"Blue Slaver","floor":11.0,"turns":4.0},{"damage":11.0,"enemies":"3 Sentries","floor":12.0,"turns":5.0},{"damage":20.0,"enemies":"Lagavulin","floor":14.0,"turns":7.0},{"damage":12.0,"enemies":"Hexaghost","floor":16.0,"turns":11.0},{"damage":20.0,"enemies":"3 Byrds","floor":18.0,"turns":4.0},{"damage":0.0,"enemies":"Chosen","floor":20.0,"turns":6.0},{"damage":0.0,"enemies":"Centurion and Healer","floor":21.0,"turns":7.0},{"damage":27.0,"enemies":"Slavers","floor":23.0,"turns":5.0},{"damage":21,"enemies":"Snecko","floor":30,"turns":4},{"damage":59,"enemies":"Collector","floor":33,"turns":9},{"damage":7,"enemies":"3 Shapes","floor":35,"turns":3},{"damage":6,"enemies":"3 Darklings","floor":36,"turns":5},{"damage":23,"enemies":"Writhing Mass","floor":38,"turns":6},{"damage":14,"enemies":"Spire Growth","floor":39,"turns":5},{"damage":0,"enemies":"Nemesis","floor":41,"turns":9},{"damage":0,"enemies":"Sphere and 2 Shapes","floor":45,"turns":3},{"damage":23,"enemies":"Reptomancer","floor":47,"turns":6},{"damage":0,"enemies":"3 Darklings","floor":48,"turns":5},{"damage":61,"enemies":"Time Eater","floor":50,"turns":12},{"damage":7,"enemies":"Shield and Spear","floor":54,"turns":7},{"damage":100,"enemies":"The Heart","floor":55,"turns":9}],"seed_played":"7768117423699944524","potions_obtained":[{"floor":2.0,"key":"EssenceOfSteel"},{"floor":4.0,"key":"Fire Potion"},{"floor":7.0,"key":"PowerPotion"},{"floor":16.0,"key":"Swift Potion"},{"floor":17.0,"key":"GamblersBrew"},{"floor":33,"key":"SteroidPotion"},{"floor":36,"key":"Strength Potion"},{"floor":39,"key":"SmokeBomb"}],"is_trial":false,"path_per_floor":["M","M","?","M","?","R","E","R","T","E","M","E","R","E","R","B",null,"M","?","M","M","?","E","$","R","T","R","$","R","M","?","R","B",null,"M","M","?","M","M","R","E","R","T","?","M","R","E","M","R","B",null,"R","$","E","B"],"character_chosen":"THE_SILENT","items_purchased":["Snake Skull","Dagger Throw","Dodge and Roll","Footwork","Leg Sweep","Tactician"],"campfire_rested":5,"item_purchase_floors":[24,24,24,28,53,53],"current_hp_per_floor":[63,63,63,64,64,64,43,62,62,52,53,43,63,44,64,57,75,58,58,65,72,56,38,38,76,76,76,76,76,59,51,80,26,81,75,78,78,68,63,63,76,76,76,76,83,83,71,88,88,37,90,90,90,90,0],"gold":50,"neow_bonus":"ONE_RARE_RELIC","is_prod":false,"is_daily":false,"chose_seed":false,"campfire_upgraded":7,"win_rate":0,"timestamp":1555857363,"path_taken":["M","M","?","?","?","R","E","R","T","E","?","E","R","E","R","BOSS","M","?","M","M","?","E","$","R","T","R","?","R","M","?","R","BOSS","M","M","?","?","M","R","E","R","T","?","M","R","E","M","R","BOSS","R","$","E","BOSS"],"build_version":"2019-01-23","purchased_purges":2,"victory":false,"max_hp_per_floor":[63,63,63,64,64,64,65,65,65,66,67,68,68,69,69,70,75,76,76,77,78,78,79,79,79,79,79,79,79,80,80,80,81,81,82,83,83,84,85,85,86,86,86,86,87,87,88,89,89,90,90,90,90,91,91],"card_choices":[{"not_picked":["Outmaneuver","PiercingWail"],"picked":"Dagger Spray","floor":1.0},{"not_picked":["Backflip","Concentrate"],"picked":"Cloak And Dagger","floor":2.0},{"not_picked":["Dagger Spray","Flying Knee"],"picked":"Quick Slash","floor":4.0},{"not_picked":["Crippling Poison","Deflect"],"picked":"Noxious Fumes","floor":7.0},{"not_picked":["Outmaneuver","Backflip"],"picked":"After Image","floor":10.0},{"not_picked":["Escape Plan","Bane"],"picked":"Poisoned Stab","floor":11.0},{"not_picked":["Crippling Poison","Poisoned Stab"],"picked":"Blur","floor":12.0},{"not_picked":["Night Terror","Bouncing Flask"],"picked":"Tactician","floor":14.0},{"not_picked":["Phantasmal Killer","Malaise"],"picked":"Corpse Explosion","floor":16.0},{"not_picked":["Backflip","Underhanded Strike"],"picked":"Well Laid Plans","floor":17.0},{"not_picked":["Underhanded Strike+1","Riddle With Holes+1"],"picked":"Cloak And Dagger","floor":18.0},{"not_picked":["Escape Plan","Choke+1"],"picked":"Deflect","floor":20.0},{"not_picked":["Tactician","Quick Slash+1"],"picked":"Die Die Die","floor":21.0},{"not_picked":["Escape Plan","Grand Finale"],"picked":"Heel Hook","floor":23.0},{"not_picked":["Deadly Poison","Dagger Throw"],"picked":"Poisoned Stab+1","floor":30},{"not_picked":["Flying Knee","Predator+1"],"picked":"Backstab","floor":35},{"not_picked":["Acrobatics","Flechettes"],"picked":"Poisoned Stab+1","floor":36},{"not_picked":["Dagger Spray+1","Quick Slash","Slice+1"],"picked":"SKIP","floor":38},{"not_picked":["Backstab+1","Expertise+1","Deflect"],"picked":"SKIP","floor":39},{"not_picked":["Dagger Spray","Underhanded Strike+1"],"picked":"Outmaneuver+1","floor":41},{"not_picked":["Sucker Punch","Endless Agony"],"picked":"Distraction+1","floor":45},{"not_picked":["Flechettes+1","All Out Attack+1"],"picked":"After Image","floor":47},{"not_picked":["Deadly Poison+1","PiercingWail"],"picked":"Well Laid Plans+1","floor":48},{"not_picked":["Dagger Spray+1","Underhanded Strike+1"],"picked":"Dodge and Roll+1","floor":54}],"player_experience":407815,"relics_obtained":[{"floor":7.0,"key":"Vajra"},{"floor":10.0,"key":"Boot"},{"floor":12.0,"key":"Oddly Smooth Stone"},{"floor":14.0,"key":"Bird Faced Urn"},{"floor":22.0,"key":"Nilry\u0027s Codex"},{"floor":23.0,"key":"Regal Pillow"},{"floor":26.0,"key":"Sundial"},{"floor":41,"key":"Ninja Scroll"},{"floor":43,"key":"Gambling Chip"},{"floor":47,"key":"MawBank"},{"floor":54,"key":"Anchor"}],"event_choices":[{"damage_healed":0.0,"max_hp_gain":0.0,"max_hp_loss":0.0,"gold_gain":0.0,"event_name":"FaceTrader","player_choice":"Trade","floor":3.0,"gold_loss":0.0,"damage_taken":0.0,"relics_obtained":["FaceOfCleric"]},{"damage_healed":0.0,"max_hp_gain":0.0,"max_hp_loss":0.0,"gold_gain":0.0,"event_name":"WeMeetAgain","player_choice":"Gave Potion","floor":5.0,"gold_loss":0.0,"damage_taken":0.0,"relics_obtained":["Bag of Marbles"]},{"damage_healed":0.0,"max_hp_gain":0.0,"max_hp_loss":0.0,"gold_gain":0.0,"event_name":"Ghosts","player_choice":"Ignored","floor":19.0,"gold_loss":0.0,"damage_taken":0.0},{"damage_healed":0.0,"max_hp_gain":0.0,"max_hp_loss":0.0,"gold_gain":0.0,"event_name":"Cursed Tome","player_choice":"Obtained Book","floor":22.0,"gold_loss":0.0,"damage_taken":16.0},{"damage_healed":0,"gold_gain":0,"player_choice":"","damage_taken":8,"max_hp_gain":0,"max_hp_loss":0,"event_name":"Knowing Skull","floor":31,"potions_obtained":[],"gold_loss":0,"cards_obtained":[]},{"damage_healed":0,"gold_gain":0,"player_choice":"Upgraded","damage_taken":0,"max_hp_gain":0,"max_hp_loss":0,"event_name":"Upgrade Shrine","floor":37,"gold_loss":0,"cards_upgraded":["Poisoned Stab"]},{"damage_healed":0,"gold_gain":0,"player_choice":"Paid","damage_taken":0,"relics_obtained":["Red Mask"],"max_hp_gain":0,"max_hp_loss":0,"event_name":"Tomb of Lord Red Mask","floor":44,"gold_loss":231}],"is_beta":false,"boss_relics":[{"not_picked":["Velvet Choker","Runic Dome"],"picked":"Tiny House"},{"not_picked":["Empty Cage","White Beast Statue"],"picked":"Cursed Key"}],"items_purged_floors":[24,28],"is_endless":false,"potions_floor_spawned":[2,4,7,16,33,36,39],"killed_by":"The Heart","ascension_level":1}