{"gold_per_floor":[116,128,128,12,12,12,47,47,47,79,92,108,108,108,108,212,212,228,243,257,30,44,44],"floor_reached":23,"playtime":786,"items_purged":[],"score":251,"play_id":"874a09e8-8b0e-4bd1-ad29-257e4966c321","local_time":"20190516014655","is_ascension_mode":true,"campfire_choices":[{"data":"Bash","floor":6,"key":"SMITH"},{"floor":8,"key":"REST"},{"data":"Wild Strike","floor":13,"key":"SMITH"},{"data":"Pommel Strike","floor":15,"key":"SMITH"}],"neow_cost":"NONE","seed_source_timestamp":26018964319423,"circlet_count":0,"master_deck":["Strike_R","Strike_R","Strike_R","Strike_R","Defend_R","Defend_R","Defend_R","Defend_R","Bash+1","Wild Strike+1","Pommel Strike+1","Purity+1","Havoc+1","Reckless Charge+1","Sever Soul+1","Flame Barrier+1","Intimidate+1","Impervious+1","Iron Wave+1","Cleave+1","Feel No Pain+1","Burning Pact+1","Dark Embrace","Body Slam+1","Warcry+1"],"relics":["Burning Blood","Smiling Mask","Toxic Egg 2","The Courier","Molten Egg 2","Pear","Pantograph","Sozu"],"potions_floor_usage":[],"damage_taken":[{"damage":2,"enemies":"Small Slimes","floor":1,"turns":4},{"damage":2,"enemies":"2 Louse","floor":2,"turns":2},{"damage":31,"enemies":"Gremlin Nob","floor":7,"turns":4},{"damage":40,"enemies":"3 Sentries","floor":10,"turns":8},{"damage":0,"enemies":"Cultist","floor":11,"turns":2},{"damage":3,"enemies":"Large Slime","floor":12,"turns":5},{"damage":69,"enemies":"Hexaghost","floor":16,"turns":10},{"damage":23,"enemies":"Spheric Guardian","floor":18,"turns":4},{"damage":4,"enemies":"Shell Parasite","floor":19,"turns":3},{"damage":19,"enemies":"Centurion and Healer","floor":20,"turns":5},{"damage":12,"enemies":"Snecko","floor":22,"turns":5},{"damage":47,"enemies":"Slavers","floor":23,"turns":4}],"seed_played":"-4044170257939929260","potions_obtained":[{"floor":2,"key":"Swift Potion"},{"floor":7,"key":"FairyPotion"}],"is_trial":false,"path_per_floor":["M","M","?","$","?","R","E","R","T","E","M","M","R","?","R","B",null,"M","M","M","$","M","E"],"character_chosen":"IRONCLAD","items_purchased":["Purity+1","Havoc+1","Burning Pact+1","Dark Embrace","Body Slam+1"],"campfire_rested":1,"item_purchase_floors":[4,4,21,21,21],"current_hp_per_floor":[80,80,68,68,68,68,43,67,77,43,49,52,52,52,52,14,71,54,56,43,43,37,0],"gold":44,"neow_bonus":"RANDOM_COMMON_RELIC","is_prod":false,"is_daily":false,"chose_seed":false,"campfire_upgraded":3,"win_rate":0,"timestamp":1557935215,"path_taken":["M","M","?","$","?","R","E","R","T","E","M","?","R","?","R","BOSS","M","M","M","$","M","E"],"build_version":"2019-01-23","purchased_purges":0,"victory":false,"max_hp_per_floor":[80,80,80,80,80,80,80,80,90,90,90,90,90,90,90,90,90,90,90,90,90,90,90],"card_choices":[{"not_picked":["Havoc","Anger"],"picked":"Wild Strike","floor":1},{"not_picked":["Iron Wave","Twin Strike"],"picked":"Pommel Strike","floor":2},{"not_picked":["Heavy Blade","Disarm+1"],"picked":"Reckless Charge","floor":7},{"not_picked":["Heavy Blade+1","Reckless Charge+1"],"picked":"Sever Soul+1","floor":10},{"not_picked":["Sword Boomerang+1","Perfected Strike+1"],"picked":"Flame Barrier+1","floor":11},{"not_picked":["Havoc+1","Shrug It Off+1"],"picked":"Intimidate+1","floor":12},{"not_picked":["Feed+1","Exhume+1"],"picked":"Impervious+1","floor":16},{"not_picked":["Clash+1","Armaments+1"],"picked":"Iron Wave+1","floor":18},{"not_picked":["Clothesline+1","Heavy Blade+1"],"picked":"Cleave+1","floor":19},{"not_picked":["Shrug It Off+1","Havoc+1"],"picked":"Feel No Pain+1","floor":20},{"not_picked":["Rage+1","Cleave+1"],"picked":"Warcry+1","floor":22}],"player_experience":615460,"relics_obtained":[{"floor":7,"key":"Molten Egg 2"},{"floor":9,"key":"Pear"},{"floor":10,"key":"Pantograph"}],"event_choices":[{"damage_healed":0,"gold_gain":0,"player_choice":"Success","damage_taken":12,"relics_obtained":["Toxic Egg 2"],"max_hp_gain":0,"max_hp_loss":0,"event_name":"Scrap Ooze","floor":3,"gold_loss":0},{"damage_healed":0,"gold_gain":0,"player_choice":"Gave Potion","damage_taken":0,"relics_obtained":["The Courier"],"max_hp_gain":0,"max_hp_loss":0,"event_name":"WeMeetAgain","floor":5,"gold_loss":0},{"cards_removed":["Strike_R"],"damage_healed":0,"gold_gain":0,"player_choice":"Offered Basic","damage_taken":0,"max_hp_gain":0,"max_hp_loss":0,"event_name":"Bonfire Elementals","floor":14,"gold_loss":0}],"is_beta":false,"boss_relics":[{"not_picked":["Black Star","Lizard Tail"],"picked":"Sozu"}],"items_purged_floors":[],"is_endless":false,"potions_floor_spawned":[2,7,18],"killed_by":"Slavers","ascension_level":5}