{"gold_per_floor":[369,380,395,415,79,79,79,8,8,34,53,71,36,50,50,145,145,163,178,178,178,178,178,178,188,261,261],"floor_reached":27,"playtime":904,"items_purged":[],"score":215,"play_id":"23feb55a-ee2f-4938-9326-cfcd4661da89","local_time":"20190328172633","is_ascension_mode":false,"campfire_choices":[{"data":"Entrench","floor":6,"key":"SMITH"},{"floor":15,"key":"REST"},{"data":"Limit Break","floor":23,"key":"SMITH"}],"neow_cost":"PERCENT_DAMAGE","seed_source_timestamp":12152933835598,"circlet_count":0,"master_deck":["Strike_R","Strike_R","Strike_R","Strike_R+1","Strike_R","Defend_R","Defend_R+1","Defend_R","Defend_R","Bash","Headbutt","Perfected Strike","Entrench+1","Headbutt","Rampage","Perfected Strike","Shrug It Off","Pommel Strike","Armaments","Power Through","Armaments","Infernal Blade","Power Through","Warcry","Limit Break+1","Shrug It Off+1","Intimidate","Writhe","Entrench","Metallicize"],"relics":["Burning Blood","Brimstone","Shuriken","Pantograph","Mark of Pain","Unceasing Top","MutagenicStrength","Nilry\u0027s Codex"],"potions_floor_usage":[4,4,12,19,25],"damage_taken":[{"damage":10,"enemies":"Cultist","floor":1,"turns":4},{"damage":11,"enemies":"Jaw Worm","floor":2,"turns":5},{"damage":8,"enemies":"2 Louse","floor":3,"turns":3},{"damage":2,"enemies":"2 Fungi Beasts","floor":4,"turns":3},{"damage":15,"enemies":"3 Sentries","floor":10,"turns":6},{"damage":0,"enemies":"Large Slime","floor":11,"turns":3},{"damage":2,"enemies":"3 Louse","floor":12,"turns":3},{"damage":0,"enemies":"Looter","floor":14,"turns":2},{"damage":46,"enemies":"The Guardian","floor":16,"turns":7},{"damage":12,"enemies":"Chosen","floor":18,"turns":4},{"damage":18,"enemies":"3 Byrds","floor":19,"turns":6},{"damage":18,"enemies":"Centurion and Healer","floor":25,"turns":5},{"damage":46,"enemies":"Gremlin Leader","floor":27,"turns":5}],"seed_played":"477980417251365472","potions_obtained":[{"floor":1,"key":"SkillPotion"},{"floor":2,"key":"Regen Potion"},{"floor":10,"key":"Energy Potion"},{"floor":14,"key":"Block Potion"},{"floor":19,"key":"Swift Potion"}],"is_trial":false,"path_per_floor":["M","M","M","M","$","R","?","$","T","E","M","M","$","M","R","B",null,"M","M","?","?","?","R","?","M","T","E"],"character_chosen":"IRONCLAD","items_purchased":["Brimstone","Rampage","Perfected Strike","Shrug It Off","Pommel Strike","Armaments","Power Through"],"campfire_rested":1,"item_purchase_floors":[5,5,5,5,8,8,13],"current_hp_per_floor":[52,47,45,58,58,58,42,42,42,33,39,43,43,49,73,40,80,74,62,62,62,62,62,46,34,34,0],"gold":261,"neow_bonus":"TWO_FIFTY_GOLD","is_prod":false,"is_daily":false,"chose_seed":false,"campfire_upgraded":2,"win_rate":0,"timestamp":1553757993,"path_taken":["M","?","M","M","$","R","?","$","T","E","M","M","?","M","R","BOSS","M","M","?","?","?","R","?","M","T","E"],"build_version":"2019-01-23","purchased_purges":0,"victory":false,"max_hp_per_floor":[80,80,80,80,80,80,80,80,80,80,80,80,80,80,80,80,80,80,80,80,80,80,80,80,80,80,80],"card_choices":[{"not_picked":["Clash","Warcry"],"picked":"Headbutt","floor":1},{"not_picked":["Fire Breathing","Body Slam"],"picked":"Perfected Strike","floor":2},{"not_picked":["Pommel Strike","Shrug It Off"],"picked":"Entrench","floor":3},{"not_picked":["Sword Boomerang","Carnage"],"picked":"Headbutt","floor":4},{"not_picked":["Perfected Strike","Sword Boomerang"],"picked":"Power Through","floor":10},{"not_picked":["Fire Breathing","Headbutt"],"picked":"Armaments","floor":11},{"not_picked":["Shrug It Off","Second Wind"],"picked":"Infernal Blade","floor":12},{"not_picked":["Second Wind","Demon Form"],"picked":"Warcry","floor":14},{"not_picked":["Bludgeon","Reaper"],"picked":"Limit Break","floor":16},{"not_picked":["True Grit","Armaments+1"],"picked":"Shrug It Off+1","floor":18},{"not_picked":["Warcry","Pommel Strike"],"picked":"Intimidate","floor":19},{"not_picked":["Flex","Uppercut"],"picked":"Metallicize","floor":25}],"player_experience":236844,"relics_obtained":[{"floor":9,"key":"Shuriken"},{"floor":10,"key":"Pantograph"},{"floor":24,"key":"Nilry\u0027s Codex"}],"event_choices":[{"damage_healed":0,"gold_gain":0,"player_choice":"Entered Light","damage_taken":16,"max_hp_gain":0,"max_hp_loss":0,"event_name":"Shining Light","floor":7,"gold_loss":0,"cards_upgraded":["Defend_R","Strike_R"]},{"damage_healed":0,"gold_gain":0,"player_choice":"Opened","damage_taken":0,"relics_obtained":["Unceasing Top"],"max_hp_gain":0,"max_hp_loss":0,"event_name":"The Mausoleum","floor":20,"gold_loss":0,"cards_obtained":["Writhe"]},{"damage_healed":0,"gold_gain":0,"player_choice":"Inject Mutagens","damage_taken":0,"relics_obtained":["MutagenicStrength"],"max_hp_gain":0,"max_hp_loss":0,"event_name":"Drug Dealer","floor":21,"gold_loss":0},{"damage_healed":0,"gold_gain":0,"player_choice":"Read","damage_taken":0,"max_hp_gain":0,"max_hp_loss":0,"event_name":"The Library","floor":22,"gold_loss":0,"cards_obtained":["Entrench"]},{"damage_healed":0,"gold_gain":0,"player_choice":"Obtained Book","damage_taken":16,"max_hp_gain":0,"max_hp_loss":0,"event_name":"Cursed Tome","floor":24,"gold_loss":0}],"is_beta":false,"boss_relics":[{"not_picked":["Black Star","Philosopher\u0027s Stone"],"picked":"Mark of Pain"}],"items_purged_floors":[],"is_endless":false,"potions_floor_spawned":[1,2,10,14,19],"killed_by":"Gremlin Leader","ascension_level":0}