{"gold_per_floor":[118,136,147,162,112,142,142,155,180,198,233,233,267,10,10,114,114,131,141,153,5,5],"floor_reached":22,"playtime":3322,"items_purged":[],"score":208,"play_id":"f94b74ee-be29-4ee6-96b8-e7d30b7a8ea9","local_time":"20190629201702","is_ascension_mode":false,"campfire_choices":[{"floor":7.0,"key":"REST"},{"floor":12.0,"key":"REST"},{"floor":15.0,"key":"REST"}],"neow_cost":"NONE","seed_source_timestamp":0,"circlet_count":0,"master_deck":["Strike_R","Strike_R","Strike_R","Strike_R","Defend_R","Defend_R","Defend_R","Defend_R+1","Bash+1","Rampage","Pommel Strike","Inflame","Spot Weakness","Shrug It Off+1","Infernal Blade","Carnage","Battle Trance","Shrug It Off","Armaments","Warcry","Shrug It Off","Secret Technique","Pummel","Double Tap","Pommel Strike","Inflame","Burning Pact+1","Jack Of All Trades"],"special_seed":0,"relics":["Burning Blood","Blood Vial","War Paint","Dream Catcher","MawBank","Fusion Hammer"],"potions_floor_usage":[20],"damage_taken":[{"damage":4.0,"enemies":"2 Louse","floor":1.0,"turns":4.0},{"damage":7.0,"enemies":"Small Slimes","floor":2.0,"turns":3.0},{"damage":6.0,"enemies":"Jaw Worm","floor":3.0,"turns":3.0},{"damage":0.0,"enemies":"Large Slime","floor":4.0,"turns":5.0},{"damage":35.0,"enemies":"3 Sentries","floor":6.0,"turns":7.0},{"damage":19.0,"enemies":"Gremlin Gang","floor":8.0,"turns":5.0},{"damage":4.0,"enemies":"Blue Slaver","floor":10.0,"turns":4.0},{"damage":28.0,"enemies":"Gremlin Nob","floor":11.0,"turns":4.0},{"damage":18.0,"enemies":"3 Sentries","floor":13.0,"turns":7.0},{"damage":39.0,"enemies":"Hexaghost","floor":16.0,"turns":9.0},{"damage":10,"enemies":"Chosen","floor":18,"turns":3},{"damage":17,"enemies":"2 Thieves","floor":19,"turns":5},{"damage":34,"enemies":"3 Cultists","floor":20,"turns":6},{"damage":43,"enemies":"Chosen and Byrds","floor":22,"turns":6}],"seed_played":"-8377375620332030964","potions_obtained":[{"floor":3.0,"key":"Weak Potion"},{"floor":4.0,"key":"SteroidPotion"},{"floor":10.0,"key":"LiquidBronze"},{"floor":11.0,"key":"SkillPotion"},{"floor":16.0,"key":"SteroidPotion"},{"floor":18,"key":"SpeedPotion"}],"is_trial":false,"path_per_floor":["M","M","M","M","?","E","R","M","T","M","E","R","E","$","R","B",null,"M","M","M","$","M"],"character_chosen":"IRONCLAD","items_purchased":["Warcry","Shrug It Off","Secret Technique","Jack Of All Trades","Strength Potion"],"campfire_rested":3,"item_purchase_floors":[14,14,14,21,21],"current_hp_per_floor":[80,79,79,80,80,51,75,64,64,68,48,72,62,62,80,47,80,76,67,41,41,0],"gold":5,"neow_bonus":"UPGRADE_CARD","is_prod":false,"is_daily":false,"chose_seed":false,"campfire_upgraded":0,"win_rate":0.0,"timestamp":1561828622,"path_taken":["M","M","M","M","?","E","R","M","T","M","E","R","E","$","R","BOSS","M","M","M","$","M"],"build_version":"2019-01-23","purchased_purges":0,"victory":false,"max_hp_per_floor":[80,80,80,80,80,80,80,80,80,80,80,80,80,80,80,80,80,80,80,80,80,80],"card_choices":[{"not_picked":["Anger","Clash"],"picked":"Rampage","floor":1.0},{"not_picked":["Anger","Heavy Blade"],"picked":"Pommel Strike","floor":2.0},{"not_picked":["Anger","Twin Strike"],"picked":"Inflame","floor":3.0},{"not_picked":["Pommel Strike","Iron Wave"],"picked":"Spot Weakness","floor":4.0},{"not_picked":["Metallicize","Uppercut"],"picked":"Shrug It Off","floor":6.0},{"not_picked":["Corruption","Reckless Charge"],"picked":"Infernal Blade","floor":8.0},{"not_picked":["Flex","Twin Strike"],"picked":"Carnage","floor":10.0},{"not_picked":["Clash","Inflame"],"picked":"Battle Trance","floor":11.0},{"not_picked":["Corruption","Juggernaut"],"picked":"Shrug It Off","floor":12.0},{"not_picked":["True Grit","Anger"],"picked":"Armaments","floor":13.0},{"not_picked":["Entrench","Iron Wave"],"picked":"Pummel","floor":15.0},{"not_picked":["Brutality","Impervious"],"picked":"Double Tap","floor":16.0},{"not_picked":["True Grit","Clash"],"picked":"Pommel Strike","floor":18},{"not_picked":["Fire Breathing+1","Sword Boomerang"],"picked":"Inflame","floor":19},{"not_picked":["Clothesline","Anger"],"picked":"Burning Pact+1","floor":20}],"player_experience":23445,"relics_obtained":[{"floor":6.0,"key":"Blood Vial"},{"floor":9.0,"key":"War Paint"},{"floor":11.0,"key":"Dream Catcher"},{"floor":13.0,"key":"MawBank"}],"event_choices":[{"cards_removed":["Strike_R"],"damage_healed":0.0,"max_hp_gain":0.0,"max_hp_loss":0.0,"gold_gain":0.0,"event_name":"The Cleric","player_choice":"Card Removal","floor":5.0,"gold_loss":50.0,"damage_taken":0.0}],"is_beta":false,"boss_relics":[{"not_picked":["Busted Crown","Snecko Eye"],"picked":"Fusion Hammer"}],"items_purged_floors":[],"is_endless":false,"potions_floor_spawned":[3,4,10,11,16,18],"killed_by":"Chosen and Byrds","ascension_level":0}