{"gold_per_floor":[15,26,26,26,26,64,64,89,164,164,164,178,178],"floor_reached":13,"playtime":629,"items_purged":[],"score":128,"play_id":"72c38d70-09c9-478c-a2e1-9ea09ecfcd14","local_time":"20190705070024","is_ascension_mode":true,"campfire_choices":[{"floor":7.0,"key":"REST"},{"floor":11,"key":"DIG"}],"neow_cost":"NO_GOLD","seed_source_timestamp":156994562208396,"circlet_count":0,"master_deck":["AscendersBane","Strike_B","Strike_B","Defend_B","Defend_B","Defend_B","Defend_B","Zap","Dualcast","Defragment","Buffer","Auto Shields"],"special_seed":0,"relics":["Cracked Core","Shovel","Golden Idol","Vajra","Gremlin Horn","Calipers"],"potions_floor_usage":[10],"damage_taken":[{"damage":1.0,"enemies":"2 Louse","floor":1.0,"turns":3.0},{"damage":0.0,"enemies":"Small Slimes","floor":2.0,"turns":2.0},{"damage":45.0,"enemies":"3 Sentries","floor":6.0,"turns":9.0},{"damage":1.0,"enemies":"Cultist","floor":8.0,"turns":4.0},{"damage":0,"enemies":"Blue Slaver","floor":10,"turns":1},{"damage":25,"enemies":"3 Louse","floor":12,"turns":4}],"seed_played":"3378133513176685516","potions_obtained":[{"floor":1.0,"key":"Ancient Potion"},{"floor":6.0,"key":"SmokeBomb"}],"is_trial":false,"path_per_floor":["M","M","?","?","?","E","R","M","T","M","R","M","?"],"character_chosen":"DEFECT","items_purchased":[],"campfire_rested":1,"item_purchase_floors":[],"current_hp_per_floor":[67,67,67,67,60,15,35,34,34,34,34,9,0],"gold":178,"neow_bonus":"ONE_RARE_RELIC","is_prod":false,"is_daily":false,"chose_seed":false,"campfire_upgraded":0,"win_rate":0,"timestamp":1562328024,"path_taken":["M","M","?","?","?","E","R","M","T","M","R","M","?"],"build_version":"2019-07-01","purchased_purges":0,"victory":false,"max_hp_per_floor":[75,75,69,69,69,69,69,69,69,69,69,69,69],"card_choices":[{"not_picked":["Double Energy","Rebound","Leap"],"picked":"SKIP","floor":1.0},{"not_picked":["Redo","Go for the Eyes"],"picked":"Defragment","floor":2.0},{"not_picked":["Capacitor","Turbo"],"picked":"Buffer","floor":6.0},{"not_picked":["Turbo","Double Energy","Steam"],"picked":"SKIP","floor":8.0},{"not_picked":["Leap","Gash"],"picked":"Auto Shields","floor":12}],"player_experience":518804,"relics_obtained":[{"floor":6.0,"key":"Vajra"},{"floor":9.0,"key":"Gremlin Horn"},{"floor":11,"key":"Calipers"}],"event_choices":[{"damage_healed":0.0,"max_hp_gain":0.0,"max_hp_loss":6.0,"gold_gain":0.0,"event_name":"Golden Idol","player_choice":"Lose Max HP","floor":3.0,"gold_loss":0.0,"damage_taken":0.0,"relics_obtained":["Golden Idol"]},{"cards_removed":["Strike_B"],"damage_healed":0.0,"max_hp_gain":0.0,"max_hp_loss":0.0,"gold_gain":0.0,"event_name":"Living Wall","player_choice":"Forget","floor":4.0,"gold_loss":0.0,"damage_taken":0.0},{"cards_removed":["Strike_B"],"damage_healed":0.0,"max_hp_gain":0.0,"max_hp_loss":0.0,"gold_gain":0.0,"event_name":"Golden Wing","player_choice":"Card Removal","floor":5.0,"gold_loss":0.0,"damage_taken":7.0}],"is_beta":false,"boss_relics":[],"items_purged_floors":[],"is_endless":false,"potions_floor_spawned":[1,6],"ascension_level":10}