{"gold_per_floor":[10,185,201,201,214,214,240,240,311,311],"floor_reached":10,"playtime":506,"items_purged":[],"score":79,"play_id":"6c362fe7-e8ec-4051-9c66-a013be119040","local_time":"20190424162943","is_ascension_mode":true,"campfire_choices":[{"data":"Night Terror","floor":6,"key":"SMITH"},{"floor":8,"key":"REST"}],"neow_cost":"NO_GOLD","seed_source_timestamp":1973848922548,"circlet_count":0,"master_deck":["Defend_G","Defend_G","Defend_G","Defend_G","Defend_G","Strike_G","Strike_G","Strike_G","Strike_G","Survivor","Neutralize","Night Terror+1","Poisoned Stab","Doubt","PiercingWail","Bane","Backflip"],"relics":["Ring of the Snake","Bag of Preparation","Meat on the Bone"],"potions_floor_usage":[7,10],"damage_taken":[{"damage":4,"enemies":"Small Slimes","floor":1,"turns":4},{"damage":0,"enemies":"2 Louse","floor":3,"turns":2},{"damage":5,"enemies":"Cultist","floor":5,"turns":6},{"damage":32,"enemies":"3 Sentries","floor":7,"turns":12},{"damage":63,"enemies":"Gremlin Nob","floor":10,"turns":5}],"seed_played":"-7942218120886368269","potions_obtained":[{"floor":1,"key":"Swift Potion"},{"floor":7,"key":"SteroidPotion"}],"is_trial":false,"path_per_floor":["M","?","M","?","M","R","E","R","T","E"],"character_chosen":"THE_SILENT","items_purchased":[],"campfire_rested":1,"item_purchase_floors":[],"current_hp_per_floor":[66,66,66,66,61,61,29,50,50,0],"gold":311,"neow_bonus":"THREE_RARE_CARDS","is_prod":false,"is_daily":false,"chose_seed":false,"campfire_upgraded":1,"win_rate":0,"timestamp":1556087383,"path_taken":["M","?","M","?","M","R","E","R","T","E"],"build_version":"2019-01-23","purchased_purges":0,"victory":false,"max_hp_per_floor":[70,70,70,70,70,70,70,70,70,70],"card_choices":[{"not_picked":["Unload","Corpse Explosion"],"picked":"Night Terror","floor":0},{"not_picked":["Heel Hook","PiercingWail"],"picked":"Poisoned Stab","floor":1},{"not_picked":["Crippling Poison","Expertise"],"picked":"PiercingWail","floor":3},{"not_picked":["Underhanded Strike","Bane","Riddle With Holes"],"picked":"SKIP","floor":5},{"not_picked":["Underhanded Strike","Riddle With Holes"],"picked":"Bane","floor":5},{"not_picked":["Sucker Punch","Flying Knee"],"picked":"Backflip","floor":7}],"player_experience":454915,"relics_obtained":[{"floor":7,"key":"Bag of Preparation"},{"floor":9,"key":"Meat on the Bone"}],"event_choices":[{"damage_healed":0,"gold_gain":175,"player_choice":"AGREE","damage_taken":0,"max_hp_gain":0,"max_hp_loss":0,"event_name":"Liars Game","floor":2,"gold_loss":0,"cards_obtained":["Doubt"]},{"cards_removed":["Strike_G"],"damage_healed":0,"gold_gain":0,"player_choice":"Offered Basic","damage_taken":0,"max_hp_gain":0,"max_hp_loss":0,"event_name":"Bonfire Elementals","floor":4,"gold_loss":0}],"is_beta":false,"boss_relics":[],"items_purged_floors":[],"is_endless":false,"potions_floor_spawned":[1,7],"killed_by":"Gremlin Nob","ascension_level":4}