{"gold_per_floor":[17,17,17,33,33,33,64,64,64,64,64,79,107,32,32,134,134,145,161,161,34,34,61,80,80,80,80,3,337,337,352,352,453,453,472,382,402,46,56,70,70,70,70,70,6,19,19,19,19,19],"floor_reached":51,"playtime":2766,"items_purged":["Strike_R","Strike_R+1"],"score":880,"play_id":"f1e90aa5-3db2-4b6c-a2f5-2eea4c2a4c25","local_time":"20190705220552","is_ascension_mode":true,"campfire_choices":[{"data":"Bash","floor":6,"key":"SMITH"},{"floor":10,"key":"REST"},{"data":"Flame Barrier","floor":15,"key":"SMITH"},{"data":"Barricade","floor":25,"key":"SMITH"},{"data":"Entrench","floor":30,"key":"SMITH"},{"floor":32,"key":"RECALL"},{"data":"Body Slam","floor":42,"key":"SMITH"},{"floor":47,"key":"REST"},{"data":"Shrug It Off","floor":49,"key":"SMITH"}],"neow_cost":"NO_GOLD","seed_source_timestamp":0,"circlet_count":0,"master_deck":["Strike_R+1","Defend_R+1","Defend_R+1","Defend_R+1","Bash+1","Metallicize+1","Headbutt","Flame Barrier+1","Cleave","Dropkick","Barricade+1","Pommel Strike","Dual Wield+1","Body Slam+1","Rampage+1","Entrench+1","Shrug It Off+1","Body Slam+1"],"special_seed":0,"relics":["Burning Blood","Torii","Art of War","Champion Belt","Bronze Scales","Velvet Choker","Mango","Meat on the Bone","CultistMask","Old Coin","Philosopher\u0027s Stone","Paper Frog","Bottled Flame","Pear"],"potions_floor_usage":[16,23,29,29,33,50,50],"damage_taken":[{"damage":0,"enemies":"Small Slimes","floor":1,"turns":3},{"damage":3,"enemies":"2 Louse","floor":4,"turns":3},{"damage":49,"enemies":"3 Sentries","floor":7,"turns":11},{"damage":0,"enemies":"Cultist","floor":12,"turns":3},{"damage":15,"enemies":"Gremlin Nob","floor":13,"turns":4},{"damage":14,"enemies":"Slime Boss","floor":16,"turns":9},{"damage":12,"enemies":"2 Thieves","floor":18,"turns":4},{"damage":9,"enemies":"Shell Parasite","floor":19,"turns":7},{"damage":30,"enemies":"Gremlin Leader","floor":23,"turns":8},{"damage":11,"enemies":"3 Cultists","floor":24,"turns":5},{"damage":9,"enemies":"Book of Stabbing","floor":29,"turns":5},{"damage":0,"enemies":"Snecko","floor":31,"turns":6},{"damage":30,"enemies":"Collector","floor":33,"turns":13},{"damage":1,"enemies":"3 Darklings","floor":35,"turns":7},{"damage":1,"enemies":"Orb Walker","floor":37,"turns":4},{"damage":29,"enemies":"Maw","floor":39,"turns":7},{"damage":10,"enemies":"Writhing Mass","floor":40,"turns":6},{"damage":14,"enemies":"4 Shapes","floor":46,"turns":6},{"damage":92,"enemies":"Time Eater","floor":50,"turns":9}],"seed_played":"-6724121731579622984","potions_obtained":[{"floor":1,"key":"LiquidBronze"},{"floor":7,"key":"SkillPotion"},{"floor":13,"key":"SkillPotion"},{"floor":18,"key":"LiquidBronze"},{"floor":29,"key":"Explosive Potion"},{"floor":35,"key":"Regen Potion"},{"floor":37,"key":"SpeedPotion"},{"floor":46,"key":"LiquidBronze"}],"is_trial":false,"path_per_floor":["M","?","?","M","$","R","E","$","T","R","?","M","E","$","R","B",null,"M","M","?","$","?","E","M","R","T","?","$","E","R","M","R","B",null,"M","?","M","$","M","M","?","R","T","$","?","M","R","?","R","B",null],"character_chosen":"IRONCLAD","items_purchased":["Dual Wield","Body Slam","Entrench","Paper Frog"],"campfire_rested":2,"item_purchase_floors":[21,21,28,38],"current_hp_per_floor":[80,80,80,80,80,80,37,37,37,61,61,67,58,58,58,50,73,67,64,64,64,64,54,49,49,49,49,49,58,58,64,64,52,84,89,89,94,94,71,67,67,67,67,67,77,69,100,100,100,41],"gold":19,"neow_bonus":"REMOVE_TWO","is_prod":false,"is_daily":false,"chose_seed":false,"campfire_upgraded":6,"win_rate":0,"timestamp":1562378752,"path_taken":["M","?","?","M","$","R","E","$","T","R","?","M","E","$","R","BOSS","M","?","?","$","?","E","M","R","T","?","$","E","R","M","R","BOSS","M","?","?","$","M","M","?","R","T","$","?","?","R","?","R","BOSS"],"build_version":"2019-07-05","purchased_purges":2,"victory":true,"max_hp_per_floor":[80,80,80,80,80,80,80,80,80,80,80,80,80,80,80,80,80,80,80,80,80,80,94,94,94,94,94,94,94,94,94,94,94,94,94,94,94,94,94,94,94,94,94,94,104,104,104,104,104,104],"card_choices":[{"not_picked":["Feel No Pain","Sword Boomerang"],"picked":"Metallicize","floor":1},{"not_picked":["Anger","Thunderclap"],"picked":"Headbutt","floor":4},{"not_picked":["Headbutt","Sword Boomerang"],"picked":"Flame Barrier","floor":7},{"not_picked":["Havoc","Armaments"],"picked":"Cleave","floor":12},{"not_picked":["Immolate","Anger"],"picked":"Dropkick","floor":13},{"not_picked":["Brutality","Exhume"],"picked":"Barricade","floor":16},{"not_picked":["Corruption+1","Pummel"],"picked":"Pommel Strike","floor":18},{"not_picked":["Combust","Clothesline","Searing Blow"],"picked":"SKIP","floor":19},{"not_picked":["Havoc","Pummel"],"picked":"Rampage","floor":23},{"not_picked":["Body Slam","Whirlwind","Reckless Charge"],"picked":"SKIP","floor":24},{"not_picked":["Sentinel","Cleave"],"picked":"Shrug It Off","floor":29},{"not_picked":["Shrug It Off","Warcry","Wild Strike"],"picked":"SKIP","floor":31},{"not_picked":["True Grit","Rupture+1"],"picked":"Body Slam+1","floor":35},{"not_picked":["Flex+1","Clothesline","Exhume"],"picked":"SKIP","floor":37},{"not_picked":["Reckless Charge+1","Rupture+1","Clothesline+1"],"picked":"SKIP","floor":39},{"not_picked":["Body Slam+1","Clash+1","Carnage"],"picked":"SKIP","floor":40},{"not_picked":["Havoc+1","Feed","Fire Breathing"],"picked":"SKIP","floor":46}],"player_experience":117194,"relics_obtained":[{"floor":7,"key":"Art of War"},{"floor":9,"key":"Champion Belt"},{"floor":13,"key":"Bronze Scales"},{"floor":23,"key":"Mango"},{"floor":26,"key":"Meat on the Bone"},{"floor":29,"key":"Old Coin"},{"floor":43,"key":"Bottled Flame"}],"event_choices":[{"damage_healed":0,"gold_gain":0,"player_choice":"Grow","damage_taken":0,"max_hp_gain":0,"max_hp_loss":0,"event_name":"Living Wall","floor":2,"gold_loss":0,"cards_upgraded":["Metallicize"]},{"damage_healed":0,"gold_gain":0,"player_choice":"Box","damage_taken":0,"relics_obtained":["Torii"],"max_hp_gain":0,"max_hp_loss":0,"event_name":"Big Fish","floor":3,"gold_loss":0,"cards_obtained":["Regret"]},{"cards_removed":["Regret"],"damage_healed":0,"gold_gain":0,"player_choice":"Removed Curses","damage_taken":0,"max_hp_gain":0,"max_hp_loss":0,"event_name":"Fountain of Cleansing","floor":11,"gold_loss":0},{"damage_healed":0,"gold_gain":0,"player_choice":"Simplicity","damage_taken":0,"max_hp_gain":0,"max_hp_loss":0,"event_name":"Back to Basics","floor":20,"gold_loss":0,"cards_upgraded":["Strike_R","Strike_R","Strike_R","Defend_R","Defend_R","Defend_R"]},{"damage_healed":0,"gold_gain":0,"player_choice":"Ignored","damage_taken":0,"max_hp_gain":0,"max_hp_loss":0,"event_name":"Ghosts","floor":22,"gold_loss":0},{"damage_healed":0,"gold_gain":0,"player_choice":"Trade","damage_taken":0,"relics_obtained":["CultistMask"],"max_hp_gain":0,"max_hp_loss":0,"event_name":"FaceTrader","floor":27,"gold_loss":0},{"cards_removed":["Strike_R"],"damage_healed":0,"gold_gain":0,"player_choice":"Upgrade and Remove","damage_taken":0,"max_hp_gain":0,"max_hp_loss":0,"event_name":"Designer","floor":36,"gold_loss":90,"cards_upgraded":["Dual Wield"]},{"damage_healed":0,"gold_gain":0,"player_choice":"Memory 1","damage_taken":0,"max_hp_gain":0,"max_hp_loss":0,"event_name":"SensoryStone","floor":41,"gold_loss":0},{"damage_healed":0,"gold_gain":0,"player_choice":"Paid Gold","damage_taken":0,"relics_obtained":["Pear"],"max_hp_gain":0,"max_hp_loss":0,"event_name":"WeMeetAgain","floor":45,"gold_loss":64},{"damage_healed":0,"gold_gain":0,"player_choice":"Upgraded","damage_taken":0,"max_hp_gain":0,"max_hp_loss":0,"event_name":"Upgrade Shrine","floor":48,"gold_loss":0,"cards_upgraded":["Rampage"]}],"is_beta":false,"boss_relics":[{"not_picked":["Fusion Hammer","Astrolabe"],"picked":"Velvet Choker"},{"not_picked":["Runic Dome","Sozu"],"picked":"Philosopher\u0027s Stone"}],"items_purged_floors":[14,38],"is_endless":false,"potions_floor_spawned":[1,7,13,18,29,35,37,46],"ascension_level":5}