{"gold_per_floor":[112,125,50,50,50,50,125,125,149,163,163,178,192,66,66,162,162,162],"floor_reached":18,"playtime":1139,"items_purged":["Strike_R","Strike_R"],"score":150,"play_id":"37d910ec-e08c-4c71-a5af-e6d9b5e5ac22","local_time":"20190716235420","is_ascension_mode":false,"campfire_choices":[{"data":"Disarm","floor":6,"key":"SMITH"},{"data":"Bash","floor":8,"key":"SMITH"},{"data":"Shrug It Off","floor":11,"key":"SMITH"},{"data":"Ghostly Armor","floor":15,"key":"SMITH"}],"neow_cost":"NONE","seed_source_timestamp":29083220136612,"circlet_count":0,"master_deck":["Strike_R+1","Strike_R","Defend_R","Defend_R","Defend_R","Defend_R","Bash+1","Disarm+1","Headbutt+1","Shrug It Off+1","Ghostly Armor+1","Warcry","Iron Wave","Feed"],"relics":["Burning Blood","Runic Pyramid"],"potions_floor_usage":[],"damage_taken":[{"damage":0,"enemies":"2 Louse","floor":1,"turns":3},{"damage":0,"enemies":"Small Slimes","floor":2,"turns":4},{"damage":4,"enemies":"Jaw Worm","floor":10,"turns":5},{"damage":1,"enemies":"Exordium Thugs","floor":12,"turns":6},{"damage":0,"enemies":"Large Slime","floor":13,"turns":5},{"damage":40,"enemies":"The Guardian","floor":16,"turns":17},{"damage":2,"enemies":"3 Byrds","floor":18,"turns":3}],"seed_played":"5461279606527110499","potions_obtained":[{"floor":12,"key":"EssenceOfSteel"},{"floor":16,"key":"Swift Potion"}],"is_trial":false,"path_per_floor":["M","M","$","?","?","R","?","R","T","M","R","M","M","$","R","B",null,"M"],"character_chosen":"IRONCLAD","items_purchased":["Iron Wave"],"campfire_rested":0,"item_purchase_floors":[14],"current_hp_per_floor":[88,88,88,70,63,63,52,52,52,54,54,59,65,65,65,31,88,86],"gold":162,"neow_bonus":"TEN_PERCENT_HP_BONUS","is_prod":false,"is_daily":false,"chose_seed":false,"campfire_upgraded":4,"win_rate":0,"timestamp":1563314060,"path_taken":["M","M","$","?","?","R","?","R","T","M","R","M","?","$","R","BOSS","M"],"build_version":"2019-07-05","purchased_purges":2,"victory":false,"max_hp_per_floor":[88,88,88,88,88,88,88,88,88,88,88,88,88,88,88,88,88,88],"card_choices":[{"not_picked":["Havoc","True Grit"],"picked":"Disarm","floor":1},{"not_picked":["Iron Wave","Clash"],"picked":"Headbutt","floor":2},{"not_picked":["Warcry","Feel No Pain"],"picked":"Shrug It Off","floor":10},{"not_picked":["Shrug It Off","Havoc"],"picked":"Ghostly Armor","floor":12},{"not_picked":["Entrench","Corruption"],"picked":"Warcry","floor":13},{"not_picked":["Juggernaut","Impervious"],"picked":"Feed","floor":16}],"player_experience":176813,"relics_obtained":[],"event_choices":[{"damage_healed":0,"gold_gain":0,"player_choice":"Entered Light","damage_taken":18,"max_hp_gain":0,"max_hp_loss":0,"event_name":"Shining Light","floor":4,"gold_loss":0,"cards_upgraded":["Headbutt","Strike_R"]},{"cards_removed":["Strike_R"],"damage_healed":0,"gold_gain":0,"player_choice":"Card Removal","damage_taken":7,"max_hp_gain":0,"max_hp_loss":0,"event_name":"Golden Wing","floor":5,"gold_loss":0},{"damage_healed":0,"gold_gain":75,"player_choice":"Gather Gold","damage_taken":11,"max_hp_gain":0,"max_hp_loss":0,"event_name":"World of Goop","floor":7,"gold_loss":0}],"is_beta":false,"boss_relics":[{"not_picked":["Runic Dome","Fusion Hammer"],"picked":"Runic Pyramid"}],"items_purged_floors":[3,14],"is_endless":false,"potions_floor_spawned":[12,16],"killed_by":"3 Byrds","ascension_level":0}