{"gold_per_floor":[19,19,31,50,67,97,28,28,28,41,60,87,107,13,13,108,108,125,140,156,31,41,41,68,68],"floor_reached":25,"playtime":1290,"items_purged":[],"score":237,"play_id":"7006bbc7-3045-4dca-876f-e5701e55e670","local_time":"20190418160303","is_ascension_mode":false,"campfire_choices":[{"floor":8,"key":"REST"},{"floor":15,"key":"REST"},{"floor":23,"key":"REST"}],"neow_cost":"NO_GOLD","seed_source_timestamp":13994659817817,"circlet_count":0,"master_deck":["Strike_R","Strike_R","Strike_R","Strike_R","Strike_R","Defend_R","Defend_R","Defend_R","Defend_R","Bash","Thunderclap","Spot Weakness","Seeing Red","Metallicize","Power Through","Flex","Headbutt","Cleave","Iron Wave","Flame Barrier","Flex","Shrug It Off","Cleave","Barricade","Feel No Pain","True Grit","Spot Weakness","Panacea","Flex","Power Through+1"],"relics":["Burning Blood","Ginger","Dream Catcher","Mummified Hand","Du-Vu Doll","Mark of Pain","Meat on the Bone"],"potions_floor_usage":[12,16,16,20,24,24],"damage_taken":[{"damage":0,"enemies":"Small Slimes","floor":1,"turns":3},{"damage":10,"enemies":"Cultist","floor":3,"turns":4},{"damage":0,"enemies":"2 Louse","floor":4,"turns":3},{"damage":10,"enemies":"Looter","floor":5,"turns":3},{"damage":58,"enemies":"Lagavulin","floor":6,"turns":7},{"damage":9,"enemies":"Blue Slaver","floor":10,"turns":3},{"damage":12,"enemies":"Exordium Thugs","floor":11,"turns":5},{"damage":18,"enemies":"Gremlin Nob","floor":12,"turns":4},{"damage":0,"enemies":"3 Louse","floor":13,"turns":2},{"damage":34,"enemies":"Hexaghost","floor":16,"turns":9},{"damage":23,"enemies":"Shell Parasite","floor":18,"turns":7},{"damage":27,"enemies":"Chosen","floor":19,"turns":7},{"damage":20,"enemies":"Centurion and Healer","floor":20,"turns":11},{"damage":0,"enemies":"Cultist and Chosen","floor":22,"turns":10},{"damage":20,"enemies":"Slavers","floor":24,"turns":7},{"damage":50,"enemies":"3 Cultists","floor":25,"turns":6}],"seed_played":"-8855208460458038008","potions_obtained":[{"floor":10,"key":"Energy Potion"},{"floor":11,"key":"SkillPotion"},{"floor":12,"key":"Ancient Potion"},{"floor":13,"key":"SpeedPotion"},{"floor":20,"key":"EssenceOfSteel"},{"floor":22,"key":"Block Potion"}],"is_trial":false,"path_per_floor":["M","?","M","M","M","E","$","R","T","M","M","E","M","$","R","B",null,"M","M","M","$","M","R","E","M"],"character_chosen":"IRONCLAD","items_purchased":["Power Through","Flex","Shrug It Off","Spot Weakness","Panacea"],"campfire_rested":3,"item_purchase_floors":[7,14,14,21,21],"current_hp_per_floor":[80,72,68,74,70,18,18,42,42,39,33,21,27,27,51,23,80,63,42,28,28,34,58,44,0],"gold":68,"neow_bonus":"ONE_RARE_RELIC","is_prod":false,"is_daily":false,"chose_seed":false,"campfire_upgraded":0,"win_rate":0,"timestamp":1555567383,"path_taken":["M","?","M","M","M","E","$","R","T","M","?","E","M","$","R","BOSS","M","M","M","?","M","R","E","M"],"build_version":"2019-01-23","purchased_purges":0,"victory":false,"max_hp_per_floor":[80,80,80,80,80,80,80,80,80,80,80,80,80,80,80,80,80,80,80,80,80,80,80,80,80],"card_choices":[{"not_picked":["Perfected Strike","Iron Wave"],"picked":"Thunderclap","floor":1},{"not_picked":["Sword Boomerang","Perfected Strike","Warcry"],"picked":"SKIP","floor":3},{"not_picked":["Flame Barrier","Heavy Blade"],"picked":"Spot Weakness","floor":4},{"not_picked":["Shockwave","Havoc"],"picked":"Seeing Red","floor":5},{"not_picked":["Wild Strike","Pummel"],"picked":"Metallicize","floor":6},{"not_picked":["Shrug It Off","Impervious"],"picked":"Flex","floor":8},{"not_picked":["Seeing Red","Sentinel"],"picked":"Headbutt","floor":10},{"not_picked":["Corruption","Sword Boomerang"],"picked":"Cleave","floor":11},{"not_picked":["Twin Strike","Clash"],"picked":"Iron Wave","floor":12},{"not_picked":["Evolve","Thunderclap"],"picked":"Flame Barrier","floor":13},{"not_picked":["Evolve","Carnage"],"picked":"Cleave","floor":15},{"not_picked":["Impervious","Dark Embrace"],"picked":"Barricade","floor":16},{"not_picked":["Whirlwind","Clash+1","Cleave+1"],"picked":"SKIP","floor":18},{"not_picked":["Cleave","Clash"],"picked":"Feel No Pain","floor":19},{"not_picked":["Twin Strike","Immolate"],"picked":"True Grit","floor":20},{"not_picked":["Pommel Strike","Rupture"],"picked":"Flex","floor":22},{"not_picked":["Rampage","Perfected Strike+1"],"picked":"Power Through+1","floor":23},{"not_picked":["Thunderclap","Reckless Charge","Warcry"],"picked":"SKIP","floor":24}],"player_experience":333246,"relics_obtained":[{"floor":6,"key":"Dream Catcher"},{"floor":9,"key":"Mummified Hand"},{"floor":12,"key":"Du-Vu Doll"},{"floor":24,"key":"Meat on the Bone"}],"event_choices":[{"damage_healed":0,"gold_gain":0,"player_choice":"Damaged","damage_taken":8,"max_hp_gain":0,"max_hp_loss":0,"event_name":"Wheel of Change","floor":2,"gold_loss":0}],"is_beta":false,"boss_relics":[{"not_picked":["Black Star","Orrery"],"picked":"Mark of Pain"}],"items_purged_floors":[],"is_endless":false,"potions_floor_spawned":[10,11,12,13,20,22],"killed_by":"3 Cultists","ascension_level":0}