{"gold_per_floor":[117,129,146,146,166,166,197,217,271,271,271,287,309,309,309,309],"floor_reached":16,"playtime":796,"items_purged":[],"score":128,"play_id":"2ada0dbf-48e2-46d0-a214-edb0ed6978e6","local_time":"20190514093250","is_ascension_mode":true,"campfire_choices":[{"data":"Neutralize","floor":6,"key":"SMITH"},{"floor":11,"key":"REST"},{"floor":15,"key":"REST"}],"neow_cost":"NONE","seed_source_timestamp":9486497365919,"circlet_count":0,"master_deck":["Defend_G","Defend_G","Defend_G","Defend_G","Defend_G","Strike_G","Strike_G","Strike_G","Strike_G","Survivor","Neutralize+1","Dagger Spray","Cloak And Dagger","Poisoned Stab","Regret","Dagger Throw","Leg Sweep","Blade Dance","Distraction","Blade Dance","Predator+1"],"relics":["Ring of the Snake","Blood Vial","Molten Egg 2","Anchor","Odd Mushroom","Pantograph"],"potions_floor_usage":[7],"damage_taken":[{"damage":7,"enemies":"Small Slimes","floor":1,"turns":4},{"damage":0,"enemies":"2 Louse","floor":2,"turns":3},{"damage":0,"enemies":"Cultist","floor":3,"turns":4},{"damage":6,"enemies":"Looter","floor":5,"turns":3},{"damage":42,"enemies":"Gremlin Nob","floor":7,"turns":6},{"damage":31,"enemies":"Exordium Wildlife","floor":8,"turns":8},{"damage":1,"enemies":"Large Slime","floor":12,"turns":4},{"damage":23,"enemies":"The Mushroom Lair","floor":13,"turns":6},{"damage":56,"enemies":"Slime Boss","floor":16,"turns":11}],"seed_played":"-5237347049565598931","potions_obtained":[{"floor":0,"key":"SmokeBomb"},{"floor":0,"key":"Regen Potion"},{"floor":0,"key":"Strength Potion"},{"floor":8,"key":"SpeedPotion"}],"is_trial":false,"path_per_floor":["M","M","M","?","M","R","E","M","T","?","R","M","?","T","R","B"],"character_chosen":"THE_SILENT","items_purchased":[],"campfire_rested":2,"item_purchase_floors":[],"current_hp_per_floor":[63,63,63,63,59,59,31,2,2,2,23,24,3,3,24,0],"gold":309,"neow_bonus":"THREE_SMALL_POTIONS","is_prod":false,"is_daily":false,"chose_seed":false,"campfire_upgraded":1,"win_rate":0,"timestamp":1557790370,"path_taken":["M","M","M","?","M","R","E","M","T","?","R","M","?","?","R","BOSS"],"build_version":"2019-01-23","purchased_purges":0,"victory":false,"max_hp_per_floor":[70,70,70,70,70,70,70,70,70,70,70,70,70,70,70,70],"card_choices":[{"not_picked":["Outmaneuver","Bane"],"picked":"Dagger Spray","floor":1},{"not_picked":["Riddle With Holes","Caltrops"],"picked":"Cloak And Dagger","floor":2},{"not_picked":["Bane","Terror"],"picked":"Poisoned Stab","floor":3},{"not_picked":["Corpse Explosion","Infinite Blades"],"picked":"Dagger Throw","floor":5},{"not_picked":["PiercingWail","Skewer"],"picked":"Leg Sweep","floor":7},{"not_picked":["Endless Agony+1","Prepared"],"picked":"Blade Dance","floor":8},{"not_picked":["Deadly Poison","All Out Attack+1"],"picked":"Blade Dance","floor":12},{"not_picked":["Leg Sweep","PiercingWail"],"picked":"Predator+1","floor":13}],"player_experience":605338,"relics_obtained":[{"floor":7,"key":"Molten Egg 2"},{"floor":9,"key":"Anchor"},{"floor":13,"key":"Odd Mushroom"},{"floor":14,"key":"Pantograph"}],"event_choices":[{"damage_healed":0,"gold_gain":0,"player_choice":"Box","damage_taken":0,"relics_obtained":["Blood Vial"],"max_hp_gain":0,"max_hp_loss":0,"event_name":"Big Fish","floor":4,"gold_loss":0,"cards_obtained":["Regret"]},{"damage_healed":0,"gold_gain":0,"cards_transformed":["Strike_G"],"player_choice":"Change","damage_taken":0,"max_hp_gain":0,"max_hp_loss":0,"event_name":"Living Wall","floor":10,"gold_loss":0,"cards_obtained":["Distraction"]},{"damage_healed":0,"gold_gain":0,"player_choice":"Fought Mushrooms","damage_taken":0,"max_hp_gain":0,"max_hp_loss":0,"event_name":"Mushrooms","floor":13,"gold_loss":0}],"is_beta":false,"boss_relics":[],"items_purged_floors":[],"is_endless":false,"potions_floor_spawned":[1,8,13],"killed_by":"Slime Boss","ascension_level":5}