{"gold_per_floor":[114,114,114,127,127,163,176,199,225,225,249,269,293,309,309,432,432,456,480,84,102,227,268,283,283,283,283,208,243,259,295,295,423,423,439,564,9,9,25,25,56,56,83,109,142,54,72,87,87,87],"floor_reached":50,"playtime":3694,"items_purged":["Strike_R","Defend_R"],"score":563,"play_id":"2ff5cf55-06bd-4c05-b277-1bd92ca80128","local_time":"20190107041559","is_ascension_mode":false,"campfire_choices":[{"data":"Anger","floor":10,"key":"SMITH"},{"data":"Infernal Blade","floor":15,"key":"SMITH"},{"floor":25,"key":"REST"},{"data":"Fiend Fire","floor":27,"key":"SMITH"},{"floor":32,"key":"REST"},{"data":"Pummel","floor":40,"key":"SMITH"},{"data":"Flex","floor":42,"key":"SMITH"},{"data":"Double Tap","floor":49,"key":"SMITH"}],"neow_cost":"","seed_source_timestamp":1004117912166283,"circlet_count":0,"master_deck":["Strike_R","Strike_R","Defend_R","Defend_R+1","Defend_R+1","Bash","Anger+1","Brutality","Ghostly Armor","Bash","Fiend Fire+1","Cleave","Pummel+1","Shrug It Off","Pommel Strike","Infernal Blade+1","Impervious","Blood for Blood","Dramatic Entrance","Shrug It Off","Flex+1","Pummel+1","Metallicize","Clothesline","Reaper","Iron Wave","Flame Barrier","Twin Strike+1","Double Tap+1","Shrug It Off+1","Parasite","Feel No Pain"],"relics":["Black Blood","Golden Idol","Bag of Preparation","Oddly Smooth Stone","Busted Crown","Strange Spoon","Unceasing Top","Paper Frog","War Paint","Matryoshka","Bird Faced Urn","Blood Vial","Torii","Sling","Dodecahedron","Bottled Lightning","Bag of Marbles","MawBank"],"potions_floor_usage":[6,7,7,12,13,16,22,23,24,31,33,45,48,50,50],"damage_taken":[{"damage":6,"enemies":"2 Louse","floor":1,"turns":3},{"damage":2,"enemies":"Cultist","floor":4,"turns":3},{"damage":24,"enemies":"Gremlin Nob","floor":6,"turns":4},{"damage":10,"enemies":"Small Slimes","floor":7,"turns":4},{"damage":2,"enemies":"3 Louse","floor":8,"turns":3},{"damage":0,"enemies":"Blue Slaver","floor":11,"turns":2},{"damage":21,"enemies":"Large Slime","floor":12,"turns":5},{"damage":7,"enemies":"Exordium Thugs","floor":13,"turns":4},{"damage":7,"enemies":"Red Slaver","floor":14,"turns":2},{"damage":65,"enemies":"The Guardian","floor":16,"turns":9},{"damage":4,"enemies":"3 Byrds","floor":18,"turns":4},{"damage":14,"enemies":"2 Thieves","floor":19,"turns":3},{"damage":18,"enemies":"Snecko","floor":21,"turns":5},{"damage":2,"enemies":"Colosseum Slavers","floor":22,"turns":2},{"damage":22,"enemies":"Colosseum Nobs","floor":22,"turns":3},{"damage":32,"enemies":"Slavers","floor":23,"turns":5},{"damage":15,"enemies":"Shelled Parasite and Fungi","floor":24,"turns":4},{"damage":21,"enemies":"Gremlin Leader","floor":29,"turns":4},{"damage":12,"enemies":"3 Cultists","floor":30,"turns":4},{"damage":3,"enemies":"Book of Stabbing","floor":31,"turns":4},{"damage":44,"enemies":"Champ","floor":33,"turns":10},{"damage":19,"enemies":"3 Darklings","floor":35,"turns":4},{"damage":15,"enemies":"Mind Bloom Boss Battle","floor":36,"turns":6},{"damage":6,"enemies":"Orb Walker","floor":39,"turns":2},{"damage":38,"enemies":"Reptomancer","floor":41,"turns":6},{"damage":13,"enemies":"Sphere and 2 Shapes","floor":44,"turns":3},{"damage":40,"enemies":"Transient","floor":45,"turns":5},{"damage":0,"enemies":"Spire Growth","floor":47,"turns":1},{"damage":2,"enemies":"Writhing Mass","floor":48,"turns":4},{"damage":86,"enemies":"Awakened One","floor":50,"turns":14}],"seed_played":"7473467825339225840","potions_obtained":[{"floor":1,"key":"EntropicBrew"},{"floor":8,"key":"Regen Potion"},{"floor":11,"key":"Regen Potion"},{"floor":19,"key":"Ancient Potion"},{"floor":21,"key":"FearPotion"},{"floor":22,"key":"BloodPotion"},{"floor":23,"key":"SteroidPotion"},{"floor":31,"key":"Block Potion"},{"floor":36,"key":"Strength Potion"},{"floor":39,"key":"Ancient Potion"},{"floor":47,"key":"AttackPotion"},{"floor":48,"key":"SkillPotion"}],"is_trial":false,"path_per_floor":["M","?","?","M","?","E","M","M","T","R","M","M","M","M","R","B",null,"M","M","$","M","?","E","M","R","T","R","?","E","M","E","R","B",null,"M","?","$","?","M","R","E","R","T","M","M","$","M","M","R","B"],"character_chosen":"IRONCLAD","items_purchased":["Strange Spoon","Dramatic Entrance","Shrug It Off","Rupture","Flame Barrier","Sling","Dodecahedron"],"campfire_rested":2,"item_purchase_floors":[20,20,20,37,37,37,37],"current_hp_per_floor":[80,60,60,64,64,46,54,58,58,58,64,58,69,68,68,17,80,80,72,72,60,48,30,21,45,45,45,45,30,28,35,59,27,80,73,72,72,72,78,78,54,54,54,53,41,41,53,78,78,0],"gold":87,"neow_bonus":"","is_prod":false,"is_daily":false,"chose_seed":false,"campfire_upgraded":6,"win_rate":0.0,"timestamp":1546852559,"path_taken":["M","?","?","M","?","E","M","M","T","R","M","M","M","M","R","BOSS","M","M","?","M","?","E","M","R","T","R","?","E","M","E","R","BOSS","M","?","$","?","M","R","E","R","T","M","?","?","?","M","R","BOSS"],"build_version":"2019-01-03v4","purchased_purges":2,"victory":false,"max_hp_per_floor":[80,80,80,80,80,80,80,80,80,80,80,80,80,80,80,80,80,80,80,80,80,80,80,80,80,80,80,80,80,80,80,80,80,80,80,80,80,80,80,80,80,80,80,80,80,80,80,80,80,80],"card_choices":[{"not_picked":["Inflame","Iron Wave"],"picked":"Anger","floor":1},{"not_picked":["Clothesline","Sword Boomerang"],"picked":"Ghostly Armor","floor":4},{"not_picked":["Sever Soul","Juggernaut"],"picked":"Fiend Fire","floor":6},{"not_picked":["Reckless Charge","True Grit"],"picked":"Cleave","floor":7},{"not_picked":["Shrug It Off","Iron Wave"],"picked":"Pummel","floor":8},{"not_picked":["Fiend Fire","True Grit"],"picked":"Shrug It Off","floor":11},{"not_picked":["Blood for Blood","Body Slam"],"picked":"Pommel Strike","floor":12},{"not_picked":["Bloodletting","Thunderclap","Sever Soul"],"picked":"SKIP","floor":13},{"not_picked":["Inflame","Clothesline"],"picked":"Infernal Blade","floor":14},{"not_picked":["Berserk","Reaper"],"picked":"Impervious","floor":16},{"not_picked":["Rampage"],"picked":"SKIP","floor":18},{"not_picked":[],"picked":"Blood for Blood","floor":19},{"not_picked":[],"picked":"Flex","floor":21},{"not_picked":[],"picked":"Pummel+1","floor":22},{"not_picked":[],"picked":"Metallicize","floor":23},{"not_picked":["Body Slam+1"],"picked":"SKIP","floor":24},{"not_picked":["Hemokinesis"],"picked":"SKIP","floor":29},{"not_picked":[],"picked":"Clothesline","floor":30},{"not_picked":["Sword Boomerang"],"picked":"SKIP","floor":31},{"not_picked":[],"picked":"Reaper","floor":33},{"not_picked":["Disarm"],"picked":"SKIP","floor":35},{"not_picked":[],"picked":"Iron Wave","floor":36},{"not_picked":[],"picked":"Twin Strike+1","floor":39},{"not_picked":[],"picked":"Double Tap","floor":41},{"not_picked":["Headbutt"],"picked":"SKIP","floor":44},{"not_picked":[],"picked":"Shrug It Off+1","floor":45},{"not_picked":["Pommel Strike"],"picked":"SKIP","floor":47},{"not_picked":[],"picked":"Feel No Pain","floor":48}],"player_experience":0,"relics_obtained":[{"floor":6,"key":"Bag of Preparation"},{"floor":9,"key":"Oddly Smooth Stone"},{"floor":22,"key":"Unceasing Top"},{"floor":22,"key":"Paper Frog"},{"floor":23,"key":"War Paint"},{"floor":26,"key":"Matryoshka"},{"floor":29,"key":"Bird Faced Urn"},{"floor":31,"key":"Blood Vial"},{"floor":36,"key":"Torii"},{"floor":41,"key":"Bottled Lightning"},{"floor":43,"key":"Bag of Marbles"},{"floor":43,"key":"MawBank"}],"event_choices":[{"damage_healed":0,"gold_gain":0,"player_choice":"Take Damage","damage_taken":20,"relics_obtained":["Golden Idol"],"max_hp_gain":0,"max_hp_loss":0,"event_name":"Golden Idol","floor":2,"gold_loss":0},{"damage_healed":0,"gold_gain":0,"cards_transformed":["Strike_R"],"player_choice":"Change","damage_taken":0,"max_hp_gain":0,"max_hp_loss":0,"event_name":"Living Wall","floor":3,"gold_loss":0,"cards_obtained":["Brutality"]},{"damage_healed":0,"gold_gain":0,"player_choice":"1 cards matched","damage_taken":0,"max_hp_gain":0,"max_hp_loss":0,"event_name":"Match and Keep!","floor":5,"gold_loss":0,"cards_obtained":["Bash"]},{"damage_healed":0,"gold_gain":0,"player_choice":"Fight","damage_taken":0,"max_hp_gain":0,"max_hp_loss":0,"event_name":"Colosseum","floor":22,"gold_loss":0},{"damage_healed":0,"gold_gain":0,"player_choice":"Fought Nobs","damage_taken":0,"max_hp_gain":0,"max_hp_loss":0,"event_name":"Colosseum","floor":22,"gold_loss":0},{"cards_removed":["Strike_R"],"damage_healed":0,"gold_gain":0,"player_choice":"Gave Gold","damage_taken":0,"max_hp_gain":0,"max_hp_loss":0,"event_name":"Beggar","floor":28,"gold_loss":75},{"damage_healed":0,"gold_gain":0,"player_choice":"Fight","damage_taken":0,"max_hp_gain":0,"max_hp_loss":0,"event_name":"MindBloom","floor":36,"gold_loss":0},{"cards_removed":["Rupture"],"damage_healed":0,"gold_gain":0,"player_choice":"Removed Power","damage_taken":0,"max_hp_gain":0,"max_hp_loss":0,"event_name":"Falling","floor":38,"gold_loss":0}],"is_beta":false,"boss_relics":[{"not_picked":["Runic Pyramid","Runic Dome"],"picked":"Busted Crown"},{"not_picked":["White Beast Statue","Orrery"],"picked":"Black Blood"}],"items_purged_floors":[20,46],"is_endless":false,"potions_floor_spawned":[1,6,8,11,19,21,22,23,31,36,39,47,48],"killed_by":"Awakened One","ascension_level":0}