{"gold_per_floor":[365,365,375,41,54,54,88,88,113,132,144,144,30,30,30,128,128,147,163,163,182,182,215,6,6,53,53],"floor_reached":27,"playtime":2364,"items_purged":["Strike_G"],"score":230,"play_id":"36fd0785-6504-4257-8cf4-c7d2d532b9c4","local_time":"20190418001621","is_ascension_mode":false,"campfire_choices":[{"data":"Setup","floor":6,"key":"SMITH"},{"floor":8,"key":"REST"},{"floor":12,"key":"REST"},{"floor":15,"key":"REST"}],"neow_cost":"TEN_PERCENT_HP_LOSS","seed_source_timestamp":16170695494101,"circlet_count":0,"master_deck":["Defend_G","Defend_G","Defend_G","Defend_G","Defend_G","Strike_G","Strike_G","Strike_G","Survivor","Neutralize","Dagger Spray","Setup+1","Deadly Poison","Poisoned Stab","Cloak And Dagger","Dash","Deflect","Deflect","Dagger Throw","Backstab","Noxious Fumes","Tools of the Trade","Backflip","Backflip+1","Underhanded Strike+1","Dagger Throw","Cloak And Dagger","Die Die Die","Dodge and Roll"],"relics":["Ring of the Serpent","Prayer Wheel","Snake Skull","Strawberry","WarpedTongs","Bottled Lightning","Dream Catcher","Spirit Poop","Bag of Preparation"],"potions_floor_usage":[5,16,18,20],"damage_taken":[{"damage":0,"enemies":"Jaw Worm","floor":1,"turns":5},{"damage":2,"enemies":"Cultist","floor":3,"turns":6},{"damage":0,"enemies":"Small Slimes","floor":5,"turns":3},{"damage":53,"enemies":"Gremlin Nob","floor":7,"turns":5},{"damage":5,"enemies":"Gremlin Gang","floor":10,"turns":6},{"damage":10,"enemies":"Looter","floor":11,"turns":3},{"damage":39,"enemies":"Slime Boss","floor":16,"turns":10},{"damage":7,"enemies":"Spheric Guardian","floor":18,"turns":6},{"damage":7,"enemies":"3 Byrds","floor":19,"turns":4},{"damage":14,"enemies":"Colosseum Slavers","floor":20,"turns":4},{"damage":10,"enemies":"Shelled Parasite and Fungi","floor":21,"turns":5},{"damage":42,"enemies":"Book of Stabbing","floor":23,"turns":6},{"damage":27,"enemies":"Chosen and Byrds","floor":27,"turns":4}],"seed_played":"6802759203498633387","potions_obtained":[{"floor":3,"key":"SkillPotion"},{"floor":10,"key":"Regen Potion"},{"floor":11,"key":"GhostInAJar"},{"floor":19,"key":"FearPotion"},{"floor":23,"key":"Dexterity Potion"}],"is_trial":false,"path_per_floor":["M","?","M","$","M","R","E","R","T","M","M","R","$","?","R","B",null,"M","M","?","M","?","E","$","?","T","M"],"character_chosen":"THE_SILENT","items_purchased":["Prayer Wheel","Deadly Poison","Noxious Fumes","Dream Catcher","Dodge and Roll"],"campfire_rested":3,"item_purchase_floors":[4,4,13,24,24],"current_hp_per_floor":[63,63,61,61,61,61,8,26,33,28,18,39,39,39,60,36,70,63,56,42,32,55,13,13,13,13,0],"gold":53,"neow_bonus":"TWO_FIFTY_GOLD","is_prod":false,"is_daily":false,"chose_seed":false,"campfire_upgraded":1,"win_rate":0,"timestamp":1555510581,"path_taken":["M","?","M","$","M","R","E","R","T","M","M","R","?","?","R","BOSS","M","?","?","M","?","E","$","?","T","?"],"build_version":"2019-01-23","purchased_purges":1,"victory":false,"max_hp_per_floor":[63,63,63,63,63,63,63,63,70,70,70,70,70,70,70,70,70,70,70,70,70,70,70,70,70,70,70],"card_choices":[{"not_picked":["Backflip","Tactician"],"picked":"Dagger Spray","floor":1},{"not_picked":["Backflip","Bane"],"picked":"Setup","floor":3},{"not_picked":["Accuracy","Underhanded Strike"],"picked":"Poisoned Stab","floor":5},{"not_picked":["Deadly Poison","Underhanded Strike"],"picked":"Cloak And Dagger","floor":5},{"not_picked":["Dagger Spray","Dodge and Roll"],"picked":"Dash","floor":7},{"not_picked":["Slice","Tactician"],"picked":"Deflect","floor":10},{"not_picked":["Slice","Bullet Time"],"picked":"Deflect","floor":10},{"not_picked":["Dodge and Roll","Choke"],"picked":"Dagger Throw","floor":11},{"not_picked":["Dash","Blur"],"picked":"Backstab","floor":11},{"not_picked":["After Image","Doppelganger"],"picked":"Tools of the Trade","floor":16},{"not_picked":["Flechettes","Underhanded Strike"],"picked":"Backflip","floor":18},{"not_picked":["Quick Slash","Blade Dance+1","Backflip+1"],"picked":"SKIP","floor":18},{"not_picked":["Quick Slash","Blade Dance+1"],"picked":"Backflip+1","floor":18},{"not_picked":["Dash","Quick Slash+1"],"picked":"Underhanded Strike+1","floor":19},{"not_picked":["Skewer+1","Dagger Spray"],"picked":"Dagger Throw","floor":19},{"not_picked":["Choke","Calculated Gamble"],"picked":"Cloak And Dagger","floor":21},{"not_picked":["Riddle With Holes+1","Underhanded Strike+1","Slice"],"picked":"SKIP","floor":21},{"not_picked":["Predator","Dash"],"picked":"Die Die Die","floor":23}],"player_experience":312292,"relics_obtained":[{"floor":7,"key":"Snake Skull"},{"floor":9,"key":"Strawberry"},{"floor":23,"key":"Bottled Lightning"},{"floor":26,"key":"Bag of Preparation"}],"event_choices":[{"cards_removed":["Strike_G"],"damage_healed":0,"gold_gain":0,"player_choice":"Purged","damage_taken":0,"max_hp_gain":0,"max_hp_loss":0,"event_name":"Purifier","floor":2,"gold_loss":0},{"damage_healed":0,"gold_gain":0,"player_choice":"Rummage","damage_taken":0,"relics_obtained":["WarpedTongs"],"max_hp_gain":0,"max_hp_loss":0,"event_name":"Accursed Blacksmith","floor":14,"gold_loss":0,"cards_obtained":["Pain"]},{"damage_healed":0,"gold_gain":0,"player_choice":"Fight","damage_taken":0,"max_hp_gain":0,"max_hp_loss":0,"event_name":"Colosseum","floor":20,"gold_loss":0},{"damage_healed":0,"gold_gain":0,"player_choice":"Fled From Nobs","damage_taken":0,"max_hp_gain":0,"max_hp_loss":0,"event_name":"Colosseum","floor":20,"gold_loss":0},{"damage_healed":23,"gold_gain":0,"player_choice":"Heal","damage_taken":0,"max_hp_gain":0,"max_hp_loss":0,"event_name":"The Library","floor":22,"gold_loss":0},{"cards_removed":["Pain"],"damage_healed":0,"gold_gain":0,"player_choice":"Offered Curse","damage_taken":0,"relics_obtained":["Spirit Poop"],"max_hp_gain":0,"max_hp_loss":0,"event_name":"Bonfire Elementals","floor":25,"gold_loss":0}],"is_beta":false,"boss_relics":[{"not_picked":["Sozu","Empty Cage"],"picked":"Ring of the Serpent"}],"items_purged_floors":[13],"is_endless":false,"potions_floor_spawned":[3,10,11,19,23],"killed_by":"Chosen and Byrds","ascension_level":0}