{"gold_per_floor":[16,91,37,37,47,47,73,73,97,97,112,130,150,167,167,270,270,287,300,300,313,313,313],"floor_reached":23,"playtime":1345,"items_purged":[],"score":193,"play_id":"3b230fd8-614e-4036-ad71-d6d5e4b9c0aa","local_time":"20190223000456","is_ascension_mode":false,"campfire_choices":[{"data":"Scrape","floor":6.0,"key":"SMITH"},{"floor":8.0,"key":"REST"},{"floor":15.0,"key":"REST"}],"neow_cost":"NO_GOLD","seed_source_timestamp":277198336980420,"circlet_count":0,"master_deck":["Strike_B","Strike_B","Defend_B","Defend_B","Defend_B","Defend_B","Zap","Dualcast","Cold Snap","Scrape+1","Gash","FTL","All For One"],"special_seed":0,"relics":["FrozenCore","Omamori","Emotion Chip","PreservedInsect","Ginger","Blue Candle"],"potions_floor_usage":[21],"damage_taken":[{"damage":0.0,"enemies":"Small Slimes","floor":1.0,"turns":3.0},{"damage":1.0,"enemies":"Jaw Worm","floor":5.0,"turns":3.0},{"damage":36.0,"enemies":"Lagavulin","floor":7.0,"turns":6.0},{"damage":0.0,"enemies":"Cultist","floor":11.0,"turns":3.0},{"damage":21.0,"enemies":"Exordium Wildlife","floor":12.0,"turns":3.0},{"damage":10.0,"enemies":"Blue Slaver","floor":13.0,"turns":3.0},{"damage":0.0,"enemies":"Large Slime","floor":14.0,"turns":3.0},{"damage":4.0,"enemies":"Slime Boss","floor":16.0,"turns":5.0},{"damage":16,"enemies":"2 Thieves","floor":18,"turns":4},{"damage":7,"enemies":"Shell Parasite","floor":19,"turns":5},{"damage":14,"enemies":"Chosen and Byrds","floor":21,"turns":6},{"damage":39,"enemies":"Slavers","floor":23,"turns":6}],"seed_played":"-8072713642140365406","potions_obtained":[{"floor":5.0,"key":"SneckoOil"},{"floor":7.0,"key":"FearPotion"},{"floor":12.0,"key":"Energy Potion"},{"floor":18,"key":"AttackPotion"},{"floor":19,"key":"SmokeBomb"}],"is_trial":false,"path_per_floor":["M","?","$","?","M","R","E","R","T","T","M","M","M","M","R","B",null,"M","M","?","M","T","E"],"character_chosen":"DEFECT","items_purchased":["Cold Snap"],"campfire_rested":2,"item_purchase_floors":[3],"current_hp_per_floor":[75,64,64,57,56,56,20,42,42,42,42,21,11,11,33,29,75,59,52,52,38,38,0],"gold":313,"neow_bonus":"REMOVE_TWO","is_prod":false,"is_daily":false,"chose_seed":false,"campfire_upgraded":1,"win_rate":0,"timestamp":1550901896,"path_taken":["M","?","$","?","M","R","E","R","T","?","M","M","M","M","R","BOSS","M","M","?","M","?","E"],"build_version":"2019-01-23","purchased_purges":0,"victory":false,"max_hp_per_floor":[75,75,75,75,75,75,75,75,75,75,75,75,75,75,75,75,75,75,75,75,75,75,75],"card_choices":[{"not_picked":["Conserve Battery","Stack","Reprogram"],"picked":"SKIP","floor":1.0},{"not_picked":["Rebound","Redo"],"picked":"Scrape","floor":5.0},{"not_picked":["Reprogram","Compile Driver"],"picked":"Gash","floor":7.0},{"not_picked":["Blizzard","Streamline"],"picked":"FTL","floor":11.0},{"not_picked":["Force Field","Undo","Glacier"],"picked":"SKIP","floor":12.0},{"not_picked":["Redo","Coolheaded","Rip and Tear"],"picked":"SKIP","floor":13.0},{"not_picked":["Capacitor","Cold Snap"],"picked":"All For One","floor":14.0},{"not_picked":["Lockon+1","Conserve Battery","Steam"],"picked":"SKIP","floor":18},{"not_picked":["Barrage+1","Rebound","Hello World+1"],"picked":"SKIP","floor":19},{"not_picked":["Compile Driver","Streamline","Doom and Gloom"],"picked":"SKIP","floor":21}],"player_experience":428237,"relics_obtained":[{"floor":7.0,"key":"Emotion Chip"},{"floor":9.0,"key":"PreservedInsect"},{"floor":10.0,"key":"Ginger"},{"floor":22,"key":"Blue Candle"}],"event_choices":[{"damage_healed":0.0,"max_hp_gain":0.0,"max_hp_loss":0.0,"gold_gain":75.0,"event_name":"World of Goop","player_choice":"Gather Gold","floor":2.0,"gold_loss":0.0,"damage_taken":11.0},{"damage_healed":0.0,"max_hp_gain":0.0,"max_hp_loss":0.0,"gold_gain":0.0,"event_name":"Scrap Ooze","player_choice":"Success","floor":4.0,"gold_loss":0.0,"damage_taken":7.0,"relics_obtained":["Omamori"]},{"damage_healed":0,"gold_gain":0,"player_choice":"Ignored","damage_taken":0,"max_hp_gain":0,"max_hp_loss":0,"event_name":"Vampires","floor":20,"gold_loss":0}],"is_beta":false,"boss_relics":[{"not_picked":["Inserter","Astrolabe"],"picked":"FrozenCore"}],"items_purged_floors":[],"is_endless":false,"potions_floor_spawned":[5,7,12,18,19],"killed_by":"Slavers","ascension_level":0}