{"gold_per_floor":[111,111,124,144,144,144,161,179,205,24,42,42,42,77,77,197,197,168,168,180,33,33,63,63,63],"floor_reached":25,"playtime":35382,"items_purged":["Strike_R","Strike_R"],"score":221,"play_id":"36542ed7-103a-4da9-a77c-b23be045e96c","local_time":"20190713090934","is_ascension_mode":false,"campfire_choices":[{"data":"Pommel Strike","floor":6,"key":"SMITH"},{"floor":12,"key":"REST"},{"data":"Bludgeon","floor":15,"key":"SMITH"}],"neow_cost":"NONE","seed_source_timestamp":11245461145700,"circlet_count":0,"master_deck":["Strike_R","Strike_R","Strike_R","Defend_R","Defend_R","Defend_R","Defend_R","Bash+1","Feel No Pain+1","Second Wind","Pommel Strike+1","Whirlwind","Warcry","Infernal Blade","Carnage","Spot Weakness","Bludgeon+1","Reaper","Sword Boomerang","Uppercut+1","Sword Boomerang","Warcry"],"relics":["Burning Blood","Dream Catcher","Ancient Tea Set","Bloody Idol","Mummified Hand","Runic Cube","Juzu Bracelet","Potion Belt"],"potions_floor_usage":[16,16,20,20],"damage_taken":[{"damage":2,"enemies":"2 Louse","floor":1,"turns":4},{"damage":10,"enemies":"Jaw Worm","floor":3,"turns":4},{"damage":13,"enemies":"Cultist","floor":4,"turns":5},{"damage":22,"enemies":"Gremlin Gang","floor":7,"turns":6},{"damage":14,"enemies":"Blue Slaver","floor":8,"turns":5},{"damage":5,"enemies":"3 Louse","floor":11,"turns":3},{"damage":18,"enemies":"Lagavulin","floor":14,"turns":6},{"damage":41,"enemies":"Hexaghost","floor":16,"turns":7},{"damage":28,"enemies":"2 Thieves","floor":18,"turns":5},{"damage":12,"enemies":"Shell Parasite","floor":20,"turns":5},{"damage":77,"enemies":"Book of Stabbing","floor":23,"turns":8},{"damage":26,"enemies":"Chosen and Byrds","floor":25,"turns":7}],"seed_played":"27226966061258549","potions_obtained":[{"floor":4,"key":"Block Potion"},{"floor":7,"key":"Regen Potion"},{"floor":8,"key":"PowerPotion"},{"floor":16,"key":"Fruit Juice"}],"is_trial":false,"path_per_floor":["M","?","M","M","T","R","M","M","T","$","M","R","?","E","R","B",null,"M","?","M","$","?","E","$","M"],"character_chosen":"IRONCLAD","items_purchased":["Infernal Blade","Carnage","Sword Boomerang"],"campfire_rested":1,"item_purchase_floors":[10,10,21],"current_hp_per_floor":[88,70,66,59,59,59,43,35,35,35,36,62,62,50,50,30,81,69,69,73,73,73,17,17,0],"gold":63,"neow_bonus":"TEN_PERCENT_HP_BONUS","is_prod":false,"is_daily":false,"chose_seed":false,"campfire_upgraded":2,"win_rate":0.0,"timestamp":1563023374,"path_taken":["M","?","M","M","?","R","M","?","T","$","?","R","?","E","R","BOSS","M","?","M","$","?","E","?","M"],"build_version":"2019-07-05","purchased_purges":2,"victory":false,"max_hp_per_floor":[88,88,88,88,88,88,88,88,88,88,88,88,81,81,81,81,81,81,81,86,86,86,86,86,86],"card_choices":[{"not_picked":["Armaments","True Grit"],"picked":"Feel No Pain","floor":1},{"not_picked":["Warcry","Intimidate"],"picked":"Second Wind","floor":3},{"not_picked":["Body Slam","Flex"],"picked":"Pommel Strike","floor":4},{"not_picked":["Feel No Pain","Headbutt"],"picked":"Whirlwind","floor":7},{"not_picked":["Pommel Strike","Twin Strike"],"picked":"Warcry","floor":8},{"not_picked":["Anger","Twin Strike"],"picked":"Spot Weakness","floor":11},{"not_picked":["Body Slam","Uppercut"],"picked":"Bludgeon","floor":12},{"not_picked":["Hemokinesis","Iron Wave","Headbutt"],"picked":"SKIP","floor":14},{"not_picked":["Brutality","Impervious"],"picked":"Reaper","floor":16},{"not_picked":["Iron Wave+1","Second Wind"],"picked":"Sword Boomerang","floor":18},{"not_picked":["Seeing Red","Dropkick"],"picked":"Uppercut+1","floor":20},{"not_picked":["Thunderclap","Rampage"],"picked":"Warcry","floor":23}],"player_experience":26112,"relics_obtained":[{"floor":5,"key":"Dream Catcher"},{"floor":9,"key":"Ancient Tea Set"},{"floor":14,"key":"Mummified Hand"},{"floor":23,"key":"Potion Belt"}],"event_choices":[{"damage_healed":0,"gold_gain":0,"player_choice":"Entered Light","damage_taken":18,"max_hp_gain":0,"max_hp_loss":0,"event_name":"Shining Light","floor":2,"gold_loss":0,"cards_upgraded":["Bash","Feel No Pain"]},{"damage_healed":0,"gold_gain":0,"player_choice":"Lose Max HP","damage_taken":0,"relics_obtained":["Golden Idol"],"max_hp_gain":0,"max_hp_loss":7,"event_name":"Golden Idol","floor":13,"gold_loss":0},{"damage_healed":0,"gold_gain":0,"player_choice":"Gave Idol","damage_taken":0,"relics_obtained":["Bloody Idol"],"max_hp_gain":0,"max_hp_loss":0,"event_name":"Forgotten Altar","floor":19,"relics_lost":["Golden Idol"],"gold_loss":0},{"damage_healed":0,"gold_gain":0,"player_choice":"Opened","damage_taken":0,"relics_obtained":["Juzu Bracelet"],"max_hp_gain":0,"max_hp_loss":0,"event_name":"The Mausoleum","floor":22,"gold_loss":0}],"is_beta":false,"boss_relics":[{"not_picked":["Runic Dome","Lizard Tail"],"picked":"Runic Cube"}],"items_purged_floors":[10,21],"is_endless":false,"potions_floor_spawned":[4,7,8,16],"killed_by":"Chosen and Byrds","ascension_level":0}