{"gold_per_floor":[115,265,275,68,81,81,114,114,168,196,84,84,84],"floor_reached":13,"playtime":704,"items_purged":["Doubt"],"score":182,"play_id":"a4a64aac-c1b4-4f75-bdc5-06a396b120e7","local_time":"20190615191725","is_ascension_mode":true,"campfire_choices":[{"floor":6,"key":"REST"}],"neow_cost":"PERCENT_DAMAGE","seed_source_timestamp":0,"circlet_count":0,"master_deck":["AscendersBane","Strike_R","Strike_R+1","Strike_R","Strike_R+1","Strike_R","Defend_R","Defend_R","Defend_R","Defend_R","Bash","Shrug It Off","Headbutt","Clothesline","Intimidate","Dropkick","Iron Wave","Parasite","Pummel","Shrug It Off"],"relics":["Burning Blood","Dream Catcher","Tiny Chest","Whetstone","Regal Pillow"],"potions_floor_usage":[7,10,13],"damage_taken":[{"damage":21,"enemies":"Jaw Worm","floor":1,"turns":7},{"damage":19,"enemies":"Small Slimes","floor":3,"turns":6},{"damage":0,"enemies":"Cultist","floor":5,"turns":3},{"damage":39,"enemies":"Lagavulin","floor":7,"turns":8},{"damage":48,"enemies":"Gremlin Nob","floor":10,"turns":5},{"damage":16,"enemies":"3 Sentries","floor":13,"turns":4}],"seed_played":"908556972218916","potions_obtained":[{"floor":1,"key":"SkillPotion"},{"floor":3,"key":"Swift Potion"},{"floor":5,"key":"SteroidPotion"},{"floor":10,"key":"Dexterity Potion"}],"is_trial":false,"path_per_floor":["M","?","M","$","M","R","E","?","T","E","$","T","E"],"character_chosen":"IRONCLAD","items_purchased":["Clothesline","Intimidate","Strength Potion","Shrug It Off"],"campfire_rested":1,"item_purchase_floors":[4,4,11,11],"current_hp_per_floor":[49,49,36,36,42,68,35,57,57,15,15,15,0],"gold":84,"neow_bonus":"TWENTY_PERCENT_HP_BONUS","is_prod":false,"is_daily":false,"chose_seed":true,"campfire_upgraded":0,"win_rate":0,"timestamp":1560640645,"path_taken":["M","?","M","$","M","R","E","?","T","E","$","?","E"],"build_version":"2019-06-13","purchased_purges":1,"victory":false,"max_hp_per_floor":[89,89,89,89,89,89,89,89,89,89,89,89,89],"card_choices":[{"not_picked":["Entrench","Flex"],"picked":"Shrug It Off","floor":1},{"not_picked":["Flex","Flame Barrier"],"picked":"Headbutt","floor":3},{"not_picked":["Entrench","Heavy Blade"],"picked":"Dropkick","floor":5},{"not_picked":["Hemokinesis","Heavy Blade"],"picked":"Iron Wave","floor":7},{"not_picked":["Sever Soul","Dark Embrace"],"picked":"Pummel","floor":10}],"player_experience":2977416,"relics_obtained":[{"floor":7,"key":"Dream Catcher"},{"floor":9,"key":"Tiny Chest"},{"floor":10,"key":"Whetstone"},{"floor":12,"key":"Regal Pillow"}],"event_choices":[{"damage_healed":0,"gold_gain":150,"player_choice":"AGREE","damage_taken":0,"max_hp_gain":0,"max_hp_loss":0,"event_name":"Liars Game","floor":2,"gold_loss":0,"cards_obtained":["Doubt"]},{"damage_healed":22,"gold_gain":0,"player_choice":"Healed and dodged fight","damage_taken":0,"max_hp_gain":0,"max_hp_loss":0,"event_name":"Mushrooms","floor":8,"gold_loss":0,"cards_obtained":["Parasite"]}],"is_beta":true,"boss_relics":[],"items_purged_floors":[4],"is_endless":false,"potions_floor_spawned":[1,3,5,10],"killed_by":"3 Sentries","ascension_level":20}