{"gold_per_floor":[119,69,69,83,83,109,109,126,126,140,156,167,192,202,202,304,304,277,288,288],"floor_reached":20,"playtime":1136,"items_purged":[],"score":213,"play_id":"8f97ec64-7549-4945-8bc8-f78a645d407e","local_time":"20190717062216","is_ascension_mode":false,"campfire_choices":[{"data":"Bash","floor":7,"key":"SMITH"},{"data":"Dropkick","floor":15,"key":"SMITH"}],"neow_cost":"NONE","seed_source_timestamp":52364066340072,"circlet_count":0,"master_deck":["Strike_R","Strike_R","Strike_R","Strike_R","Defend_R","Defend_R","Defend_R","Defend_R","Bash+1","Dropkick+1"],"relics":["Burning Blood","NeowsBlessing","FossilizedHelix","Bag of Preparation"],"potions_floor_usage":[16,16,16,18],"damage_taken":[{"damage":0,"enemies":"Small Slimes","floor":1,"turns":1},{"damage":0,"enemies":"Jaw Worm","floor":4,"turns":1},{"damage":0,"enemies":"Lagavulin","floor":6,"turns":1},{"damage":0,"enemies":"2 Louse","floor":8,"turns":2},{"damage":3,"enemies":"Red Slaver","floor":10,"turns":3},{"damage":9,"enemies":"3 Louse","floor":11,"turns":6},{"damage":0,"enemies":"2 Fungi Beasts","floor":12,"turns":4},{"damage":14,"enemies":"Gremlin Nob","floor":13,"turns":4},{"damage":0,"enemies":"Red Slaver","floor":14,"turns":2},{"damage":81,"enemies":"The Guardian","floor":16,"turns":16},{"damage":14,"enemies":"2 Thieves","floor":18,"turns":5},{"damage":50,"enemies":"Spheric Guardian","floor":19,"turns":6},{"damage":38,"enemies":"3 Cultists","floor":20,"turns":4}],"seed_played":"908108908144710982","potions_obtained":[{"floor":1,"key":"GamblersBrew"},{"floor":6,"key":"Weak Potion"},{"floor":8,"key":"Ancient Potion"},{"floor":10,"key":"Regen Potion"},{"floor":14,"key":"BloodPotion"},{"floor":16,"key":"Block Potion"}],"is_trial":false,"path_per_floor":["M","?","$","M","?","E","R","M","T","M","M","M","E","M","R","B",null,"M","M","M"],"character_chosen":"IRONCLAD","items_purchased":[],"campfire_rested":0,"item_purchase_floors":[],"current_hp_per_floor":[80,80,80,80,80,80,80,80,80,80,77,80,72,78,78,38,80,72,28,0],"gold":288,"neow_bonus":"THREE_ENEMY_KILL","is_prod":false,"is_daily":false,"chose_seed":false,"campfire_upgraded":2,"win_rate":0,"timestamp":1563337336,"path_taken":["M","?","$","M","?","E","R","M","T","M","M","M","E","M","R","BOSS","M","M","M"],"build_version":"2019-07-05","purchased_purges":0,"victory":false,"max_hp_per_floor":[80,80,80,80,80,80,80,80,80,80,80,80,80,80,80,80,80,80,80,80],"card_choices":[{"not_picked":["Iron Wave","Sword Boomerang"],"picked":"Dropkick","floor":1},{"not_picked":["Flex","Feel No Pain","Headbutt"],"picked":"SKIP","floor":4},{"not_picked":["Reaper","Barricade","Flex"],"picked":"SKIP","floor":6},{"not_picked":["Power Through","Twin Strike","Blood for Blood"],"picked":"SKIP","floor":8},{"not_picked":["Cleave","Wild Strike","Pommel Strike"],"picked":"SKIP","floor":10},{"not_picked":["Shrug It Off","Havoc","Sever Soul"],"picked":"SKIP","floor":11},{"not_picked":["Entrench","Iron Wave","Body Slam"],"picked":"SKIP","floor":12},{"not_picked":["Immolate","Flame Barrier","Thunderclap"],"picked":"SKIP","floor":13},{"not_picked":["Disarm","Seeing Red","Power Through"],"picked":"SKIP","floor":14},{"not_picked":["Twin Strike","Burning Pact","Corruption+1"],"picked":"SKIP","floor":18},{"not_picked":["Twin Strike+1","Sword Boomerang","Armaments"],"picked":"SKIP","floor":19}],"player_experience":196476,"relics_obtained":[{"floor":6,"key":"FossilizedHelix"},{"floor":13,"key":"Bag of Preparation"}],"event_choices":[{"cards_removed":["Strike_R"],"damage_healed":0,"gold_gain":0,"player_choice":"Card Removal","damage_taken":0,"max_hp_gain":0,"max_hp_loss":0,"event_name":"The Cleric","floor":2,"gold_loss":50},{"damage_healed":0,"gold_gain":0,"player_choice":"Ignored","damage_taken":0,"max_hp_gain":0,"max_hp_loss":0,"event_name":"Liars Game","floor":5,"gold_loss":0}],"is_beta":false,"boss_relics":[{"not_picked":["Busted Crown","Coffee Dripper","Runic Dome"]}],"items_purged_floors":[],"is_endless":false,"potions_floor_spawned":[1,6,8,10,14,16],"killed_by":"3 Cultists","ascension_level":0}