{"gold_per_floor":[119,51,64,64,64,94,113,147,221,235,235,260,279,43,43,144,144,154,169,179,454,43,43,43],"floor_reached":24,"playtime":1297,"items_purged":["Regret"],"score":289,"play_id":"acc35889-12b0-4395-8088-817ecd91e630","local_time":"20190430141708","is_ascension_mode":true,"campfire_choices":[{"floor":11,"key":"DIG"},{"floor":15,"key":"REST"},{"floor":23,"key":"REST"}],"neow_cost":"NONE","seed_source_timestamp":22324096330666,"circlet_count":0,"master_deck":["Defend_G","Defend_G","Defend_G","Defend_G","Defend_G","Strike_G","Strike_G+1","Strike_G+1","Strike_G","Strike_G","Survivor","Neutralize+1","Poisoned Stab","Infinite Blades","Blade Dance","Cloak And Dagger","Backflip","Backflip","Escape Plan","PiercingWail","Leg Sweep","Accuracy","Wraith Form v2","Poisoned Stab","Prepared","Deflect","Corpse Explosion","PiercingWail","Backflip+1","Leg Sweep+1","Backstab","Tactician","Distraction","Underhanded Strike+1"],"relics":["Ring of the Snake","NeowsBlessing","Shovel","Bag of Preparation","Sundial","Prayer Wheel","Bronze Scales","Whetstone","Orrery","Kunai"],"potions_floor_usage":[8,12,19,24,24],"damage_taken":[{"damage":0,"enemies":"Small Slimes","floor":1,"turns":1},{"damage":0,"enemies":"Cultist","floor":3,"turns":1},{"damage":0,"enemies":"Gremlin Nob","floor":6,"turns":1},{"damage":0,"enemies":"2 Louse","floor":7,"turns":2},{"damage":28,"enemies":"Lagavulin","floor":8,"turns":8},{"damage":0,"enemies":"Blue Slaver","floor":10,"turns":5},{"damage":2,"enemies":"3 Sentries","floor":12,"turns":9},{"damage":0,"enemies":"Large Slime","floor":13,"turns":7},{"damage":18,"enemies":"The Guardian","floor":16,"turns":14},{"damage":0,"enemies":"3 Byrds","floor":18,"turns":4},{"damage":23,"enemies":"Spheric Guardian","floor":19,"turns":8},{"damage":37,"enemies":"Snecko","floor":20,"turns":7},{"damage":49,"enemies":"Gremlin Leader","floor":24,"turns":8}],"seed_played":"4942548620295923919","potions_obtained":[{"floor":1,"key":"Weak Potion"},{"floor":8,"key":"PowerPotion"},{"floor":16,"key":"SkillPotion"},{"floor":20,"key":"Poison Potion"}],"is_trial":false,"path_per_floor":["M","$","M","?","?","E","M","E","T","M","R","E","M","$","R","B",null,"M","M","M","?","$","R","E"],"character_chosen":"THE_SILENT","items_purchased":["Infinite Blades","Accuracy","Whetstone","Kunai","Regen Potion"],"campfire_rested":2,"item_purchase_floors":[2,14,14,22,22],"current_hp_per_floor":[70,70,70,70,70,70,70,42,42,42,42,40,40,40,61,43,70,70,47,10,10,10,31,0],"gold":43,"neow_bonus":"THREE_ENEMY_KILL","is_prod":false,"is_daily":false,"chose_seed":false,"campfire_upgraded":0,"win_rate":0,"timestamp":1556597828,"path_taken":["M","$","M","?","?","E","M","E","T","M","R","E","M","$","R","BOSS","M","M","?","?","$","R","E"],"build_version":"2019-01-23","purchased_purges":1,"victory":false,"max_hp_per_floor":[70,70,70,70,70,70,70,70,70,70,70,70,70,70,70,70,70,70,70,70,70,70,70,70],"card_choices":[{"not_picked":["Concentrate","Outmaneuver"],"picked":"Poisoned Stab","floor":1},{"not_picked":["Terror","Outmaneuver"],"picked":"Blade Dance","floor":3},{"not_picked":["Underhanded Strike","Finisher"],"picked":"Cloak And Dagger","floor":6},{"not_picked":["Dagger Throw","Bouncing Flask"],"picked":"Backflip","floor":7},{"not_picked":["Acrobatics","Terror"],"picked":"Backflip","floor":8},{"not_picked":["Prepared","Doppelganger"],"picked":"Escape Plan","floor":10},{"not_picked":["Slice","Flying Knee","Escape Plan"],"picked":"SKIP","floor":12},{"not_picked":["Quick Slash","Dodge and Roll"],"picked":"PiercingWail","floor":13},{"not_picked":["Outmaneuver","Quick Slash"],"picked":"Leg Sweep","floor":13},{"not_picked":["Grand Finale","Phantasmal Killer"],"picked":"Wraith Form v2","floor":16},{"not_picked":["PiercingWail","Distraction"],"picked":"Poisoned Stab","floor":17},{"not_picked":["Quick Slash","Acrobatics"],"picked":"Prepared","floor":17},{"not_picked":["Bouncing Flask","Flying Knee"],"picked":"Deflect","floor":17},{"not_picked":["Infinite Blades","Sucker Punch"],"picked":"Corpse Explosion","floor":17},{"not_picked":["Outmaneuver","Prepared"],"picked":"PiercingWail","floor":17},{"not_picked":["Escape Plan","Blur"],"picked":"Backflip+1","floor":18},{"not_picked":["Skewer","Tactician"],"picked":"Leg Sweep+1","floor":18},{"not_picked":["Blur+1","Terror"],"picked":"Backstab","floor":19},{"not_picked":["Prepared","Sucker Punch"],"picked":"Tactician","floor":19},{"not_picked":["Underhanded Strike","Crippling Poison"],"picked":"Distraction","floor":20},{"not_picked":["Flying Knee+1","Backflip"],"picked":"Underhanded Strike+1","floor":20}],"player_experience":525109,"relics_obtained":[{"floor":6,"key":"Shovel"},{"floor":8,"key":"Bag of Preparation"},{"floor":9,"key":"Sundial"},{"floor":11,"key":"Prayer Wheel"},{"floor":12,"key":"Bronze Scales"}],"event_choices":[{"damage_healed":0,"gold_gain":0,"player_choice":"Leave","damage_taken":0,"max_hp_gain":0,"max_hp_loss":0,"event_name":"The Cleric","floor":4,"gold_loss":0},{"damage_healed":0,"gold_gain":0,"player_choice":"Upgraded","damage_taken":0,"max_hp_gain":0,"max_hp_loss":0,"event_name":"Upgrade Shrine","floor":5,"gold_loss":0,"cards_upgraded":["Neutralize"]},{"damage_healed":0,"gold_gain":275,"player_choice":"Desecrate","damage_taken":0,"max_hp_gain":0,"max_hp_loss":0,"event_name":"Golden Shrine","floor":21,"gold_loss":0,"cards_obtained":["Regret"]}],"is_beta":false,"boss_relics":[{"not_picked":["Runic Dome","Pandora\u0027s Box"],"picked":"Orrery"}],"items_purged_floors":[22],"is_endless":false,"potions_floor_spawned":[1,8,16,20],"killed_by":"Gremlin Leader","ascension_level":4}