{"gold_per_floor":[112,126,143,143,143,170,170,195,195,27,27,45,70,89,89,164,164,178,178,212,14,14,14,27,39,110,135,135,148,166,200,200,274,274,288,308,308,308,308,342,342,369,421,421,118,98,133,148,148,148,148,148,148,91,123,123],"floor_reached":56,"playtime":26004,"items_purged":["Strike_B"],"score":2286,"play_id":"97d99851-2428-4a15-80c8-0959eb6dd579","local_time":"20190520085929","is_ascension_mode":true,"campfire_choices":[{"floor":7.0,"key":"REST"},{"data":"Creative AI","floor":15.0,"key":"SMITH"},{"floor":23.0,"key":"REST"},{"floor":28.0,"key":"REST"},{"floor":32.0,"key":"REST"},{"floor":41.0,"key":"RECALL"},{"data":"Buffer","floor":49.0,"key":"SMITH"},{"floor":53.0,"key":"REST"}],"neow_cost":"NONE","seed_source_timestamp":0,"circlet_count":0,"master_deck":["AscendersBane","Strike_B","Strike_B","Defend_B","Defend_B+1","Defend_B","Defend_B+1","Dualcast","Ball Lightning","Chill","Cold Snap","Ball Lightning","Blizzard","Creative AI+1","Coolheaded","Electrodynamics","Ball Lightning","Buffer+1","White Noise+1","Ball Lightning","Apotheosis+1","Reinforced Body","Ball Lightning+1","Buffer","FTL","Storm","Seek","Skim+1","Force Field","Heatsinks+1","Amplify","White Noise+1","Stack+1"],"special_seed":0,"relics":["Cracked Core","Strawberry","Regal Pillow","Bottled Lightning","Lantern","Mercury Hourglass","Philosopher\u0027s Stone","Nilry\u0027s Codex","Red Mask","Oddly Smooth Stone","Mummified Hand","Sundial","Incense Burner","Nuclear Battery","Blue Candle","Orichalcum","Juzu Bracelet","Runic Capacitor","Letter Opener","Boot"],"potions_floor_usage":[],"damage_taken":[{"damage":1.0,"enemies":"2 Louse","floor":1.0,"turns":3.0},{"damage":0.0,"enemies":"Small Slimes","floor":2.0,"turns":2.0},{"damage":2.0,"enemies":"Jaw Worm","floor":3.0,"turns":3.0},{"damage":32.0,"enemies":"Gremlin Nob","floor":6.0,"turns":4.0},{"damage":3.0,"enemies":"Lagavulin","floor":8.0,"turns":6.0},{"damage":2.0,"enemies":"Red Slaver","floor":12.0,"turns":3.0},{"damage":15.0,"enemies":"Gremlin Nob","floor":13.0,"turns":4.0},{"damage":7.0,"enemies":"Looter","floor":14.0,"turns":2.0},{"damage":20.0,"enemies":"The Guardian","floor":16.0,"turns":12.0},{"damage":12.0,"enemies":"Spheric Guardian","floor":18.0,"turns":4.0},{"damage":0.0,"enemies":"Masked Bandits","floor":20.0,"turns":2.0},{"damage":0.0,"enemies":"Chosen","floor":24.0,"turns":3.0},{"damage":11.0,"enemies":"Snake Plant","floor":25.0,"turns":3.0},{"damage":34.0,"enemies":"Book of Stabbing","floor":27.0,"turns":5.0},{"damage":0.0,"enemies":"Snecko","floor":29.0,"turns":5.0},{"damage":0.0,"enemies":"3 Cultists","floor":30.0,"turns":4.0},{"damage":42.0,"enemies":"Slavers","floor":31.0,"turns":4.0},{"damage":0.0,"enemies":"Collector","floor":33.0,"turns":8.0},{"damage":0.0,"enemies":"3 Shapes","floor":35.0,"turns":4.0},{"damage":0.0,"enemies":"3 Darklings","floor":36.0,"turns":3.0},{"damage":0.0,"enemies":"Maw","floor":39.0,"turns":2.0},{"damage":0.0,"enemies":"Nemesis","floor":40.0,"turns":7.0},{"damage":0.0,"enemies":"Giant Head","floor":42.0,"turns":6.0},{"damage":0.0,"enemies":"Reptomancer","floor":47.0,"turns":5.0},{"damage":0.0,"enemies":"Spire Growth","floor":48.0,"turns":3.0},{"damage":43.0,"enemies":"Awakened One","floor":50.0,"turns":9.0},{"damage":15.0,"enemies":"Time Eater","floor":51.0,"turns":9.0},{"damage":33.0,"enemies":"Shield and Spear","floor":55.0,"turns":4.0},{"damage":45,"enemies":"The Heart","floor":56,"turns":2}],"seed_played":"908556972218912","potions_obtained":[{"floor":3.0,"key":"SkillPotion"},{"floor":12.0,"key":"Swift Potion"},{"floor":13.0,"key":"Regen Potion"},{"floor":16.0,"key":"Swift Potion"},{"floor":20.0,"key":"FocusPotion"},{"floor":27.0,"key":"SmokeBomb"},{"floor":31.0,"key":"EssenceOfSteel"},{"floor":40.0,"key":"Weak Potion"}],"is_trial":false,"path_per_floor":["M","M","M","?","?","E","R","E","T","$","$","M","E","M","R","B",null,"M","?","?","$","T","R","M","M","T","E","R","M","M","E","R","B",null,"M","M","?","?","M","E","R","E","T","T","$","?","E","M","R","B","B",null,"R","$","E","B"],"character_chosen":"DEFECT","items_purchased":["Creative AI","Apotheosis","Runic Capacitor","PowerPotion"],"campfire_rested":5,"item_purchase_floors":[10,21,45,54],"current_hp_per_floor":[70,70,68,45,38,6,44,41,41,41,41,39,24,17,17,6,60,48,27,27,27,27,65,65,54,54,20,58,58,58,16,54,54,72,72,72,72,72,72,72,72,72,72,72,72,72,72,72,72,29,14,62,78,78,45,0],"gold":123,"neow_bonus":"RANDOM_COMMON_RELIC","is_prod":false,"is_daily":false,"chose_seed":false,"campfire_upgraded":2,"win_rate":0,"timestamp":1558357169,"path_taken":["M","M","M","?","?","E","R","E","T","?","$","?","E","M","R","BOSS","M","?","?","?","?","R","M","?","T","E","R","M","M","E","R","BOSS","M","?","?","?","?","E","R","E","T","?","$","?","E","M","R","BOSS","BOSS","R","$","E","BOSS"],"build_version":"2019-05-07","purchased_purges":1,"victory":false,"max_hp_per_floor":[78,78,78,78,78,78,78,78,78,78,78,78,78,78,78,78,78,78,78,78,78,78,78,78,78,78,78,78,78,78,78,78,78,78,78,78,78,78,78,78,78,78,78,78,78,78,78,78,78,78,78,78,78,78,78,78],"card_choices":[{"not_picked":["Steam","Static Discharge"],"picked":"Ball Lightning","floor":1.0},{"not_picked":["Leap","Tempest"],"picked":"Chill","floor":2.0},{"not_picked":["Streamline","Conserve Battery"],"picked":"Cold Snap","floor":3.0},{"not_picked":["Force Field","Stack"],"picked":"Ball Lightning","floor":6.0},{"not_picked":["Streamline","Rebound"],"picked":"Blizzard","floor":8.0},{"not_picked":["Redo","Turbo"],"picked":"Coolheaded","floor":12.0},{"not_picked":["Lockon","Stack"],"picked":"Electrodynamics","floor":13.0},{"not_picked":["Stack","Go for the Eyes"],"picked":"Ball Lightning","floor":14.0},{"not_picked":["Rainbow","Thunder Strike"],"picked":"Buffer","floor":16.0},{"not_picked":["Redo","Doom and Gloom"],"picked":"White Noise+1","floor":18.0},{"not_picked":["Beam Cell","Reinforced Body"],"picked":"Ball Lightning","floor":20.0},{"not_picked":["Static Discharge","Undo"],"picked":"Reinforced Body","floor":24.0},{"not_picked":["Gash","Turbo"],"picked":"Ball Lightning+1","floor":25.0},{"not_picked":["Force Field","Cold Snap"],"picked":"Buffer","floor":27.0},{"not_picked":["Redo","Ball Lightning"],"picked":"FTL","floor":29.0},{"not_picked":["Streamline","Fusion","Reprogram"],"picked":"SKIP","floor":30.0},{"not_picked":["Streamline","Auto Shields"],"picked":"Storm","floor":31.0},{"not_picked":["Fission","Multi-Cast"],"picked":"Seek","floor":33.0},{"not_picked":["Coolheaded","Leap"],"picked":"Skim+1","floor":35.0},{"not_picked":["Skim","Ball Lightning"],"picked":"Force Field","floor":36.0},{"not_picked":["Undo+1","Blizzard"],"picked":"Heatsinks+1","floor":40.0},{"not_picked":["Go for the Eyes","Lockon"],"picked":"Amplify","floor":42.0},{"not_picked":["Barrage+1","Ball Lightning+1","Static Discharge"],"picked":"SKIP","floor":47.0},{"not_picked":["Go for the Eyes","Redo"],"picked":"White Noise+1","floor":48.0},{"not_picked":["Gash+1","Self Repair+1"],"picked":"Stack+1","floor":55.0}],"player_experience":2938712,"relics_obtained":[{"floor":6.0,"key":"Regal Pillow"},{"floor":8.0,"key":"Bottled Lightning"},{"floor":9.0,"key":"Lantern"},{"floor":13.0,"key":"Mercury Hourglass"},{"floor":19.0,"key":"Nilry\u0027s Codex"},{"floor":20.0,"key":"Red Mask"},{"floor":22.0,"key":"Oddly Smooth Stone"},{"floor":26.0,"key":"Mummified Hand"},{"floor":27.0,"key":"Sundial"},{"floor":31.0,"key":"Incense Burner"},{"floor":40.0,"key":"Blue Candle"},{"floor":42.0,"key":"Orichalcum"},{"floor":44.0,"key":"Juzu Bracelet"},{"floor":47.0,"key":"Letter Opener"},{"floor":55.0,"key":"Boot"}],"event_choices":[{"damage_healed":0.0,"max_hp_gain":0.0,"max_hp_loss":0.0,"gold_gain":0.0,"event_name":"Shining Light","player_choice":"Entered Light","floor":4.0,"gold_loss":0.0,"damage_taken":23.0,"cards_upgraded":["Defend_B","Defend_B"]},{"cards_removed":["Zap"],"damage_healed":0.0,"max_hp_gain":0.0,"max_hp_loss":0.0,"gold_gain":0.0,"event_name":"Golden Wing","player_choice":"Card Removal","floor":5.0,"gold_loss":0.0,"damage_taken":7.0},{"damage_healed":0.0,"max_hp_gain":0.0,"max_hp_loss":0.0,"gold_gain":0.0,"event_name":"Cursed Tome","player_choice":"Obtained Book","floor":19.0,"gold_loss":0.0,"damage_taken":21.0},{"damage_healed":0.0,"max_hp_gain":0.0,"max_hp_loss":0.0,"gold_gain":0.0,"event_name":"Masked Bandits","player_choice":"Fought Bandits","floor":20.0,"gold_loss":0.0,"damage_taken":0.0},{"cards_removed":["Strike_B"],"damage_healed":0.0,"max_hp_gain":0.0,"max_hp_loss":0.0,"gold_gain":0.0,"event_name":"Falling","player_choice":"Removed Attack","floor":37.0,"gold_loss":0.0,"damage_taken":0.0},{"damage_healed":0.0,"max_hp_gain":0.0,"max_hp_loss":0.0,"gold_gain":0.0,"event_name":"Accursed Blacksmith","player_choice":"Forge","floor":38.0,"gold_loss":0.0,"damage_taken":0.0,"cards_upgraded":["Apotheosis"]},{"damage_healed":0.0,"max_hp_gain":0.0,"max_hp_loss":0.0,"gold_gain":0.0,"event_name":"The Woman in Blue","player_choice":"Bought 1 Potion","floor":46.0,"gold_loss":0.0,"damage_taken":0.0}],"is_beta":true,"boss_relics":[{"not_picked":["Empty Cage","Eternal Feather"],"picked":"Philosopher\u0027s Stone"},{"not_picked":["Runic Dome","White Beast Statue"],"picked":"Nuclear Battery"}],"items_purged_floors":[45],"is_endless":false,"potions_floor_spawned":[3,12,13,16,20,27,31,33,35,40,47,48],"killed_by":"The Heart","ascension_level":20}