{"gold_per_floor":[215,228,74,92,92,92,72,103,103,103,133,149,149,149,149,220,220,193,193,205,480,499,499,119,9,89,108,108,122,122,122,122,199,199,211,127,144,160,171,171,196,196,196,196,208,208,218,218,218,218],"floor_reached":51,"playtime":2817,"items_purged":["Strike_R","Regret"],"score":1184,"play_id":"1c6d6473-0e5c-4b26-9b18-ad96575e2a7b","local_time":"20190705213607","is_ascension_mode":true,"campfire_choices":[{"data":"Armaments","floor":6,"key":"SMITH"},{"data":"Barricade","floor":10,"key":"SMITH"},{"data":"True Grit","floor":13,"key":"SMITH"},{"data":"Inflame","floor":15,"key":"SMITH"},{"data":"Body Slam","floor":23,"key":"SMITH"},{"floor":30,"key":"REST"},{"data":"Impervious","floor":32,"key":"SMITH"},{"data":"Panacea","floor":40,"key":"SMITH"},{"data":"Offering","floor":42,"key":"SMITH"},{"data":"Shrug It Off","floor":44,"key":"SMITH"},{"floor":49,"key":"REST"}],"neow_cost":"NONE","seed_source_timestamp":1843205988652964,"circlet_count":0,"master_deck":["AscendersBane","Defend_R+1","Defend_R","Defend_R","Defend_R","Armaments+1","Inflame+1","Shrug It Off+1","Cleave+1","Barricade+1","True Grit+1","Impervious+1","Headbutt+1","Iron Wave+1","Body Slam+1","Impervious","Offering+1","Rage+1","Body Slam+1","Intimidate+1","Panacea+1","Parasite","Battle Trance"],"relics":["Burning Blood","Darkstone Periapt","Letter Opener","Gremlin Horn","Velvet Choker","Bag of Preparation","Mummified Hand","Astrolabe","Blood Vial","Whetstone"],"potions_floor_usage":[7,11,16,22,33,39,47,50],"damage_taken":[{"damage":7,"enemies":"Small Slimes","floor":1,"turns":4},{"damage":2,"enemies":"2 Louse","floor":2,"turns":4},{"damage":1,"enemies":"Cultist","floor":4,"turns":4},{"damage":7,"enemies":"Exordium Thugs","floor":7,"turns":4},{"damage":19,"enemies":"Lagavulin","floor":8,"turns":7},{"damage":32,"enemies":"Gremlin Nob","floor":11,"turns":4},{"damage":3,"enemies":"3 Louse","floor":12,"turns":3},{"damage":22,"enemies":"The Guardian","floor":16,"turns":15},{"damage":22,"enemies":"2 Thieves","floor":18,"turns":5},{"damage":3,"enemies":"3 Byrds","floor":20,"turns":6},{"damage":23,"enemies":"Snecko","floor":22,"turns":8},{"damage":5,"enemies":"3 Cultists","floor":27,"turns":5},{"damage":0,"enemies":"Snake Plant","floor":29,"turns":3},{"damage":20,"enemies":"Collector","floor":33,"turns":11},{"damage":0,"enemies":"3 Darklings","floor":35,"turns":4},{"damage":8,"enemies":"Orb Walker","floor":37,"turns":4},{"damage":0,"enemies":"Jaw Worm Horde","floor":38,"turns":3},{"damage":6,"enemies":"Writhing Mass","floor":39,"turns":5},{"damage":25,"enemies":"Reptomancer","floor":41,"turns":8},{"damage":6,"enemies":"4 Shapes","floor":45,"turns":5},{"damage":3,"enemies":"Jaw Worm Horde","floor":47,"turns":5},{"damage":23,"enemies":"Awakened One","floor":50,"turns":10}],"seed_played":"-4580248474055584771","potions_obtained":[{"floor":2,"key":"EssenceOfSteel"},{"floor":4,"key":"SneckoOil"},{"floor":8,"key":"Dexterity Potion"},{"floor":18,"key":"GamblersBrew"},{"floor":27,"key":"SpeedPotion"},{"floor":29,"key":"PowerPotion"},{"floor":35,"key":"GamblersBrew"},{"floor":41,"key":"SkillPotion"},{"floor":47,"key":"SneckoOil"}],"is_trial":false,"path_per_floor":["M","M","$","M","?","R","M","E","T","R","E","M","R","?","R","B",null,"M","$","M","?","M","R","$","?","T","M","$","M","R","$","R","B",null,"M","$","M","M","M","R","E","R","T","R","M","?","M","?","R","B",null],"character_chosen":"IRONCLAD","items_purchased":["Inflame","Bag of Preparation","Impervious","Panacea"],"campfire_rested":2,"item_purchase_floors":[3,24,24,36],"current_hp_per_floor":[67,71,71,75,75,75,74,61,61,61,35,38,38,38,38,22,62,46,46,49,55,38,38,38,38,38,39,39,45,69,69,69,55,75,81,81,79,81,87,87,68,68,68,68,70,70,75,75,87,70],"gold":218,"neow_bonus":"HUNDRED_GOLD","is_prod":false,"is_daily":false,"chose_seed":false,"campfire_upgraded":9,"win_rate":0,"timestamp":1562330167,"path_taken":["M","M","$","M","?","R","M","E","T","R","E","M","R","?","R","BOSS","M","$","M","?","M","R","?","?","T","M","$","?","R","?","R","BOSS","M","$","M","?","M","R","E","R","T","R","M","?","M","?","R","BOSS"],"build_version":"2019-07-01","purchased_purges":2,"victory":true,"max_hp_per_floor":[75,75,75,75,75,75,75,75,75,75,75,75,75,75,75,75,75,75,75,75,81,81,81,81,81,81,81,81,81,81,81,81,81,81,81,81,81,81,87,87,87,87,87,87,87,87,87,87,87,87],"card_choices":[{"not_picked":["Sword Boomerang","Heavy Blade"],"picked":"Armaments","floor":1},{"not_picked":["Fire Breathing","Flex","Second Wind"],"picked":"SKIP","floor":2},{"not_picked":["Thunderclap","Havoc"],"picked":"Shrug It Off","floor":4},{"not_picked":["Rupture","Flex"],"picked":"Cleave","floor":7},{"not_picked":["Clash","Ghostly Armor"],"picked":"Barricade","floor":8},{"not_picked":["Dropkick","Armaments","Sword Boomerang"],"picked":"SKIP","floor":11},{"not_picked":["Dropkick","Armaments","Sword Boomerang"],"picked":"SKIP","floor":11},{"not_picked":["Burning Pact","Inflame"],"picked":"True Grit","floor":12},{"not_picked":["Demon Form","Bludgeon"],"picked":"Impervious","floor":16},{"not_picked":["Flex","Clothesline"],"picked":"Headbutt","floor":18},{"not_picked":["Clash","Sever Soul"],"picked":"Iron Wave+1","floor":20},{"not_picked":["Flex","Perfected Strike"],"picked":"Body Slam","floor":22},{"not_picked":["Dual Wield","Havoc","Pommel Strike"],"picked":"SKIP","floor":27},{"not_picked":["Fire Breathing","Heavy Blade","Power Through+1"],"picked":"SKIP","floor":29},{"not_picked":["Juggernaut","Demon Form"],"picked":"Offering","floor":33},{"not_picked":["Seeing Red","Havoc","Thunderclap"],"picked":"SKIP","floor":35},{"not_picked":["Flex+1","Havoc+1","Rage"],"picked":"SKIP","floor":37},{"not_picked":["Cleave","Headbutt+1","Blood for Blood"],"picked":"SKIP","floor":38},{"not_picked":["Burning Pact","Bludgeon","Anger"],"picked":"SKIP","floor":39},{"not_picked":["Inflame","Blood for Blood","Anger"],"picked":"SKIP","floor":41},{"not_picked":["Inflame","Blood for Blood","Anger"],"picked":"SKIP","floor":41},{"not_picked":["Inflame","Blood for Blood","Anger"],"picked":"SKIP","floor":41},{"not_picked":["Clothesline+1","True Grit"],"picked":"Battle Trance","floor":45},{"not_picked":["Intimidate+1","Burning Pact","Body Slam"],"picked":"SKIP","floor":47}],"player_experience":1085919,"relics_obtained":[{"floor":8,"key":"Darkstone Periapt"},{"floor":9,"key":"Letter Opener"},{"floor":11,"key":"Gremlin Horn"},{"floor":26,"key":"Mummified Hand"},{"floor":41,"key":"Blood Vial"},{"floor":43,"key":"Whetstone"}],"event_choices":[{"damage_healed":0,"gold_gain":0,"player_choice":"Ignored","damage_taken":0,"max_hp_gain":0,"max_hp_loss":0,"event_name":"Liars Game","floor":5,"gold_loss":0},{"cards_removed":["Strike_R"],"damage_healed":0,"gold_gain":0,"player_choice":"Card Removal","damage_taken":0,"max_hp_gain":0,"max_hp_loss":0,"event_name":"Wheel of Change","floor":14,"gold_loss":0},{"damage_healed":0,"gold_gain":275,"player_choice":"Desecrate","damage_taken":0,"max_hp_gain":0,"max_hp_loss":0,"event_name":"Golden Shrine","floor":21,"gold_loss":0,"cards_obtained":["Regret"]},{"cards_removed":["Strike_R"],"damage_healed":0,"gold_gain":0,"player_choice":"Upgrade and Remove","damage_taken":0,"max_hp_gain":0,"max_hp_loss":0,"event_name":"Designer","floor":25,"gold_loss":110,"cards_upgraded":["Defend_R"]},{"damage_healed":0,"gold_gain":0,"player_choice":"Ignored","damage_taken":0,"max_hp_gain":0,"max_hp_loss":0,"event_name":"Mysterious Sphere","floor":46,"gold_loss":0},{"damage_healed":0,"gold_gain":0,"player_choice":"Memory 1","damage_taken":0,"max_hp_gain":0,"max_hp_loss":0,"event_name":"SensoryStone","floor":48,"gold_loss":0}],"is_beta":false,"boss_relics":[{"not_picked":["White Beast Statue","Orrery"],"picked":"Velvet Choker"},{"not_picked":["Eternal Feather","Tiny House"],"picked":"Astrolabe"}],"items_purged_floors":[3,24],"is_endless":false,"potions_floor_spawned":[2,4,8,18,27,29,35,38,41,47],"ascension_level":15}