{"gold_per_floor":[113,113,38,38,50,50,85,85,85,85,85,118,132,107,107,233,233,253,99,114,134,61,96,96,131,179,204,204,220,234,246,246,351,351,366,69,69,89,103,103,133,133,156,171,171,191,211,230,230,230],"floor_reached":51,"playtime":2218,"items_purged":[],"score":1001,"play_id":"112ee9a9-043a-4d96-8608-ff7abbe87a68","local_time":"20190502024127","is_ascension_mode":true,"campfire_choices":[{"data":"Uppercut","floor":6,"key":"SMITH"},{"data":"Body Slam","floor":8,"key":"SMITH"},{"data":"Pommel Strike","floor":10,"key":"SMITH"},{"data":"Spot Weakness","floor":15,"key":"SMITH"},{"floor":28,"key":"REST"},{"data":"Entrench","floor":32,"key":"SMITH"},{"data":"Body Slam","floor":40,"key":"SMITH"},{"floor":42,"key":"DIG"},{"floor":45,"key":"DIG"},{"floor":49,"key":"DIG"}],"neow_cost":"NONE","seed_source_timestamp":46676348146940,"circlet_count":0,"master_deck":["Strike_R","Strike_R","Strike_R","Strike_R","Strike_R+1","Defend_R+1","Defend_R+1","Defend_R","Defend_R","Bash","Thunderclap","Exhume","Uppercut+1","Pommel Strike+1","Body Slam+1","Spot Weakness+1","Wild Strike","Flex","Impervious+1","Flex+1","Clothesline","Wild Strike","Power Through","Blood for Blood+1","Rage","Shame","Entrench+1","Heavy Blade+1","Sword Boomerang","Body Slam+1","Brutality+1","Body Slam+1","True Grit","Burning Pact","Cleave","Rupture+1","Flex+1","Feel No Pain+1","True Grit","Pain","Reckless Charge+1","Doubt","Rupture+1","True Grit+1","Metallicize+1","Power Through+1"],"relics":["Burning Blood","Anchor","Kunai","Magic Flower","Bloody Idol","Sundial","Cursed Key","Vajra","Frozen Egg 2","Self Forming Clay","War Paint","Orichalcum","Orrery","ClockworkSouvenir","WarpedTongs","Shovel","Art of War","Centennial Puzzle","Mummified Hand","Strawberry"],"potions_floor_usage":[7,12,16,21,23,33,33,44,44,50,50],"damage_taken":[{"damage":6,"enemies":"2 Louse","floor":1,"turns":4},{"damage":6,"enemies":"Cultist","floor":5,"turns":3},{"damage":23,"enemies":"3 Sentries","floor":7,"turns":7},{"damage":15,"enemies":"Lagavulin","floor":12,"turns":5},{"damage":3,"enemies":"Small Slimes","floor":13,"turns":3},{"damage":51,"enemies":"The Guardian","floor":16,"turns":10},{"damage":3,"enemies":"Chosen","floor":18,"turns":4},{"damage":12,"enemies":"2 Thieves","floor":20,"turns":3},{"damage":33,"enemies":"Shelled Parasite and Fungi","floor":21,"turns":5},{"damage":6,"enemies":"Slavers","floor":23,"turns":5},{"damage":18,"enemies":"Book of Stabbing","floor":25,"turns":4},{"damage":66,"enemies":"Gremlin Leader","floor":27,"turns":6},{"damage":0,"enemies":"Snecko","floor":29,"turns":2},{"damage":0,"enemies":"Snake Plant","floor":30,"turns":4},{"damage":12,"enemies":"Chosen and Byrds","floor":31,"turns":5},{"damage":0,"enemies":"Champ","floor":33,"turns":9},{"damage":2,"enemies":"Orb Walker","floor":35,"turns":3},{"damage":5,"enemies":"3 Shapes","floor":38,"turns":3},{"damage":31,"enemies":"Sphere and 2 Shapes","floor":39,"turns":4},{"damage":26,"enemies":"Giant Head","floor":41,"turns":7},{"damage":20,"enemies":"Spire Growth","floor":44,"turns":4},{"damage":9,"enemies":"Maw","floor":46,"turns":4},{"damage":11,"enemies":"3 Darklings","floor":47,"turns":4},{"damage":3,"enemies":"Sphere and 2 Shapes","floor":48,"turns":4},{"damage":56,"enemies":"Time Eater","floor":50,"turns":10}],"seed_played":"-1836052241031121548","potions_obtained":[{"floor":5,"key":"Energy Potion"},{"floor":7,"key":"Fruit Juice"},{"floor":13,"key":"Dexterity Potion"},{"floor":18,"key":"SpeedPotion"},{"floor":21,"key":"BloodPotion"},{"floor":29,"key":"AttackPotion"},{"floor":30,"key":"PowerPotion"},{"floor":33,"key":"Ancient Potion"},{"floor":41,"key":"Explosive Potion"},{"floor":44,"key":"GamblersBrew"},{"floor":46,"key":"AttackPotion"}],"is_trial":false,"path_per_floor":["M","?","$","?","M","R","E","R","T","R","?","E","M","$","R","B",null,"M","$","M","M","$","E","?","E","T","E","R","M","M","M","R","B",null,"M","$","?","M","M","R","E","R","T","M","R","M","M","M","R","B",null],"character_chosen":"IRONCLAD","items_purchased":["Uppercut","Flex","Vajra","Power Through","ClockworkSouvenir","Feel No Pain+1","True Grit"],"campfire_rested":1,"item_purchase_floors":[3,14,19,22,36,36,36],"current_hp_per_floor":[80,80,80,64,64,64,52,52,52,52,52,46,52,52,52,10,79,79,79,76,52,52,66,66,62,67,15,38,52,66,68,68,79,79,79,79,79,79,62,62,50,50,55,49,49,54,57,68,75,28],"gold":230,"neow_bonus":"RANDOM_COMMON_RELIC","is_prod":false,"is_daily":false,"chose_seed":false,"campfire_upgraded":6,"win_rate":0,"timestamp":1556728887,"path_taken":["M","?","$","?","M","R","E","R","T","R","?","E","M","$","R","BOSS","M","$","M","M","$","E","?","E","T","E","R","M","M","M","R","BOSS","M","$","?","M","?","R","E","R","T","M","R","M","M","M","R","BOSS"],"build_version":"2019-01-23","purchased_purges":0,"victory":true,"max_hp_per_floor":[80,80,80,80,80,80,85,85,85,85,79,79,79,79,79,79,79,79,79,79,79,79,79,79,79,79,79,79,79,79,79,79,79,79,79,79,79,79,79,79,79,79,79,79,79,79,79,79,86,86],"card_choices":[{"not_picked":["Twin Strike","Anger"],"picked":"Thunderclap","floor":1},{"not_picked":["Flex","Havoc"],"picked":"Pommel Strike","floor":5},{"not_picked":["Metallicize","Entrench"],"picked":"Body Slam","floor":7},{"not_picked":["Pommel Strike","Reckless Charge"],"picked":"Spot Weakness","floor":12},{"not_picked":["Anger","Twin Strike"],"picked":"Wild Strike","floor":13},{"not_picked":["Exhume","Demon Form"],"picked":"Impervious","floor":16},{"not_picked":["Sword Boomerang+1","Warcry"],"picked":"Flex+1","floor":18},{"not_picked":["Wild Strike","Twin Strike"],"picked":"Clothesline","floor":20},{"not_picked":["Twin Strike","Searing Blow"],"picked":"Wild Strike","floor":21},{"not_picked":["Warcry","Iron Wave"],"picked":"Blood for Blood+1","floor":23},{"not_picked":["Searing Blow","Evolve+1"],"picked":"Rage","floor":25},{"not_picked":["Intimidate","Juggernaut+1"],"picked":"Entrench","floor":27},{"not_picked":["Uppercut","Spot Weakness"],"picked":"Heavy Blade+1","floor":29},{"not_picked":["Warcry","Heavy Blade"],"picked":"Sword Boomerang","floor":30},{"not_picked":["Uppercut","Perfected Strike"],"picked":"Body Slam+1","floor":31},{"not_picked":["Bludgeon","Reaper"],"picked":"Brutality+1","floor":33},{"not_picked":["Wild Strike+1","Twin Strike+1"],"picked":"Body Slam","floor":34},{"not_picked":["Headbutt","Iron Wave"],"picked":"True Grit","floor":34},{"not_picked":["Whirlwind","Shockwave+1"],"picked":"Burning Pact","floor":34},{"not_picked":["Body Slam","Twin Strike"],"picked":"Cleave","floor":34},{"not_picked":["Disarm","Battle Trance"],"picked":"Rupture+1","floor":34},{"not_picked":["Impervious","Body Slam"],"picked":"Flex+1","floor":35},{"not_picked":["Twin Strike","Body Slam","Pommel Strike"],"picked":"SKIP","floor":38},{"not_picked":["Havoc","Cleave+1"],"picked":"Reckless Charge+1","floor":39},{"not_picked":["Cleave+1","Bludgeon","Body Slam"],"picked":"SKIP","floor":41},{"not_picked":["Flame Barrier+1","Clash+1"],"picked":"Rupture+1","floor":44},{"not_picked":["Shrug It Off","Iron Wave"],"picked":"True Grit+1","floor":46},{"not_picked":["Perfected Strike","Warcry+1"],"picked":"Metallicize+1","floor":47},{"not_picked":["Burning Pact","Searing Blow"],"picked":"Power Through+1","floor":48}],"player_experience":566322,"relics_obtained":[{"floor":7,"key":"Kunai"},{"floor":9,"key":"Magic Flower"},{"floor":12,"key":"Sundial"},{"floor":23,"key":"Frozen Egg 2"},{"floor":25,"key":"Self Forming Clay"},{"floor":26,"key":"War Paint"},{"floor":27,"key":"Orichalcum"},{"floor":41,"key":"Shovel"},{"floor":42,"key":"Art of War"},{"floor":43,"key":"Centennial Puzzle"},{"floor":45,"key":"Mummified Hand"},{"floor":49,"key":"Strawberry"}],"event_choices":[{"damage_healed":0,"gold_gain":0,"player_choice":"1 cards matched","damage_taken":0,"max_hp_gain":0,"max_hp_loss":0,"event_name":"Match and Keep!","floor":2,"gold_loss":0,"cards_obtained":["Exhume"]},{"damage_healed":0,"gold_gain":0,"player_choice":"Entered Light","damage_taken":16,"max_hp_gain":0,"max_hp_loss":0,"event_name":"Shining Light","floor":4,"gold_loss":0,"cards_upgraded":["Strike_R","Defend_R"]},{"damage_healed":0,"gold_gain":0,"player_choice":"Lose Max HP","damage_taken":0,"relics_obtained":["Golden Idol"],"max_hp_gain":0,"max_hp_loss":6,"event_name":"Golden Idol","floor":11,"gold_loss":0},{"damage_healed":0,"gold_gain":0,"player_choice":"Gave Idol","damage_taken":0,"relics_obtained":["Bloody Idol"],"max_hp_gain":0,"max_hp_loss":0,"event_name":"Forgotten Altar","floor":24,"relics_lost":["Golden Idol"],"gold_loss":0},{"damage_healed":0,"gold_gain":0,"player_choice":"Rummage","damage_taken":0,"relics_obtained":["WarpedTongs"],"max_hp_gain":0,"max_hp_loss":0,"event_name":"Accursed Blacksmith","floor":37,"gold_loss":0,"cards_obtained":["Pain"]}],"is_beta":false,"boss_relics":[{"not_picked":["Tiny House","Busted Crown"],"picked":"Cursed Key"},{"not_picked":["White Beast Statue","Snecko Eye"],"picked":"Orrery"}],"items_purged_floors":[],"is_endless":false,"potions_floor_spawned":[5,7,13,18,21,29,30,33,41,44,46],"ascension_level":4}