{"gold_per_floor":[112,112,128,146,146,146,173,173,223,240,272,289,289,307,307,411,411,424,437,457,22,0,0],"floor_reached":23,"playtime":703,"items_purged":["Perfected Strike"],"score":264,"play_id":"d8a96139-cbdd-4ad9-ae73-6a3accd18919","local_time":"20190519013956","is_ascension_mode":true,"campfire_choices":[{"data":"Flex","floor":6,"key":"SMITH"},{"floor":8,"key":"REST"},{"floor":13,"key":"REST"},{"data":"Uppercut","floor":15,"key":"SMITH"}],"neow_cost":"NONE","seed_source_timestamp":24012964151708,"circlet_count":0,"master_deck":["Bash","Double Tap","Flex+1","Regret","Headbutt","Infernal Blade","Spot Weakness","Feel No Pain","Uppercut+1","Intimidate","Demon Form","Inflame","Demon Form","Impervious","Blood for Blood","Searing Blow","Ghostly Armor","Evolve","Flex","Shockwave","Heavy Blade","Pommel Strike","Armaments+1","True Grit"],"relics":["Burning Blood","Omamori","Ornamental Fan","Darkstone Periapt","Happy Flower","Bag of Preparation","Pandora\u0027s Box","Membership Card","Turnip"],"potions_floor_usage":[7,7,16,19,23,23,23],"damage_taken":[{"damage":6,"enemies":"Cultist","floor":1,"turns":3},{"damage":22,"enemies":"Jaw Worm","floor":3,"turns":4},{"damage":0,"enemies":"Small Slimes","floor":4,"turns":2},{"damage":39,"enemies":"3 Sentries","floor":7,"turns":7},{"damage":4,"enemies":"2 Fungi Beasts","floor":10,"turns":3},{"damage":33,"enemies":"Lagavulin","floor":11,"turns":4},{"damage":14,"enemies":"Exordium Wildlife","floor":12,"turns":4},{"damage":0,"enemies":"Blue Slaver","floor":14,"turns":1},{"damage":27,"enemies":"Hexaghost","floor":16,"turns":7},{"damage":33,"enemies":"Shell Parasite","floor":18,"turns":4},{"damage":11,"enemies":"2 Thieves","floor":19,"turns":4},{"damage":11,"enemies":"Snecko","floor":20,"turns":4},{"damage":33,"enemies":"Slavers","floor":23,"turns":3}],"seed_played":"-6549731310978432302","potions_obtained":[{"floor":3,"key":"Strength Potion"},{"floor":4,"key":"Energy Potion"},{"floor":11,"key":"Energy Potion"},{"floor":14,"key":"Dexterity Potion"},{"floor":16,"key":"GamblersBrew"},{"floor":18,"key":"Energy Potion"},{"floor":20,"key":"Ancient Potion"}],"is_trial":false,"path_per_floor":["M","?","M","M","T","R","E","R","T","M","E","M","R","M","R","B",null,"M","M","M","$","?","E"],"character_chosen":"IRONCLAD","items_purchased":["Membership Card","Turnip","True Grit"],"campfire_rested":2,"item_purchase_floors":[21,21,21],"current_hp_per_floor":[72,72,56,62,62,62,29,53,53,55,28,20,44,50,50,29,67,40,35,30,30,30,0],"gold":0,"neow_bonus":"ONE_RANDOM_RARE_CARD","is_prod":false,"is_daily":false,"chose_seed":false,"campfire_upgraded":2,"win_rate":0,"timestamp":1558193996,"path_taken":["M","?","M","M","?","R","E","R","T","M","E","M","R","M","R","BOSS","M","M","M","$","?","E"],"build_version":"2019-01-23","purchased_purges":1,"victory":false,"max_hp_per_floor":[80,80,80,80,80,80,80,80,80,80,80,80,80,80,80,80,80,80,80,80,80,80,80],"card_choices":[{"not_picked":["Clothesline","Dual Wield"],"picked":"Flex","floor":1},{"not_picked":["Hemokinesis","Shrug It Off"],"picked":"Headbutt","floor":3},{"not_picked":["Body Slam","Sword Boomerang"],"picked":"Infernal Blade","floor":4},{"not_picked":["Feed","Wild Strike"],"picked":"Spot Weakness","floor":7},{"not_picked":["Corruption","Dropkick"],"picked":"Perfected Strike","floor":10},{"not_picked":["Iron Wave","Clothesline"],"picked":"Feel No Pain","floor":11},{"not_picked":["Perfected Strike","Sword Boomerang"],"picked":"Uppercut","floor":12},{"not_picked":["Warcry","Thunderclap"],"picked":"Intimidate","floor":14},{"not_picked":["Exhume","Immolate"],"picked":"Demon Form","floor":16},{"not_picked":["Rage","Warcry"],"picked":"Heavy Blade","floor":18},{"not_picked":["True Grit","Infernal Blade"],"picked":"Pommel Strike","floor":19},{"not_picked":["Clothesline","Perfected Strike"],"picked":"Armaments+1","floor":20}],"player_experience":641335,"relics_obtained":[{"floor":5,"key":"Ornamental Fan"},{"floor":7,"key":"Darkstone Periapt"},{"floor":9,"key":"Happy Flower"},{"floor":11,"key":"Bag of Preparation"}],"event_choices":[{"damage_healed":0,"gold_gain":0,"player_choice":"Box","damage_taken":0,"relics_obtained":["Omamori"],"max_hp_gain":0,"max_hp_loss":0,"event_name":"Big Fish","floor":2,"gold_loss":0,"cards_obtained":["Regret"]},{"damage_healed":0,"gold_gain":0,"player_choice":"Paid Fearfully","damage_taken":0,"max_hp_gain":0,"max_hp_loss":0,"event_name":"Masked Bandits","floor":22,"gold_loss":22}],"is_beta":false,"boss_relics":[{"not_picked":["Sozu","Eternal Feather"],"picked":"Pandora\u0027s Box"}],"items_purged_floors":[21],"is_endless":false,"potions_floor_spawned":[3,4,11,14,16,18,20],"killed_by":"Slavers","ascension_level":6}