{"gold_per_floor":[109,59,74,74,84,117,137,137,137,165,165,165,194,37,37,136,136,154,154,154,167,167,198,198,198,224,254,254,268,279,328,328,425,425,444,456,456],"floor_reached":37,"playtime":1520,"items_purged":[],"score":514,"play_id":"3fd1340f-2a44-45fa-bb60-60e0c698b842","local_time":"20190425070822","is_ascension_mode":true,"campfire_choices":[{"data":"Armaments","floor":8,"key":"SMITH"},{"data":"Wild Strike","floor":11,"key":"SMITH"},{"data":"Body Slam","floor":15,"key":"SMITH"},{"data":"Seeing Red","floor":24,"key":"SMITH"},{"data":"Bash","floor":28,"key":"SMITH"},{"data":"True Grit","floor":32,"key":"SMITH"}],"neow_cost":"NONE","seed_source_timestamp":16667858473344,"circlet_count":0,"master_deck":["Defend_R","Defend_R","Defend_R","Defend_R","Bash+1","Cleave","Wild Strike+1","Armaments+1","Spot Weakness","Seeing Red+1","Anger","Body Slam+1","Power Through","Rampage","Shrug It Off","Brutality","Anger+1","Writhe","Pommel Strike+1","Reaper","Juggernaut","Feel No Pain","Bite","Bite","Bite","Bite","Bite","Uppercut+1","True Grit+1","Barricade","Rupture+1","Armaments"],"relics":["Burning Blood","NeowsBlessing","Self Forming Clay","Ginger","FossilizedHelix","Paper Frog","Bag of Marbles","Runic Dome","Mummified Hand","Pen Nib","Regal Pillow","Vajra","Coffee Dripper"],"potions_floor_usage":[6,13,16,23,27,33],"damage_taken":[{"damage":0,"enemies":"Cultist","floor":1,"turns":1},{"damage":0,"enemies":"Small Slimes","floor":3,"turns":1},{"damage":0,"enemies":"Jaw Worm","floor":5,"turns":1},{"damage":35,"enemies":"Lagavulin","floor":6,"turns":5},{"damage":8,"enemies":"Exordium Thugs","floor":7,"turns":4},{"damage":11,"enemies":"3 Sentries","floor":10,"turns":6},{"damage":10,"enemies":"Lagavulin","floor":13,"turns":5},{"damage":1,"enemies":"Hexaghost","floor":16,"turns":8},{"damage":13,"enemies":"3 Byrds","floor":18,"turns":5},{"damage":1,"enemies":"Shell Parasite","floor":21,"turns":3},{"damage":29,"enemies":"Slavers","floor":23,"turns":5},{"damage":42,"enemies":"Book of Stabbing","floor":27,"turns":5},{"damage":20,"enemies":"Chosen and Byrds","floor":29,"turns":4},{"damage":19,"enemies":"Cultist and Chosen","floor":30,"turns":5},{"damage":75,"enemies":"Collector","floor":33,"turns":10},{"damage":10,"enemies":"3 Shapes","floor":35,"turns":3},{"damage":33,"enemies":"3 Darklings","floor":36,"turns":5},{"damage":96,"enemies":"2 Orb Walkers","floor":37,"turns":5}],"seed_played":"9205277841916607457","potions_obtained":[{"floor":1,"key":"PowerPotion"},{"floor":7,"key":"Strength Potion"},{"floor":10,"key":"Poison Potion"},{"floor":13,"key":"Block Potion"},{"floor":18,"key":"LiquidBronze"},{"floor":21,"key":"LiquidBronze"},{"floor":23,"key":"BloodPotion"},{"floor":29,"key":"Dexterity Potion"}],"is_trial":false,"path_per_floor":["M","?","M","?","M","E","M","R","T","E","R","T","E","$","R","B",null,"M","?","?","M","?","E","R","?","T","E","R","M","M","T","R","B",null,"M","M","?"],"character_chosen":"IRONCLAD","items_purchased":["Power Through","Rampage","Shrug It Off"],"campfire_rested":0,"item_purchase_floors":[14,14,14],"current_hp_per_floor":[80,80,80,80,80,51,49,49,49,44,44,44,40,40,40,45,80,73,73,73,80,80,66,66,66,66,59,59,63,64,64,64,14,80,80,60,0],"gold":456,"neow_bonus":"THREE_ENEMY_KILL","is_prod":false,"is_daily":false,"chose_seed":false,"campfire_upgraded":6,"win_rate":0,"timestamp":1556140102,"path_taken":["M","?","M","?","?","E","M","R","T","E","R","?","E","?","R","BOSS","M","?","?","M","?","E","R","?","T","E","R","M","M","?","R","BOSS","M","M","?"],"build_version":"2019-01-23","purchased_purges":0,"victory":false,"max_hp_per_floor":[80,80,80,80,80,80,80,80,80,80,80,80,80,80,80,80,80,80,80,80,80,80,80,80,80,80,80,80,80,80,80,80,80,80,80,80,80],"card_choices":[{"not_picked":["Inflame","Flex"],"picked":"Cleave","floor":1},{"not_picked":["Sword Boomerang","Flame Barrier"],"picked":"Wild Strike","floor":3},{"not_picked":["Clash","Heavy Blade"],"picked":"Armaments","floor":5},{"not_picked":["Pummel","Brutality"],"picked":"Spot Weakness","floor":6},{"not_picked":["Headbutt","Clash"],"picked":"Seeing Red","floor":7},{"not_picked":["Rage","True Grit"],"picked":"Anger","floor":10},{"not_picked":["Cleave","Warcry"],"picked":"Body Slam","floor":13},{"not_picked":["Barricade","Immolate"],"picked":"Brutality","floor":16},{"not_picked":["Dual Wield","Armaments"],"picked":"Anger+1","floor":18},{"not_picked":["Wild Strike","Clash+1"],"picked":"Pommel Strike+1","floor":21},{"not_picked":["Second Wind","Spot Weakness"],"picked":"Feel No Pain","floor":23},{"not_picked":["Spot Weakness","Hemokinesis"],"picked":"Uppercut+1","floor":27},{"not_picked":["Thunderclap+1","Corruption"],"picked":"True Grit","floor":29},{"not_picked":["Sword Boomerang","Combust+1","Battle Trance"],"picked":"SKIP","floor":30},{"not_picked":["Berserk","Dark Embrace"],"picked":"Barricade","floor":33},{"not_picked":["Bloodletting+1","Uppercut+1"],"picked":"Rupture+1","floor":35},{"not_picked":["Battle Trance","Clash"],"picked":"Armaments","floor":36}],"player_experience":466665,"relics_obtained":[{"floor":6,"key":"Self Forming Clay"},{"floor":9,"key":"Ginger"},{"floor":10,"key":"FossilizedHelix"},{"floor":12,"key":"Paper Frog"},{"floor":13,"key":"Bag of Marbles"},{"floor":23,"key":"Mummified Hand"},{"floor":26,"key":"Pen Nib"},{"floor":27,"key":"Regal Pillow"},{"floor":31,"key":"Vajra"}],"event_choices":[{"cards_removed":["Strike_R"],"damage_healed":0,"gold_gain":0,"player_choice":"Card Removal","damage_taken":0,"max_hp_gain":0,"max_hp_loss":0,"event_name":"The Cleric","floor":2,"gold_loss":50},{"cards_removed":["Strike_R"],"damage_healed":0,"gold_gain":0,"player_choice":"Offered Basic","damage_taken":0,"max_hp_gain":0,"max_hp_loss":0,"event_name":"Bonfire Elementals","floor":4,"gold_loss":0},{"damage_healed":0,"gold_gain":0,"player_choice":"Ignored","damage_taken":0,"max_hp_gain":0,"max_hp_loss":0,"event_name":"Ghosts","floor":19,"gold_loss":0},{"damage_healed":0,"gold_gain":0,"player_choice":"Opened","damage_taken":0,"relics_obtained":["Blood Vial"],"max_hp_gain":0,"max_hp_loss":0,"event_name":"The Mausoleum","floor":20,"gold_loss":0,"cards_obtained":["Writhe"]},{"damage_healed":0,"gold_gain":0,"cards_transformed":["Strike_R","Strike_R"],"player_choice":"Became Test Subject","damage_taken":0,"max_hp_gain":0,"max_hp_loss":0,"event_name":"Drug Dealer","floor":22,"gold_loss":0,"cards_obtained":["Reaper","Juggernaut"]},{"damage_healed":0,"gold_gain":0,"player_choice":"Became a vampire (Vial)","damage_taken":0,"max_hp_gain":0,"max_hp_loss":0,"event_name":"Vampires","floor":25,"relics_lost":["Blood Vial"],"gold_loss":0,"cards_obtained":["Bite","Bite","Bite","Bite","Bite"]},{"damage_healed":0,"gold_gain":0,"player_choice":"Fight","damage_taken":0,"max_hp_gain":0,"max_hp_loss":0,"event_name":"Mysterious Sphere","floor":37,"gold_loss":0}],"is_beta":false,"boss_relics":[{"not_picked":["Runic Pyramid","Ectoplasm"],"picked":"Runic Dome"},{"not_picked":["Snecko Eye","Pandora\u0027s Box"],"picked":"Coffee Dripper"}],"items_purged_floors":[],"is_endless":false,"potions_floor_spawned":[1,7,10,13,18,21,23,29],"killed_by":"2 Orb Walkers","ascension_level":3}