{"gold_per_floor":[114,114,127,302,315,315,285,312,336,336,356,371,389,19,19,124,124,141,141,151,163,66,85,85,85],"floor_reached":25,"playtime":1336,"items_purged":[],"score":215,"play_id":"8d8e561c-ed8c-40fe-afda-8e9dc886cea4","local_time":"20190421172308","is_ascension_mode":true,"campfire_choices":[{"floor":6,"key":"REST"},{"floor":10,"key":"REST"},{"floor":15,"key":"REST"},{"floor":24,"key":"REST"}],"neow_cost":"NONE","seed_source_timestamp":6712513813202,"circlet_count":0,"master_deck":["Defend_G","Defend_G","Defend_G","Defend_G+1","Defend_G","Strike_G","Strike_G","Strike_G","Strike_G+1","Survivor","Neutralize","A Thousand Cuts","Underhanded Strike","Bouncing Flask","Doubt","Dagger Spray","Bouncing Flask","Acrobatics","Prepared","Catalyst","Deadly Poison","Die Die Die","Noxious Fumes","Bouncing Flask","Deadly Poison","Footwork","Blade Dance+1"],"relics":["Ring of the Snake","Boot","HandDrill","Oddly Smooth Stone","Busted Crown"],"potions_floor_usage":[5,12,16,23,23],"damage_taken":[{"damage":3,"enemies":"Small Slimes","floor":1,"turns":4},{"damage":0,"enemies":"2 Louse","floor":3,"turns":2},{"damage":6,"enemies":"Cultist","floor":5,"turns":3},{"damage":2,"enemies":"Looter","floor":7,"turns":4},{"damage":27,"enemies":"3 Sentries","floor":8,"turns":6},{"damage":16,"enemies":"Exordium Wildlife","floor":11,"turns":5},{"damage":20,"enemies":"Exordium Thugs","floor":12,"turns":5},{"damage":2,"enemies":"Blue Slaver","floor":13,"turns":4},{"damage":23,"enemies":"Slime Boss","floor":16,"turns":11},{"damage":27,"enemies":"Chosen","floor":18,"turns":6},{"damage":11,"enemies":"Shell Parasite","floor":20,"turns":4},{"damage":11,"enemies":"Centurion and Healer","floor":21,"turns":6},{"damage":13,"enemies":"Shelled Parasite and Fungi","floor":23,"turns":5},{"damage":30,"enemies":"Snake Plant","floor":25,"turns":3}],"seed_played":"-2330958022706271067","potions_obtained":[{"floor":1,"key":"SneckoOil"},{"floor":11,"key":"SkillPotion"},{"floor":13,"key":"Weak Potion"},{"floor":20,"key":"Block Potion"},{"floor":21,"key":"SkillPotion"},{"floor":23,"key":"FearPotion"}],"is_trial":false,"path_per_floor":["M","?","M","?","M","R","M","E","T","R","M","M","M","$","R","B",null,"M","?","M","M","$","M","R","M"],"character_chosen":"THE_SILENT","items_purchased":["HandDrill","Oddly Smooth Stone","Deadly Poison","Deadly Poison","Footwork"],"campfire_rested":4,"item_purchase_floors":[14,14,14,22,22],"current_hp_per_floor":[67,53,53,53,47,68,66,39,39,60,44,24,22,22,43,20,70,43,43,32,21,21,8,29,0],"gold":85,"neow_bonus":"ONE_RANDOM_RARE_CARD","is_prod":false,"is_daily":false,"chose_seed":false,"campfire_upgraded":0,"win_rate":0,"timestamp":1555831388,"path_taken":["M","?","M","?","M","R","M","E","T","R","M","M","M","$","R","BOSS","M","?","M","M","$","M","R","M"],"build_version":"2019-01-23","purchased_purges":0,"victory":false,"max_hp_per_floor":[70,70,70,70,70,70,70,70,70,70,70,70,70,70,70,70,70,70,70,70,70,70,70,70,70],"card_choices":[{"not_picked":["Concentrate","Bane"],"picked":"Underhanded Strike","floor":1},{"not_picked":["Footwork","Skewer"],"picked":"Bouncing Flask","floor":3},{"not_picked":["Outmaneuver","Underhanded Strike"],"picked":"Dagger Spray","floor":5},{"not_picked":["Dodge and Roll","Masterful Stab","Endless Agony"],"picked":"SKIP","floor":7},{"not_picked":["Infinite Blades","Dodge and Roll"],"picked":"Bouncing Flask","floor":8},{"not_picked":["Eviscerate","Underhanded Strike"],"picked":"Acrobatics","floor":11},{"not_picked":["Die Die Die","Accuracy"],"picked":"Prepared","floor":12},{"not_picked":["Flechettes","Backflip"],"picked":"Catalyst","floor":13},{"not_picked":["Wraith Form v2","Venomology"],"picked":"Die Die Die","floor":16},{"not_picked":["Eviscerate"],"picked":"SKIP","floor":18},{"not_picked":[],"picked":"Bouncing Flask","floor":20},{"not_picked":["Accuracy"],"picked":"SKIP","floor":21},{"not_picked":[],"picked":"Blade Dance+1","floor":23}],"player_experience":385461,"relics_obtained":[{"floor":8,"key":"Boot"}],"event_choices":[{"damage_healed":0,"gold_gain":0,"player_choice":"Entered Light","damage_taken":14,"max_hp_gain":0,"max_hp_loss":0,"event_name":"Shining Light","floor":2,"gold_loss":0,"cards_upgraded":["Defend_G","Strike_G"]},{"damage_healed":0,"gold_gain":175,"player_choice":"AGREE","damage_taken":0,"max_hp_gain":0,"max_hp_loss":0,"event_name":"Liars Game","floor":4,"gold_loss":0,"cards_obtained":["Doubt"]},{"damage_healed":0,"gold_gain":0,"cards_transformed":["Strike_G"],"player_choice":"Transformed","damage_taken":0,"max_hp_gain":0,"max_hp_loss":0,"event_name":"Transmorgrifier","floor":19,"gold_loss":0,"cards_obtained":["Noxious Fumes"]}],"is_beta":false,"boss_relics":[{"not_picked":["Ectoplasm","Calling Bell"],"picked":"Busted Crown"}],"items_purged_floors":[],"is_endless":false,"potions_floor_spawned":[1,11,13,20,21,23],"killed_by":"Snake Plant","ascension_level":1}