{"gold_per_floor":[118,128,128,138,152,152,169,169,239,239,266,266,284,299,299,403,403,415,403,415,415],"floor_reached":21,"playtime":923,"items_purged":[],"score":241,"play_id":"995d4cfb-64b6-47fb-86e9-018eb93f27c6","local_time":"20190521190120","is_ascension_mode":true,"campfire_choices":[{"data":"Noxious Fumes","floor":6,"key":"SMITH"},{"floor":8,"key":"REST"},{"data":"Envenom","floor":10,"key":"SMITH"},{"floor":15,"key":"REST"}],"neow_cost":"NONE","seed_source_timestamp":30768408989033,"circlet_count":0,"master_deck":["Defend_G","Defend_G","Defend_G","Defend_G","Defend_G","Strike_G","Strike_G","Strike_G","Strike_G","Survivor","Masterful Stab","Poisoned Stab","Backflip","Noxious Fumes+1","Envenom+1","Flying Knee","Wraith Form v2","Dagger Throw","Sucker Punch","Wraith Form v2","Crippling Poison","Acrobatics+1","Bane"],"relics":["Ring of the Snake","Darkstone Periapt","Ice Cream","Runic Pyramid"],"potions_floor_usage":[5,7,11,18,19,21,21],"damage_taken":[{"damage":4,"enemies":"Jaw Worm","floor":1,"turns":4},{"damage":0,"enemies":"Cultist","floor":2,"turns":3},{"damage":0,"enemies":"Small Slimes","floor":4,"turns":2},{"damage":0,"enemies":"3 Louse","floor":5,"turns":2},{"damage":29,"enemies":"Exordium Thugs","floor":7,"turns":6},{"damage":43,"enemies":"Lagavulin","floor":11,"turns":7},{"damage":3,"enemies":"2 Fungi Beasts","floor":13,"turns":3},{"damage":5,"enemies":"Red Slaver","floor":14,"turns":5},{"damage":12,"enemies":"Hexaghost","floor":16,"turns":9},{"damage":9,"enemies":"3 Byrds","floor":18,"turns":3},{"damage":8,"enemies":"2 Thieves","floor":19,"turns":5},{"damage":36,"enemies":"Snake Plant","floor":20,"turns":5},{"damage":22,"enemies":"Centurion and Healer","floor":21,"turns":3}],"seed_played":"-4221911616023599510","potions_obtained":[{"floor":0,"key":"SneckoOil"},{"floor":0,"key":"Explosive Potion"},{"floor":0,"key":"EntropicBrew"},{"floor":5,"key":"FairyPotion"},{"floor":7,"key":"Regen Potion"},{"floor":11,"key":"LiquidBronze"},{"floor":18,"key":"EssenceOfSteel"}],"is_trial":false,"path_per_floor":["M","M","?","M","M","R","M","R","T","R","E","?","M","M","R","B",null,"M","M","M","M"],"character_chosen":"THE_SILENT","items_purchased":[],"campfire_rested":2,"item_purchase_floors":[],"current_hp_per_floor":[59,59,59,59,59,59,30,51,51,51,20,20,17,12,33,21,58,49,41,5,0],"gold":415,"neow_bonus":"THREE_SMALL_POTIONS","is_prod":false,"is_daily":false,"chose_seed":false,"campfire_upgraded":2,"win_rate":0,"timestamp":1558429280,"path_taken":["M","M","?","M","M","R","?","R","T","R","E","?","M","M","R","BOSS","M","M","M","M"],"build_version":"2019-01-23","purchased_purges":0,"victory":false,"max_hp_per_floor":[70,70,70,70,70,70,70,70,70,70,70,70,70,70,70,70,70,70,70,70,70],"card_choices":[{"not_picked":["Infinite Blades","Cloak And Dagger"],"picked":"Masterful Stab","floor":1},{"not_picked":["Bane","Leg Sweep"],"picked":"Poisoned Stab","floor":2},{"not_picked":["Flechettes","Bouncing Flask"],"picked":"Backflip","floor":4},{"not_picked":["Poisoned Stab","Dash"],"picked":"Noxious Fumes","floor":5},{"not_picked":["Sucker Punch","PiercingWail"],"picked":"Envenom","floor":7},{"not_picked":["Acrobatics","Deadly Poison"],"picked":"Flying Knee","floor":11},{"not_picked":["Flying Knee","Deflect"],"picked":"Dagger Throw","floor":13},{"not_picked":["Phantasmal Killer","Dash"],"picked":"Sucker Punch","floor":14},{"not_picked":["Bullet Time","Unload"],"picked":"Wraith Form v2","floor":16},{"not_picked":["Flying Knee+1","Cloak And Dagger"],"picked":"Crippling Poison","floor":18},{"not_picked":["Quick Slash","Dodge and Roll"],"picked":"Acrobatics+1","floor":19},{"not_picked":["Acrobatics","Masterful Stab"],"picked":"Bane","floor":20}],"player_experience":689618,"relics_obtained":[{"floor":9,"key":"Darkstone Periapt"},{"floor":11,"key":"Ice Cream"}],"event_choices":[{"cards_removed":["Neutralize"],"damage_healed":0,"gold_gain":0,"player_choice":"Offered Basic","damage_taken":0,"max_hp_gain":0,"max_hp_loss":0,"event_name":"Bonfire Elementals","floor":3,"gold_loss":0},{"damage_healed":0,"gold_gain":0,"cards_transformed":["Strike_G"],"player_choice":"Change","damage_taken":0,"max_hp_gain":0,"max_hp_loss":0,"event_name":"Living Wall","floor":12,"gold_loss":0,"cards_obtained":["Wraith Form v2"]}],"is_beta":false,"boss_relics":[{"not_picked":["Tiny House","Astrolabe"],"picked":"Runic Pyramid"}],"items_purged_floors":[],"is_endless":false,"potions_floor_spawned":[5,7,11,13,16,18],"killed_by":"Centurion and Healer","ascension_level":6}