{"gold_per_floor":[10,10,10,26,40,80,105,105,129,204,225,225,261,61,61,185,185,199,179,195,213,21,362,376,376,425,444,444,462,478,478,478,478],"floor_reached":33,"playtime":7881,"items_purged":[],"score":304,"play_id":"2f3b4304-f8de-497b-befc-ae204d8940b1","local_time":"20190712173054","is_ascension_mode":false,"campfire_choices":[{"data":"Perfected Strike","floor":8.0,"key":"SMITH"},{"floor":12.0,"key":"REST"},{"data":"Infernal Blade","floor":15.0,"key":"SMITH"},{"floor":25.0,"key":"REST"},{"floor":28.0,"key":"REST"},{"floor":32,"key":"REST"}],"neow_cost":"NO_GOLD","seed_source_timestamp":0,"circlet_count":0,"master_deck":["Strike_R+1","Strike_R","Strike_R","Strike_R","Strike_R","Defend_R","Defend_R","Defend_R+1","Defend_R+1","Bash+1","Armaments+1","Injury","Perfected Strike+1","Flex","Power Through","Uppercut","Infernal Blade+1","Carnage","Demon Form","Dropkick+1","Ghostly Armor","Warcry+1","Ghostly Armor","Seeing Red+1","Feel No Pain+1","Flame Barrier"],"special_seed":0,"relics":["Burning Blood","Nunchaku","Golden Idol","PreservedInsect","Strawberry","War Paint","Meat on the Bone","ClockworkSouvenir","Eternal Feather","HandDrill","Old Coin","Whetstone","StoneCalendar"],"potions_floor_usage":[29,30,33,33,33],"damage_taken":[{"damage":15.0,"enemies":"Jaw Worm","floor":1.0,"turns":5.0},{"damage":1.0,"enemies":"Cultist","floor":4.0,"turns":4.0},{"damage":0.0,"enemies":"2 Louse","floor":5.0,"turns":3.0},{"damage":26.0,"enemies":"3 Sentries","floor":6.0,"turns":9.0},{"damage":0.0,"enemies":"Large Slime","floor":7.0,"turns":2.0},{"damage":17.0,"enemies":"3 Sentries","floor":10.0,"turns":4.0},{"damage":8.0,"enemies":"Lots of Slimes","floor":11.0,"turns":6.0},{"damage":0.0,"enemies":"Gremlin Nob","floor":13.0,"turns":2.0},{"damage":40.0,"enemies":"Slime Boss","floor":16.0,"turns":9.0},{"damage":18.0,"enemies":"Chosen","floor":18.0,"turns":5.0},{"damage":17.0,"enemies":"Spheric Guardian","floor":20.0,"turns":4.0},{"damage":37.0,"enemies":"Centurion and Healer","floor":21.0,"turns":5.0},{"damage":28.0,"enemies":"Slavers","floor":23.0,"turns":6.0},{"damage":21.0,"enemies":"Snecko","floor":24.0,"turns":7.0},{"damage":62.0,"enemies":"3 Cultists","floor":27.0,"turns":8.0},{"damage":31,"enemies":"Shelled Parasite and Fungi","floor":29,"turns":7},{"damage":42,"enemies":"Snake Plant","floor":30,"turns":5},{"damage":146,"enemies":"Automaton","floor":33,"turns":12}],"seed_played":"-3202363972147159236","potions_obtained":[{"floor":4.0,"key":"Explosive Potion"},{"floor":5.0,"key":"Explosive Potion"},{"floor":6.0,"key":"LiquidBronze"},{"floor":19.0,"key":"Fire Potion"},{"floor":24.0,"key":"Regen Potion"},{"floor":29,"key":"BloodPotion"},{"floor":30,"key":"FearPotion"}],"is_trial":false,"path_per_floor":["M","?","?","M","M","E","M","R","T","?","M","R","E","$","R","B",null,"M","?","M","M","$","E","M","R","T","M","R","M","M","?","R","B"],"character_chosen":"IRONCLAD","items_purchased":["ClockworkSouvenir","HandDrill"],"campfire_rested":4,"item_purchase_floors":[14,22],"current_hp_per_floor":[71,71,71,76,80,60,66,66,73,62,60,86,87,87,87,53,87,75,75,64,45,45,35,32,70,70,26,67,54,51,51,87,0],"gold":478,"neow_bonus":"ONE_RARE_RELIC","is_prod":false,"is_daily":false,"chose_seed":false,"campfire_upgraded":2,"win_rate":0.0,"timestamp":1562967054,"path_taken":["M","?","?","?","M","E","M","R","T","?","M","R","E","$","R","BOSS","M","?","M","?","$","E","M","R","T","M","R","M","M","?","R","BOSS"],"build_version":"2019-07-05","purchased_purges":0,"victory":false,"max_hp_per_floor":[80,80,80,80,80,80,80,80,87,87,87,87,87,87,87,87,87,87,87,87,87,87,87,87,87,87,87,87,87,87,87,87,87],"card_choices":[{"not_picked":["Blood for Blood","True Grit"],"picked":"Armaments","floor":1.0},{"not_picked":["Thunderclap","Twin Strike"],"picked":"Reckless Charge","floor":4.0},{"not_picked":["Anger","Flex"],"picked":"Perfected Strike","floor":5.0},{"not_picked":["Headbutt","Berserk"],"picked":"Flex","floor":6.0},{"not_picked":["Twin Strike","Clash"],"picked":"Power Through","floor":7.0},{"not_picked":["Pommel Strike","Seeing Red"],"picked":"Uppercut","floor":10.0},{"not_picked":["Disarm","Body Slam"],"picked":"Infernal Blade","floor":11.0},{"not_picked":["Barricade","Pommel Strike"],"picked":"Carnage","floor":13.0},{"not_picked":["Barricade","Berserk"],"picked":"Demon Form","floor":16.0},{"not_picked":["Blood for Blood","Perfected Strike"],"picked":"Dropkick+1","floor":18.0},{"not_picked":["Hemokinesis","Dual Wield+1"],"picked":"Ghostly Armor","floor":20.0},{"not_picked":["Sword Boomerang","Body Slam"],"picked":"Warcry+1","floor":21.0},{"not_picked":["Dual Wield+1","Twin Strike+1"],"picked":"Ghostly Armor","floor":23.0},{"not_picked":["Headbutt","Thunderclap+1","Blood for Blood"],"picked":"SKIP","floor":24.0},{"not_picked":["Metallicize+1","Dropkick+1"],"picked":"Seeing Red+1","floor":27.0},{"not_picked":["Twin Strike","Body Slam+1"],"picked":"Feel No Pain+1","floor":29},{"not_picked":["Armaments","Headbutt"],"picked":"Flame Barrier","floor":30}],"player_experience":18231,"relics_obtained":[{"floor":6.0,"key":"PreservedInsect"},{"floor":9.0,"key":"Strawberry"},{"floor":10.0,"key":"War Paint"},{"floor":13.0,"key":"Meat on the Bone"},{"floor":23.0,"key":"Old Coin"},{"floor":26.0,"key":"Whetstone"}],"event_choices":[{"damage_healed":0.0,"max_hp_gain":0.0,"max_hp_loss":0.0,"gold_gain":0.0,"event_name":"Golden Idol","player_choice":"Take Wound","floor":2.0,"gold_loss":0.0,"damage_taken":0.0,"relics_obtained":["Golden Idol"],"cards_obtained":["Injury"]},{"damage_healed":0.0,"max_hp_gain":0.0,"max_hp_loss":0.0,"gold_gain":0.0,"event_name":"Upgrade Shrine","player_choice":"Upgraded","floor":3.0,"gold_loss":0.0,"damage_taken":0.0,"cards_upgraded":["Armaments"]},{"damage_healed":0.0,"max_hp_gain":0.0,"max_hp_loss":0.0,"gold_gain":0.0,"event_name":"Dead Adventurer","player_choice":"Searched \u00272\u0027 times","floor":10.0,"gold_loss":0.0,"damage_taken":0.0},{"damage_healed":0.0,"max_hp_gain":0.0,"max_hp_loss":0.0,"gold_gain":0.0,"event_name":"The Woman in Blue","player_choice":"Bought 1 Potion","floor":19.0,"gold_loss":0.0,"damage_taken":0.0},{"cards_removed":["Reckless Charge"],"damage_healed":0,"gold_gain":0,"player_choice":"Gave Card","damage_taken":0,"relics_obtained":["StoneCalendar"],"max_hp_gain":0,"max_hp_loss":0,"event_name":"WeMeetAgain","floor":31,"gold_loss":0}],"is_beta":false,"boss_relics":[{"not_picked":["Lizard Tail","Black Blood"],"picked":"Eternal Feather"}],"items_purged_floors":[],"is_endless":false,"potions_floor_spawned":[4,5,6,7,18,20,24,29,30],"killed_by":"Automaton","ascension_level":0}