{"gold_per_floor":[119,130,130,140,140,140,156,156,179,179,179,205,217,250,262,398,410,435,465,477,489,501,513,545,557,639,674,699,711,736,773,785,927,939,965,241,255,255],"floor_reached":38,"playtime":3872,"items_purged":["Defend_R"],"score":443,"play_id":"ffc392e5-8afc-493d-ad2d-ab669c5e9b8b","local_time":"20190708164238","is_ascension_mode":false,"campfire_choices":[{"data":"Inflame","floor":6,"key":"SMITH"},{"data":"Armaments","floor":8,"key":"SMITH"},{"data":"Rage","floor":11,"key":"SMITH"},{"data":"Metallicize","floor":15,"key":"SMITH"},{"data":"Fiend Fire","floor":23,"key":"SMITH"},{"data":"Feed","floor":29,"key":"SMITH"},{"floor":32,"key":"REST"}],"neow_cost":"NONE","seed_source_timestamp":18916399293433,"circlet_count":0,"master_deck":["Strike_R","Strike_R","Strike_R","Strike_R","Strike_R","Defend_R","Defend_R","Defend_R","Bash","Inflame+1","Pommel Strike+1","Rage+1","Clothesline+1","Flex","Battle Trance","Armaments+1","Thunderclap","Finesse","Clothesline","Clothesline","Metallicize+1","Fiend Fire+1","Dual Wield","Headbutt+1","Ghostly","Ghostly","Ghostly","Ghostly","Ghostly","RitualDagger","Feed+1","Combust","Pommel Strike+1","Heavy Blade","Rampage+1","Reaper","Sever Soul+1","Feel No Pain","Magnetism","Deep Breath","Carnage","Clothesline+1","Parasite"],"relics":["Orrery","Regal Pillow","Strawberry","Golden Idol","MawBank","Velvet Choker","Darkstone Periapt","Shuriken","Runic Cube","Happy Flower","Whetstone"],"potions_floor_usage":[16,16,30,33,33,33,33,33,33,38],"damage_taken":[{"damage":0,"enemies":"Cultist","floor":1,"turns":4},{"damage":1,"enemies":"Jaw Worm","floor":2,"turns":3},{"damage":1,"enemies":"2 Louse","floor":4,"turns":2},{"damage":2,"enemies":"Looter","floor":7,"turns":3},{"damage":14,"enemies":"3 Louse","floor":14,"turns":3},{"damage":23,"enemies":"The Guardian","floor":16,"turns":12},{"damage":3,"enemies":"Chosen","floor":18,"turns":4},{"damage":22,"enemies":"3 Byrds","floor":19,"turns":5},{"damage":6,"enemies":"Shelled Parasite and Fungi","floor":24,"turns":8},{"damage":3,"enemies":"Centurion and Healer","floor":27,"turns":7},{"damage":17,"enemies":"Sentry and Sphere","floor":28,"turns":6},{"damage":0,"enemies":"Snake Plant","floor":30,"turns":3},{"damage":11,"enemies":"Shelled Parasite and Fungi","floor":31,"turns":6},{"damage":35,"enemies":"Collector","floor":33,"turns":10},{"damage":7,"enemies":"3 Darklings","floor":35,"turns":6},{"damage":4,"enemies":"Orb Walker","floor":37,"turns":5},{"damage":65,"enemies":"Writhing Mass","floor":38,"turns":8}],"seed_played":"-2303529810060595360","potions_obtained":[{"floor":7,"key":"AttackPotion"},{"floor":14,"key":"FearPotion"},{"floor":16,"key":"Strength Potion"},{"floor":18,"key":"EntropicBrew"},{"floor":19,"key":"AttackPotion"},{"floor":31,"key":"Dexterity Potion"},{"floor":33,"key":"SkillPotion"},{"floor":37,"key":"Swift Potion"}],"is_trial":false,"path_per_floor":["M","M","?","M","?","R","M","R","T","?","R","T","?","M","R","B",null,"M","M","?","?","?","R","M","?","T","M","M","R","M","M","R","B",null,"M","$","M","M"],"character_chosen":"IRONCLAD","items_purchased":["Feel No Pain","Magnetism","Deep Breath","Happy Flower","Whetstone","Carnage"],"campfire_rested":1,"item_purchase_floors":[36,36,36,36,36,36],"current_hp_per_floor":[80,79,79,78,60,60,58,58,65,44,44,44,44,30,30,7,87,84,62,43,37,37,37,31,31,31,28,14,14,14,3,31,11,46,39,39,35,0],"gold":255,"neow_bonus":"BOSS_RELIC","is_prod":false,"is_daily":false,"chose_seed":false,"campfire_upgraded":6,"win_rate":0.0,"timestamp":1562596958,"path_taken":["M","M","?","?","?","R","M","R","T","?","R","?","?","?","R","BOSS","M","M","?","?","?","R","M","?","T","?","M","R","M","M","R","BOSS","M","$","M","M"],"build_version":"2019-07-05","purchased_purges":1,"victory":false,"max_hp_per_floor":[80,80,80,80,80,80,80,80,87,87,87,87,87,87,87,87,87,87,87,43,43,43,43,43,43,43,43,46,46,46,46,46,46,46,46,46,46,52],"card_choices":[{"not_picked":["True Grit","Flex"],"picked":"Inflame","floor":0},{"not_picked":["Perfected Strike","Ghostly Armor"],"picked":"Pommel Strike","floor":0},{"not_picked":["Entrench","Power Through"],"picked":"Rage","floor":0},{"not_picked":["Twin Strike","Heavy Blade"],"picked":"Clothesline","floor":0},{"not_picked":["Warcry","Iron Wave"],"picked":"Flex","floor":0},{"not_picked":["Clothesline","Pommel Strike"],"picked":"Battle Trance","floor":1},{"not_picked":["Sword Boomerang","Pommel Strike"],"picked":"Armaments","floor":2},{"not_picked":["Rupture","Perfected Strike"],"picked":"Clothesline","floor":4},{"not_picked":["Cleave","Pummel"],"picked":"Clothesline","floor":7},{"not_picked":["Body Slam","Pommel Strike"],"picked":"Metallicize","floor":14},{"not_picked":["Brutality","Impervious"],"picked":"Fiend Fire","floor":16},{"not_picked":["Second Wind","Headbutt"],"picked":"Dual Wield","floor":18},{"not_picked":["Anger+1","Second Wind"],"picked":"Headbutt+1","floor":19},{"not_picked":["Pommel Strike","Seeing Red+1"],"picked":"Feed","floor":24},{"not_picked":["Searing Blow","Sever Soul"],"picked":"Combust","floor":27},{"not_picked":["Cleave","Thunderclap"],"picked":"Pommel Strike","floor":28},{"not_picked":["Anger","Headbutt"],"picked":"Heavy Blade","floor":30},{"not_picked":["Pommel Strike","Flex"],"picked":"Rampage+1","floor":31},{"not_picked":["Bludgeon","Double Tap"],"picked":"Reaper","floor":33},{"not_picked":["Heavy Blade+1","Pummel"],"picked":"Sever Soul+1","floor":35},{"not_picked":["Pommel Strike+1","Shrug It Off"],"picked":"Clothesline+1","floor":37}],"player_experience":13833,"relics_obtained":[{"floor":9,"key":"Strawberry"},{"floor":12,"key":"MawBank"},{"floor":26,"key":"Shuriken"}],"event_choices":[{"damage_healed":0,"gold_gain":0,"player_choice":"2 cards matched","damage_taken":0,"max_hp_gain":0,"max_hp_loss":0,"event_name":"Match and Keep!","floor":3,"gold_loss":0,"cards_obtained":["Thunderclap","Finesse"]},{"damage_healed":0,"gold_gain":0,"player_choice":"Success","damage_taken":18,"relics_obtained":["Regal Pillow"],"max_hp_gain":0,"max_hp_loss":0,"event_name":"Scrap Ooze","floor":5,"gold_loss":0},{"damage_healed":0,"gold_gain":0,"player_choice":"Take Damage","damage_taken":21,"relics_obtained":["Golden Idol"],"max_hp_gain":0,"max_hp_loss":0,"event_name":"Golden Idol","floor":10,"gold_loss":0},{"damage_healed":0,"gold_gain":0,"player_choice":"Forge","damage_taken":0,"max_hp_gain":0,"max_hp_loss":0,"event_name":"Accursed Blacksmith","floor":13,"gold_loss":0,"cards_upgraded":["Pommel Strike"]},{"damage_healed":0,"gold_gain":0,"player_choice":"Became a Ghost","damage_taken":0,"max_hp_gain":0,"max_hp_loss":44,"event_name":"Ghosts","floor":20,"gold_loss":0,"cards_obtained":["Ghostly","Ghostly","Ghostly","Ghostly","Ghostly"]},{"damage_healed":0,"gold_gain":0,"player_choice":"Joined the Cult","damage_taken":6,"max_hp_gain":0,"max_hp_loss":0,"event_name":"Nest","floor":21,"gold_loss":0,"cards_obtained":["RitualDagger"]},{"damage_healed":0,"gold_gain":0,"player_choice":"Opened","damage_taken":0,"relics_obtained":["Darkstone Periapt"],"max_hp_gain":0,"max_hp_loss":0,"event_name":"The Mausoleum","floor":22,"gold_loss":0},{"damage_healed":0,"gold_gain":0,"player_choice":"Bought 0 Potions","damage_taken":0,"max_hp_gain":0,"max_hp_loss":0,"event_name":"The Woman in Blue","floor":25,"gold_loss":0}],"is_beta":false,"boss_relics":[{"not_picked":["Lizard Tail","Philosopher\u0027s Stone"],"picked":"Velvet Choker"},{"not_picked":["Tiny House","White Beast Statue"],"picked":"Runic Cube"}],"items_purged_floors":[36],"is_endless":false,"potions_floor_spawned":[7,14,16,18,19,31,33,37],"killed_by":"Writhing Mass","ascension_level":0}