{"gold_per_floor":[118,1,16,16,16,45,55,55,55,55,83,96,96,107,107,184,184,194,207,207,207,37,62,62],"floor_reached":24,"playtime":992,"items_purged":[],"score":448,"play_id":"fbb230e3-ab4e-4bfe-a408-0b99674dbe82","local_time":"20190713141553","is_ascension_mode":true,"campfire_choices":[{"data":"True Grit","floor":8.0,"key":"SMITH"},{"data":"Flame Barrier","floor":10.0,"key":"SMITH"},{"data":"Pommel Strike","floor":13.0,"key":"SMITH"},{"data":"Clothesline","floor":15.0,"key":"SMITH"}],"neow_cost":"NONE","seed_source_timestamp":0,"circlet_count":0,"master_deck":["AscendersBane","Strike_R","Strike_R","Strike_R","Strike_R","Strike_R","Defend_R","Defend_R","Defend_R","Defend_R","Bash","Headbutt","Corruption","Uppercut+1","True Grit+1","Flame Barrier+1","Battle Trance","Pommel Strike+1","Sentinel","Clothesline+1","Feed","Flame Barrier","True Grit","RitualDagger","Rage","Ghostly Armor"],"special_seed":0,"relics":["Burning Blood","Torii","Kunai","PreservedInsect","White Beast Statue","Enchiridion","Paper Frog"],"potions_floor_usage":[18,19,23,24],"damage_taken":[{"damage":12.0,"enemies":"Jaw Worm","floor":1.0,"turns":4.0},{"damage":6.0,"enemies":"Cultist","floor":3.0,"turns":4.0},{"damage":24.0,"enemies":"Gremlin Nob","floor":6.0,"turns":4.0},{"damage":1.0,"enemies":"Small Slimes","floor":7.0,"turns":4.0},{"damage":1.0,"enemies":"Lagavulin","floor":11.0,"turns":6.0},{"damage":1.0,"enemies":"2 Fungi Beasts","floor":12.0,"turns":4.0},{"damage":0.0,"enemies":"Large Slime","floor":14.0,"turns":4.0},{"damage":12.0,"enemies":"The Guardian","floor":16.0,"turns":16.0},{"damage":34,"enemies":"Spheric Guardian","floor":18,"turns":7},{"damage":0,"enemies":"Chosen","floor":19,"turns":3},{"damage":34,"enemies":"Slavers","floor":23,"turns":5},{"damage":15,"enemies":"Snake Plant","floor":24,"turns":3}],"seed_played":"908556972219055","potions_obtained":[{"floor":0.0,"key":"Swift Potion"},{"floor":0.0,"key":"FearPotion"},{"floor":6.0,"key":"Regen Potion"},{"floor":11.0,"key":"LiquidBronze"},{"floor":12.0,"key":"Regen Potion"},{"floor":18,"key":"AttackPotion"},{"floor":19,"key":"LiquidBronze"},{"floor":23,"key":"AttackPotion"}],"is_trial":false,"path_per_floor":["M","$","M","?","$","E","M","R","T","R","E","M","R","M","R","B",null,"M","M","?","?","$","E","M"],"character_chosen":"IRONCLAD","items_purchased":["Corruption","Uppercut","Rage","Ghostly Armor"],"campfire_rested":0,"item_purchase_floors":[2,2,22,22],"current_hp_per_floor":[62,62,62,62,62,44,49,49,49,49,69,74,74,75,75,69,74,61,67,61,40,40,15,0],"gold":62,"neow_bonus":"THREE_SMALL_POTIONS","is_prod":false,"is_daily":false,"chose_seed":false,"campfire_upgraded":4,"win_rate":0,"timestamp":1563041753,"path_taken":["M","$","M","?","?","E","M","R","T","R","E","M","R","?","R","BOSS","M","?","?","?","$","E","M"],"build_version":"2019-07-10","purchased_purges":0,"victory":false,"max_hp_per_floor":[75,75,75,75,75,75,75,75,75,75,75,75,75,75,75,75,75,78,78,78,78,78,81,81],"card_choices":[{"not_picked":["Havoc","Clothesline"],"picked":"Headbutt","floor":1.0},{"not_picked":["Twin Strike","Dropkick"],"picked":"True Grit","floor":3.0},{"not_picked":["Flex","Burning Pact"],"picked":"Flame Barrier","floor":6.0},{"not_picked":["Power Through","Pommel Strike"],"picked":"Battle Trance","floor":7.0},{"not_picked":["Clothesline","Searing Blow"],"picked":"Pommel Strike","floor":11.0},{"not_picked":["Clash","Wild Strike"],"picked":"Sentinel","floor":12.0},{"not_picked":["Whirlwind","Wild Strike"],"picked":"Clothesline","floor":14.0},{"not_picked":["Juggernaut","Immolate"],"picked":"Feed","floor":16.0},{"not_picked":["Clothesline","Twin Strike"],"picked":"Flame Barrier","floor":18},{"not_picked":["Hemokinesis","Clothesline"],"picked":"True Grit","floor":19},{"not_picked":["Bludgeon","Immolate","Rampage"],"picked":"SKIP","floor":23}],"player_experience":3212387,"relics_obtained":[{"floor":6.0,"key":"Torii"},{"floor":9.0,"key":"Kunai"},{"floor":11.0,"key":"PreservedInsect"},{"floor":21,"key":"Enchiridion"},{"floor":23,"key":"Paper Frog"}],"event_choices":[{"damage_healed":0.0,"max_hp_gain":0.0,"max_hp_loss":0.0,"gold_gain":0.0,"event_name":"Upgrade Shrine","player_choice":"Upgraded","floor":4.0,"gold_loss":0.0,"damage_taken":0.0,"cards_upgraded":["Uppercut"]},{"damage_healed":0,"gold_gain":0,"player_choice":"Joined the Cult","damage_taken":6,"max_hp_gain":0,"max_hp_loss":0,"event_name":"Nest","floor":20,"gold_loss":0,"cards_obtained":["RitualDagger"]},{"damage_healed":0,"gold_gain":0,"player_choice":"Obtained Book","damage_taken":21,"max_hp_gain":0,"max_hp_loss":0,"event_name":"Cursed Tome","floor":21,"gold_loss":0}],"is_beta":true,"boss_relics":[{"not_picked":["Pandora\u0027s Box","Eternal Feather"],"picked":"White Beast Statue"}],"items_purged_floors":[],"is_endless":false,"potions_floor_spawned":[6,11,12,14,18,19,23],"killed_by":"Snake Plant","ascension_level":20}