{"gold_per_floor":[114,7,19,31,31,59,69,94,94,111,122,122,135,154,154,255,255,266,294,243,262,46,46,46,71,97,97,110,140,153,166,166,166],"floor_reached":33,"playtime":2706,"items_purged":[],"score":376,"play_id":"64d08226-c971-45dd-bf85-c763f97f4e4f","local_time":"20190324232250","is_ascension_mode":false,"campfire_choices":[{"floor":15,"key":"REST"},{"floor":23,"key":"REST"},{"floor":27,"key":"REST"},{"floor":32,"key":"REST"}],"neow_cost":"NONE","seed_source_timestamp":32005690451303,"circlet_count":0,"master_deck":["Strike_B","Strike_B","Strike_B","Strike_B","Defend_B","Defend_B","Defend_B","Defend_B","Zap+1","Dualcast","Glacier","Blizzard","Heatsinks","Conserve Battery","Beam Cell","Zap","Defragment","Lockon","Turbo","Rainbow","Darkness","Gash","Ball Lightning","Amplify","Defragment+1","Hologram+1","Cold Snap","Auto Shields+1","Melter","RitualDagger","Chill+1","Compile Driver+1","Self Repair","Fission","Ball Lightning"],"relics":["Cracked Core","Omamori","Pen Nib","FossilizedHelix","Philosopher\u0027s Stone","Red Mask","Regal Pillow","Blood Vial","Smiling Mask","Potion Belt"],"potions_floor_usage":[16,18,18,19,25,28,29,31],"damage_taken":[{"damage":1,"enemies":"Cultist","floor":1,"turns":3},{"damage":1,"enemies":"Jaw Worm","floor":3,"turns":3},{"damage":0,"enemies":"Small Slimes","floor":4,"turns":3},{"damage":7,"enemies":"Lagavulin","floor":6,"turns":8},{"damage":6,"enemies":"3 Louse","floor":7,"turns":3},{"damage":17,"enemies":"3 Sentries","floor":8,"turns":6},{"damage":6,"enemies":"Large Slime","floor":10,"turns":4},{"damage":0,"enemies":"Blue Slaver","floor":11,"turns":2},{"damage":0,"enemies":"Exordium Thugs","floor":13,"turns":5},{"damage":2,"enemies":"2 Fungi Beasts","floor":14,"turns":3},{"damage":0,"enemies":"Slime Boss","floor":16,"turns":8},{"damage":20,"enemies":"Shell Parasite","floor":18,"turns":4},{"damage":25,"enemies":"Masked Bandits","floor":19,"turns":4},{"damage":0,"enemies":"Spheric Guardian","floor":21,"turns":5},{"damage":36,"enemies":"Book of Stabbing","floor":25,"turns":7},{"damage":3,"enemies":"Cultist and Chosen","floor":28,"turns":5},{"damage":62,"enemies":"Slavers","floor":29,"turns":6},{"damage":1,"enemies":"Centurion and Healer","floor":30,"turns":6},{"damage":10,"enemies":"Snecko","floor":31,"turns":5},{"damage":85,"enemies":"Collector","floor":33,"turns":7}],"seed_played":"5585031305201995356","potions_obtained":[{"floor":1,"key":"Regen Potion"},{"floor":3,"key":"FearPotion"},{"floor":6,"key":"FocusPotion"},{"floor":16,"key":"Fire Potion"},{"floor":18,"key":"PowerPotion"},{"floor":19,"key":"Ancient Potion"},{"floor":25,"key":"FocusPotion"},{"floor":28,"key":"Regen Potion"}],"is_trial":false,"path_per_floor":["M","$","M","M","?","E","M","E","T","M","M","?","M","M","R","B",null,"M","?","$","M","$","R","?","E","T","R","M","E","M","M","R","B"],"character_chosen":"DEFECT","items_purchased":["Blizzard","Heatsinks","Cold Snap","Regal Pillow","Melter"],"campfire_rested":4,"item_purchase_floors":[2,2,20,22,22],"current_hp_per_floor":[74,74,73,73,73,66,60,43,43,37,37,37,37,35,57,57,75,59,34,34,34,34,71,65,29,29,66,65,17,25,24,61,0],"gold":166,"neow_bonus":"UPGRADE_CARD","is_prod":false,"is_daily":false,"chose_seed":false,"campfire_upgraded":0,"win_rate":0,"timestamp":1553433770,"path_taken":["M","$","M","?","?","E","M","E","T","?","M","?","M","M","R","BOSS","M","?","$","M","$","R","?","E","T","R","M","E","M","M","R","BOSS"],"build_version":"2019-01-23","purchased_purges":0,"victory":false,"max_hp_per_floor":[75,75,75,75,75,75,75,75,75,75,75,75,75,75,75,75,75,75,75,75,75,75,75,75,75,75,75,75,75,75,75,75,75],"card_choices":[{"not_picked":["Storm","Stack"],"picked":"Glacier","floor":1},{"not_picked":["Rebound","Ball Lightning"],"picked":"Conserve Battery","floor":3},{"not_picked":["Rebound","Steam"],"picked":"Beam Cell","floor":4},{"not_picked":["Reinforced Body","Heatsinks"],"picked":"Defragment","floor":6},{"not_picked":["Rebound","Leap"],"picked":"Lockon","floor":7},{"not_picked":["Glacier","Leap"],"picked":"Turbo","floor":8},{"not_picked":["Ball Lightning","Hologram"],"picked":"Rainbow","floor":10},{"not_picked":["Streamline","Heatsinks"],"picked":"Darkness","floor":11},{"not_picked":["Reprogram","Scrape"],"picked":"Gash","floor":13},{"not_picked":["Reprogram","Static Discharge"],"picked":"Ball Lightning","floor":14},{"not_picked":["Seek","Buffer"],"picked":"Amplify","floor":16},{"not_picked":["Skim","Recycle"],"picked":"Defragment+1","floor":18},{"not_picked":["Rebound","BootSequence"],"picked":"Hologram+1","floor":19},{"not_picked":["Hologram","Go for the Eyes"],"picked":"Auto Shields+1","floor":21},{"not_picked":["Consume","Double Energy"],"picked":"Chill+1","floor":25},{"not_picked":["Beam Cell","Conserve Battery"],"picked":"Compile Driver+1","floor":28},{"not_picked":["Sunder+1","Gash"],"picked":"Self Repair","floor":29},{"not_picked":["Gash+1","Barrage"],"picked":"Fission","floor":30},{"not_picked":["Rebound","Melter"],"picked":"Ball Lightning","floor":31}],"player_experience":97292,"relics_obtained":[{"floor":6,"key":"Omamori"},{"floor":8,"key":"Pen Nib"},{"floor":19,"key":"Red Mask"},{"floor":25,"key":"Blood Vial"},{"floor":26,"key":"Smiling Mask"},{"floor":29,"key":"Potion Belt"}],"event_choices":[{"damage_healed":0,"gold_gain":0,"player_choice":"1 cards matched","damage_taken":0,"max_hp_gain":0,"max_hp_loss":0,"event_name":"Match and Keep!","floor":5,"gold_loss":0,"cards_obtained":["Zap"]},{"damage_healed":0,"gold_gain":0,"player_choice":"Box","damage_taken":0,"relics_obtained":["FossilizedHelix"],"max_hp_gain":0,"max_hp_loss":0,"event_name":"Big Fish","floor":12,"gold_loss":0,"cards_obtained":["Regret"]},{"damage_healed":0,"gold_gain":0,"player_choice":"Fought Bandits","damage_taken":0,"max_hp_gain":0,"max_hp_loss":0,"event_name":"Masked Bandits","floor":19,"gold_loss":0},{"damage_healed":0,"gold_gain":0,"player_choice":"Joined the Cult","damage_taken":6,"max_hp_gain":0,"max_hp_loss":0,"event_name":"Nest","floor":24,"gold_loss":0,"cards_obtained":["RitualDagger"]}],"is_beta":false,"boss_relics":[{"not_picked":["Snecko Eye","Sozu"],"picked":"Philosopher\u0027s Stone"}],"items_purged_floors":[],"is_endless":false,"potions_floor_spawned":[1,3,6,11,16,18,19,25,28],"killed_by":"Collector","ascension_level":0}