{"gold_per_floor":[216,216,216,366,18,47,47,75,126,137,152,152,171,196,196,274,274,288,288,213,224,5,39,39,71,110,122,134,146,170,217,229,241],"floor_reached":33,"playtime":1533,"items_purged":["Doubt","Strike_G+1"],"score":663,"play_id":"6e26b0c1-f62c-47f3-8943-4800a85f0317","local_time":"20190519104725","is_ascension_mode":true,"campfire_choices":[{"floor":7,"key":"REST"},{"data":"A Thousand Cuts","floor":12,"key":"SMITH"},{"floor":15,"key":"REST"},{"floor":24,"key":"REST"},{"data":"Leg Sweep","floor":27,"key":"SMITH"},{"floor":29,"key":"REST"},{"floor":32,"key":"REST"}],"neow_cost":"NONE","seed_source_timestamp":0,"circlet_count":0,"master_deck":["AscendersBane","Defend_G","Defend_G+1","Defend_G","Defend_G","Defend_G","Survivor","Neutralize","Poisoned Stab","Slice","Leg Sweep+1","Cloak And Dagger","A Thousand Cuts+1","Flying Knee+1","Endless Agony+1","A Thousand Cuts","Setup+1","Envenom+1","Predator+1","Blur","Concentrate","Noxious Fumes","Escape Plan","Cloak And Dagger","Corpse Explosion"],"relics":["Ring of the Snake","Bronze Scales","Blood Vial","Pear","Smiling Mask","Mercury Hourglass","Astrolabe","Oddly Smooth Stone","Whetstone","MawBank","PreservedInsect","Dodecahedron"],"potions_floor_usage":[16,23,33],"damage_taken":[{"damage":1,"enemies":"Small Slimes","floor":1,"turns":4},{"damage":41,"enemies":"Lagavulin","floor":6,"turns":8},{"damage":14,"enemies":"3 Sentries","floor":8,"turns":10},{"damage":0,"enemies":"2 Louse","floor":10,"turns":2},{"damage":0,"enemies":"Jaw Worm","floor":11,"turns":4},{"damage":0,"enemies":"Looter","floor":13,"turns":3},{"damage":23,"enemies":"Lagavulin","floor":14,"turns":9},{"damage":12,"enemies":"Slime Boss","floor":16,"turns":8},{"damage":7,"enemies":"Chosen","floor":18,"turns":4},{"damage":9,"enemies":"Spheric Guardian","floor":21,"turns":4},{"damage":27,"enemies":"Slavers","floor":23,"turns":6},{"damage":12,"enemies":"Gremlin Leader","floor":25,"turns":6},{"damage":7,"enemies":"Snecko","floor":30,"turns":5},{"damage":19,"enemies":"Book of Stabbing","floor":31,"turns":5},{"damage":50,"enemies":"Collector","floor":33,"turns":6}],"seed_played":"908556972218911","potions_obtained":[{"floor":11,"key":"Dexterity Potion"},{"floor":13,"key":"PowerPotion"},{"floor":16,"key":"Swift Potion"},{"floor":23,"key":"SteroidPotion"}],"is_trial":false,"path_per_floor":["M","?","?","?","$","E","R","E","T","M","M","R","M","E","R","B",null,"M","?","?","M","$","E","R","E","T","R","?","R","M","E","R","B"],"character_chosen":"THE_SILENT","items_purchased":["Bronze Scales","Slice","Leg Sweep","Oddly Smooth Stone"],"campfire_rested":5,"item_purchase_floors":[5,5,5,22],"current_hp_per_floor":[58,63,42,42,42,1,22,20,20,22,24,24,26,5,29,19,66,61,61,61,54,54,29,53,43,43,43,20,45,40,23,48,0],"gold":241,"neow_bonus":"HUNDRED_GOLD","is_prod":false,"is_daily":false,"chose_seed":true,"campfire_upgraded":2,"win_rate":0,"timestamp":1558277245,"path_taken":["M","?","?","?","$","E","R","E","T","M","M","R","M","E","R","BOSS","M","?","?","M","$","E","R","E","T","R","?","R","?","E","R","BOSS"],"build_version":"2019-05-07","purchased_purges":2,"victory":false,"max_hp_per_floor":[66,71,71,71,71,71,71,81,81,81,81,81,81,81,81,81,81,81,81,81,81,81,81,81,81,81,81,86,86,86,86,86,86],"card_choices":[{"not_picked":["Sucker Punch","All Out Attack"],"picked":"Poisoned Stab","floor":1},{"not_picked":["Bane","Flechettes","Bouncing Flask"],"picked":"SKIP","floor":6},{"not_picked":["Dagger Throw","Finisher"],"picked":"Cloak And Dagger","floor":8},{"not_picked":["Choke","Blur"],"picked":"A Thousand Cuts","floor":10},{"not_picked":["Dagger Spray","PiercingWail","Deadly Poison"],"picked":"SKIP","floor":11},{"not_picked":["Concentrate","Bane"],"picked":"Flying Knee","floor":13},{"not_picked":["Prepared","Riddle With Holes"],"picked":"Endless Agony","floor":14},{"not_picked":["Doppelganger","Night Terror"],"picked":"A Thousand Cuts","floor":16},{"not_picked":["Predator+1","Prepared"],"picked":"Blur","floor":18},{"not_picked":["Catalyst","Accuracy"],"picked":"Concentrate","floor":21},{"not_picked":["Flying Knee+1","Endless Agony"],"picked":"Noxious Fumes","floor":23},{"not_picked":["Skewer","Quick Slash"],"picked":"Escape Plan","floor":25},{"not_picked":["Calculated Gamble+1","Backflip"],"picked":"Cloak And Dagger","floor":30},{"not_picked":["Setup","Underhanded Strike"],"picked":"Corpse Explosion","floor":31}],"player_experience":2937179,"relics_obtained":[{"floor":6,"key":"Blood Vial"},{"floor":8,"key":"Pear"},{"floor":9,"key":"Smiling Mask"},{"floor":14,"key":"Mercury Hourglass"},{"floor":23,"key":"Whetstone"},{"floor":25,"key":"MawBank"},{"floor":26,"key":"PreservedInsect"},{"floor":31,"key":"Dodecahedron"}],"event_choices":[{"damage_healed":0,"gold_gain":0,"player_choice":"Donut","damage_taken":0,"max_hp_gain":5,"max_hp_loss":0,"event_name":"Big Fish","floor":2,"gold_loss":0},{"damage_healed":0,"gold_gain":0,"player_choice":"Entered Light","damage_taken":21,"max_hp_gain":0,"max_hp_loss":0,"event_name":"Shining Light","floor":3,"gold_loss":0,"cards_upgraded":["Strike_G","Defend_G"]},{"damage_healed":0,"gold_gain":150,"player_choice":"AGREE","damage_taken":0,"max_hp_gain":0,"max_hp_loss":0,"event_name":"Liars Game","floor":4,"gold_loss":0,"cards_obtained":["Doubt"]},{"damage_healed":0,"gold_gain":0,"player_choice":"Ignored","damage_taken":0,"max_hp_gain":0,"max_hp_loss":0,"event_name":"Ghosts","floor":19,"gold_loss":0},{"cards_removed":["Strike_G"],"damage_healed":0,"gold_gain":0,"player_choice":"Gave Gold","damage_taken":0,"max_hp_gain":0,"max_hp_loss":0,"event_name":"Beggar","floor":20,"gold_loss":75},{"damage_healed":0,"gold_gain":0,"player_choice":"Shed Blood","damage_taken":28,"max_hp_gain":5,"max_hp_loss":0,"event_name":"Forgotten Altar","floor":28,"gold_loss":0}],"is_beta":true,"boss_relics":[{"not_picked":["White Beast Statue","Empty Cage"],"picked":"Astrolabe"}],"items_purged_floors":[5,22],"is_endless":false,"potions_floor_spawned":[11,13,16,21,23,30],"killed_by":"Collector","ascension_level":20}