{"gold_per_floor":[115,115,6,27,27,65,84,99,99,118,138,138,159,159,159,285,285,310,185,185,60,76,76,420,443],"floor_reached":25,"playtime":1464,"items_purged":["Strike_R","Strike_R","Strike_R"],"score":250,"play_id":"7dd5a94d-8ba3-4058-be37-8d13f8b54475","local_time":"20190717011421","is_ascension_mode":false,"campfire_choices":[{"data":"Carnage","floor":12,"key":"SMITH"},{"data":"Uppercut","floor":15,"key":"SMITH"},{"data":"Fire Breathing","floor":23,"key":"SMITH"}],"neow_cost":"NONE","seed_source_timestamp":33558557572915,"circlet_count":0,"master_deck":["Strike_R","Strike_R","Defend_R","Defend_R","Defend_R","Defend_R","Bash","Carnage+1","Fire Breathing+1","Warcry","Cleave","Uppercut+1","Reaper","Intimidate+1","Shrug It Off","Infernal Blade"],"relics":["Burning Blood","NeowsBlessing","Golden Idol","Happy Flower","Mummified Hand","Blood Vial","Sozu","Old Coin"],"potions_floor_usage":[],"damage_taken":[{"damage":0,"enemies":"2 Louse","floor":1,"turns":1},{"damage":0,"enemies":"Small Slimes","floor":4,"turns":1},{"damage":0,"enemies":"Gremlin Nob","floor":6,"turns":1},{"damage":0,"enemies":"Cultist","floor":7,"turns":2},{"damage":7,"enemies":"Looter","floor":8,"turns":3},{"damage":8,"enemies":"Lots of Slimes","floor":10,"turns":2},{"damage":5,"enemies":"Red Slaver","floor":11,"turns":4},{"damage":12,"enemies":"Gremlin Gang","floor":13,"turns":4},{"damage":28,"enemies":"Slime Boss","floor":16,"turns":6},{"damage":0,"enemies":"Chosen","floor":18,"turns":3},{"damage":10,"enemies":"Shell Parasite","floor":22,"turns":4},{"damage":28,"enemies":"Slavers","floor":24,"turns":7},{"damage":38,"enemies":"Sentry and Sphere","floor":25,"turns":7}],"seed_played":"-306597120964651675","potions_obtained":[{"floor":1,"key":"FearPotion"},{"floor":4,"key":"Energy Potion"},{"floor":16,"key":"Block Potion"}],"is_trial":false,"path_per_floor":["M","?","$","M","?","E","M","M","T","M","M","R","M","?","R","B",null,"M","$","T","$","M","R","E","M"],"character_chosen":"IRONCLAD","items_purchased":["Fire Breathing","Shrug It Off"],"campfire_rested":0,"item_purchase_floors":[3,19],"current_hp_per_floor":[80,60,60,66,66,72,78,77,77,77,80,80,74,74,74,54,80,80,80,80,80,78,78,58,28],"gold":443,"neow_bonus":"THREE_ENEMY_KILL","is_prod":false,"is_daily":false,"chose_seed":false,"campfire_upgraded":3,"win_rate":0,"timestamp":1563318861,"path_taken":["M","?","$","M","?","E","M","M","T","M","M","R","?","?","R","BOSS","M","$","?","$","?","R","E","?"],"build_version":"2019-07-05","purchased_purges":3,"victory":false,"max_hp_per_floor":[80,80,80,80,80,80,80,80,80,80,80,80,80,80,80,80,80,80,80,80,80,80,80,80,80],"card_choices":[{"not_picked":["Flex","Warcry"],"picked":"Carnage","floor":1},{"not_picked":["True Grit","Twin Strike"],"picked":"Warcry","floor":4},{"not_picked":["Sever Soul","Heavy Blade"],"picked":"Cleave","floor":6},{"not_picked":["Entrench","Sentinel"],"picked":"Uppercut","floor":7},{"not_picked":["Ghostly Armor","Feel No Pain","Clash"],"picked":"SKIP","floor":8},{"not_picked":["Clash","Body Slam","Evolve"],"picked":"SKIP","floor":10},{"not_picked":["Wild Strike","Impervious","Heavy Blade"],"picked":"SKIP","floor":11},{"not_picked":["Rupture","Sword Boomerang","Rampage"],"picked":"SKIP","floor":13},{"not_picked":["Barricade","Demon Form"],"picked":"Reaper","floor":16},{"not_picked":["Warcry","Corruption+1"],"picked":"Intimidate+1","floor":18},{"not_picked":["Heavy Blade","Body Slam","Perfected Strike"],"picked":"SKIP","floor":22},{"not_picked":["Barricade","Hemokinesis"],"picked":"Infernal Blade","floor":24}],"player_experience":181236,"relics_obtained":[{"floor":6,"key":"Mummified Hand"},{"floor":9,"key":"Blood Vial"},{"floor":24,"key":"Old Coin"}],"event_choices":[{"damage_healed":0,"gold_gain":0,"player_choice":"Take Damage","damage_taken":20,"relics_obtained":["Golden Idol"],"max_hp_gain":0,"max_hp_loss":0,"event_name":"Golden Idol","floor":2,"gold_loss":0},{"damage_healed":0,"gold_gain":0,"player_choice":"Gave Potion","damage_taken":0,"relics_obtained":["Happy Flower"],"max_hp_gain":0,"max_hp_loss":0,"event_name":"WeMeetAgain","floor":5,"gold_loss":0},{"damage_healed":0,"gold_gain":0,"player_choice":"Ignored","damage_taken":0,"max_hp_gain":0,"max_hp_loss":0,"event_name":"NoteForYourself","floor":14,"gold_loss":0}],"is_beta":false,"boss_relics":[{"not_picked":["Eternal Feather","Lizard Tail"],"picked":"Sozu"}],"items_purged_floors":[3,19,21],"is_endless":false,"potions_floor_spawned":[1,4,16,18,22,24],"killed_by":"Sentry and Sphere","ascension_level":0}