{"gold_per_floor":[115,132,132,152,152,152,180,198,222,250,264,290,290,309,309,385,435,452,466,466,120,120,120,154,173,197,18,18,31,131,181,181,253,253,266,277,86,106,123,123,152,167,167,267,267,302,302,302,302,302,302],"floor_reached":51,"playtime":7307,"items_purged":["Strike_R"],"score":1415,"play_id":"20f0cc26-5d59-407b-934e-79feb74b1d5f","local_time":"20190713173129","is_ascension_mode":true,"campfire_choices":[{"floor":6.0,"key":"REST"},{"floor":13.0,"key":"REST"},{"data":"Demon Form","floor":15.0,"key":"SMITH"},{"data":"True Grit","floor":23.0,"key":"SMITH"},{"data":"Feel No Pain","floor":28.0,"key":"SMITH"},{"floor":32.0,"key":"REST"},{"data":"Evolve","floor":40.0,"key":"SMITH"},{"floor":49,"key":"RECALL"}],"neow_cost":"NONE","seed_source_timestamp":0,"circlet_count":0,"master_deck":["AscendersBane","Strike_R","Strike_R","Strike_R","Defend_R","Defend_R","Defend_R","Defend_R","Bash","Spot Weakness","Evolve+1","Metallicize","Demon Form+1","Reckless Charge+1","Twin Strike","Burning Pact","Metallicize","Feel No Pain+1","Sword Boomerang","Reaper","Intimidate","Rage","True Grit+1","Shrug It Off","Whirlwind","Seeing Red","Blind","Warcry+1","Headbutt","Reaper","Pommel Strike","PanicButton","Reckless Charge","Seeing Red+1","Shrug It Off","Inflame","Feed","Battle Trance","Second Wind","Madness","Madness"],"special_seed":0,"relics":["Burning Blood","Boot","Happy Flower","Ancient Tea Set","Ornamental Fan","Tiny House","OrangePellets","Red Skull","Bag of Preparation","Du-Vu Doll","Mercury Hourglass","Mark of Pain","Bag of Marbles","Peace Pipe","Gremlin Horn","Sundial"],"potions_floor_usage":[46,51],"damage_taken":[{"damage":14.0,"enemies":"Jaw Worm","floor":1.0,"turns":4.0},{"damage":15.0,"enemies":"Small Slimes","floor":2.0,"turns":4.0},{"damage":2.0,"enemies":"Cultist","floor":4.0,"turns":4.0},{"damage":41.0,"enemies":"Gremlin Nob","floor":7.0,"turns":5.0},{"damage":5.0,"enemies":"Exordium Thugs","floor":8.0,"turns":5.0},{"damage":19.0,"enemies":"Lagavulin","floor":10.0,"turns":6.0},{"damage":18.0,"enemies":"Blue Slaver","floor":11.0,"turns":5.0},{"damage":13.0,"enemies":"3 Sentries","floor":12.0,"turns":6.0},{"damage":3.0,"enemies":"Large Slime","floor":14.0,"turns":6.0},{"damage":30.0,"enemies":"Slime Boss","floor":16.0,"turns":7.0},{"damage":10.0,"enemies":"Chosen","floor":18.0,"turns":7.0},{"damage":53.0,"enemies":"Shell Parasite","floor":19.0,"turns":14.0},{"damage":47.0,"enemies":"Book of Stabbing","floor":24.0,"turns":6.0},{"damage":34.0,"enemies":"Centurion and Healer","floor":25.0,"turns":9.0},{"damage":7.0,"enemies":"Snake Plant","floor":29.0,"turns":5.0},{"damage":19.0,"enemies":"Colosseum Slavers","floor":30.0,"turns":12.0},{"damage":50.0,"enemies":"Colosseum Nobs","floor":30.0,"turns":11.0},{"damage":78.0,"enemies":"Automaton","floor":33.0,"turns":9.0},{"damage":45.0,"enemies":"3 Shapes","floor":35.0,"turns":8.0},{"damage":73.0,"enemies":"3 Darklings","floor":36.0,"turns":13.0},{"damage":55.0,"enemies":"Writhing Mass","floor":38.0,"turns":10.0},{"damage":22.0,"enemies":"Maw","floor":39.0,"turns":8.0},{"damage":5.0,"enemies":"Giant Head","floor":41.0,"turns":6.0},{"damage":47.0,"enemies":"Jaw Worm Horde","floor":42.0,"turns":4.0},{"damage":21.0,"enemies":"Mind Bloom Boss Battle","floor":44.0,"turns":10.0},{"damage":17,"enemies":"Nemesis","floor":46,"turns":7},{"damage":95,"enemies":"Time Eater","floor":50,"turns":12},{"damage":52,"enemies":"Awakened One","floor":51,"turns":3}],"seed_played":"908556972219058","potions_obtained":[{"floor":4.0,"key":"Block Potion"},{"floor":7.0,"key":"Fire Potion"},{"floor":8.0,"key":"Strength Potion"},{"floor":11.0,"key":"PowerPotion"},{"floor":14.0,"key":"Ancient Potion"},{"floor":17.0,"key":"Energy Potion"},{"floor":24.0,"key":"AttackPotion"},{"floor":29.0,"key":"Poison Potion"},{"floor":35.0,"key":"SteroidPotion"},{"floor":38.0,"key":"EssenceOfSteel"},{"floor":44.0,"key":"Regen Potion"}],"is_trial":false,"path_per_floor":["M","M","?","M","?","R","E","M","T","E","M","E","R","M","R","B",null,"M","M","?","$","?","R","E","M","T","$","R","M","?","?","R","B",null,"M","M","$","M","M","R","E","M","T","?","?","E","T","?","R","B","B"],"character_chosen":"IRONCLAD","items_purchased":["OrangePellets","True Grit","Seeing Red","Blind","PanicButton","Reckless Charge"],"campfire_rested":3,"item_purchase_floors":[21,21,27,27,37,37],"current_hp_per_floor":[67,58,51,55,55,79,44,45,45,32,20,13,37,40,40,16,71,87,78,78,78,78,78,46,25,25,25,25,31,39,39,65,19,70,77,87,87,74,58,58,77,62,62,90,90,92,92,75,75,46,0],"gold":302,"neow_bonus":"TEN_PERCENT_HP_BONUS","is_prod":false,"is_daily":false,"chose_seed":false,"campfire_upgraded":4,"win_rate":0,"timestamp":1563053489,"path_taken":["M","M","?","M","?","R","E","M","T","E","?","E","R","M","R","BOSS","M","M","?","$","?","R","E","M","T","$","R","M","?","?","R","BOSS","M","M","$","M","M","R","E","M","T","?","?","E","?","?","R","BOSS","BOSS"],"build_version":"2019-07-10","purchased_purges":1,"victory":false,"max_hp_per_floor":[82,82,82,82,82,82,82,82,82,82,82,82,82,82,82,82,87,87,87,87,87,87,87,87,87,87,87,87,87,87,87,87,87,87,87,87,87,87,87,87,87,87,87,90,90,93,93,93,93,93,93],"card_choices":[{"not_picked":["Clothesline","Evolve"],"picked":"Spot Weakness","floor":1.0},{"not_picked":["Rupture","Entrench"],"picked":"Evolve","floor":2.0},{"not_picked":["Rage","Sword Boomerang"],"picked":"Metallicize","floor":4.0},{"not_picked":["Double Tap","Dropkick"],"picked":"Twin Strike","floor":7.0},{"not_picked":["Sever Soul","Thunderclap"],"picked":"Burning Pact","floor":8.0},{"not_picked":["Combust","Havoc","Juggernaut"],"picked":"SKIP","floor":10.0},{"not_picked":["Combust","Havoc"],"picked":"Metallicize","floor":11.0},{"not_picked":["Wild Strike","Dropkick"],"picked":"Feel No Pain","floor":12.0},{"not_picked":["Anger","Headbutt"],"picked":"Sword Boomerang","floor":14.0},{"not_picked":["Exhume","Bludgeon"],"picked":"Reaper","floor":16.0},{"not_picked":["Perfected Strike","Body Slam"],"picked":"Intimidate","floor":18.0},{"not_picked":["Havoc","Iron Wave"],"picked":"Rage","floor":19.0},{"not_picked":["Clothesline","Perfected Strike"],"picked":"Shrug It Off","floor":24.0},{"not_picked":["Flex","Clothesline"],"picked":"Whirlwind","floor":25.0},{"not_picked":["Thunderclap","Fire Breathing"],"picked":"Warcry+1","floor":29.0},{"not_picked":["Pommel Strike","Thunderclap"],"picked":"Headbutt","floor":30.0},{"not_picked":["Immolate","Offering"],"picked":"Reaper","floor":33.0},{"not_picked":["Twin Strike","Clothesline"],"picked":"Pommel Strike","floor":35.0},{"not_picked":["Bloodletting+1","Anger","Sever Soul"],"picked":"SKIP","floor":36.0},{"not_picked":["Headbutt","Armaments"],"picked":"Seeing Red+1","floor":38.0},{"not_picked":["Iron Wave","Pummel"],"picked":"Shrug It Off","floor":39.0},{"not_picked":["Iron Wave","Intimidate+1"],"picked":"Inflame","floor":41.0},{"not_picked":["Seeing Red","Disarm"],"picked":"Feed","floor":42.0},{"not_picked":["Iron Wave+1","Cleave"],"picked":"Battle Trance","floor":44.0},{"not_picked":["Double Tap","Warcry"],"picked":"Second Wind","floor":46}],"player_experience":3215316,"relics_obtained":[{"floor":7.0,"key":"Boot"},{"floor":9.0,"key":"Happy Flower"},{"floor":10.0,"key":"Ancient Tea Set"},{"floor":12.0,"key":"Ornamental Fan"},{"floor":24.0,"key":"Red Skull"},{"floor":26.0,"key":"Bag of Preparation"},{"floor":30.0,"key":"Du-Vu Doll"},{"floor":30.0,"key":"Mercury Hourglass"},{"floor":41.0,"key":"Bag of Marbles"},{"floor":44.0,"key":"Peace Pipe"},{"floor":46,"key":"Gremlin Horn"},{"floor":47,"key":"Sundial"}],"event_choices":[{"cards_removed":["Strike_R"],"damage_healed":0.0,"max_hp_gain":0.0,"max_hp_loss":0.0,"gold_gain":0.0,"event_name":"Golden Wing","player_choice":"Card Removal","floor":3.0,"gold_loss":0.0,"damage_taken":7.0},{"damage_healed":0.0,"max_hp_gain":0.0,"max_hp_loss":0.0,"gold_gain":0.0,"event_name":"Match and Keep!","player_choice":"2 cards matched","floor":5.0,"gold_loss":0.0,"damage_taken":0.0,"cards_obtained":["Demon Form","Reckless Charge"]},{"damage_healed":0.0,"max_hp_gain":0.0,"max_hp_loss":0.0,"gold_gain":0.0,"event_name":"Vampires","player_choice":"Ignored","floor":20.0,"gold_loss":0.0,"damage_taken":0.0},{"damage_healed":0.0,"max_hp_gain":0.0,"max_hp_loss":0.0,"gold_gain":0.0,"event_name":"Ghosts","player_choice":"Ignored","floor":22.0,"gold_loss":0.0,"damage_taken":0.0},{"damage_healed":0.0,"max_hp_gain":0.0,"max_hp_loss":0.0,"gold_gain":0.0,"event_name":"Colosseum","player_choice":"Fight","floor":30.0,"gold_loss":0.0,"damage_taken":0.0},{"damage_healed":0.0,"max_hp_gain":0.0,"max_hp_loss":0.0,"gold_gain":0.0,"event_name":"Colosseum","player_choice":"Fought Nobs","floor":30.0,"gold_loss":0.0,"damage_taken":0.0},{"damage_healed":0.0,"max_hp_gain":0.0,"max_hp_loss":0.0,"gold_gain":50.0,"event_name":"Nest","player_choice":"Stole From Cult","floor":31.0,"gold_loss":0.0,"damage_taken":0.0},{"damage_healed":0.0,"max_hp_gain":0.0,"max_hp_loss":0.0,"gold_gain":0.0,"event_name":"MindBloom","player_choice":"Fight","floor":44.0,"gold_loss":0.0,"damage_taken":0.0},{"damage_healed":0.0,"max_hp_gain":0.0,"max_hp_loss":0.0,"gold_gain":0.0,"event_name":"Tomb of Lord Red Mask","player_choice":"Ignored","floor":45.0,"gold_loss":0.0,"damage_taken":0.0},{"damage_healed":0,"gold_gain":0,"player_choice":"Embrace Madness","damage_taken":17,"max_hp_gain":0,"max_hp_loss":0,"event_name":"Winding Halls","floor":48,"gold_loss":0,"cards_obtained":["Madness","Madness"]}],"is_beta":true,"boss_relics":[{"not_picked":["Orrery","Eternal Feather"],"picked":"Tiny House"},{"not_picked":["Fusion Hammer","Runic Cube"],"picked":"Mark of Pain"}],"items_purged_floors":[21],"is_endless":false,"potions_floor_spawned":[4,7,8,11,14,19,24,29,30,35,38,41,44],"killed_by":"Awakened One","ascension_level":20}