{"gold_per_floor":[110,123,103,116,135,135,153,153,153,180,23,54,54,81,81,152,152,162,77,102,20,70,96,109,127,175,202,220,249,249,268,268,340,340,354,1353,1366,669,687,713,713,743,743,773,367,367,26,46,46,46,46,46,46,46,72,72],"floor_reached":56,"playtime":4779,"items_purged":["Regret"],"score":2181,"play_id":"6dce31aa-3da2-49d6-85c7-70e66cab9191","local_time":"20190706131126","is_ascension_mode":true,"campfire_choices":[{"data":"Zap","floor":6.0,"key":"SMITH"},{"floor":8.0,"key":"REST"},{"data":"Seek","floor":15.0,"key":"SMITH"},{"data":"Loop","floor":32.0,"key":"SMITH"},{"data":"Defragment","floor":41.0,"key":"SMITH"},{"floor":49.0,"key":"RECALL"},{"floor":53.0,"key":"REST"}],"neow_cost":"PERCENT_DAMAGE","seed_source_timestamp":0,"circlet_count":0,"master_deck":["AscendersBane","Strike_B","Strike_B","Strike_B","Defend_B","Defend_B","Defend_B","Defend_B","Zap+1","Dualcast","Genetic Algorithm","Gash","Scrape","Genetic Algorithm","Ball Lightning","Gash","Bandage Up","Seek+1","Steam","Electrodynamics","Stack","Hologram+1","Compile Driver","Cold Snap","Compile Driver","Gash+1","Go for the Eyes","Steam","Redo","Loop+1","Reinforced Body","Fission","Stack","Steam","Defragment+1","Flash of Steel","Hologram","BootSequence+1","Chill","Glacier","Reprogram","Madness","Madness","Defragment","Scrape","Scrape+1","Stack"],"special_seed":0,"relics":["Cracked Core","Nunchaku","Pear","Odd Mushroom","Kunai","Unceasing Top","Nuclear Battery","Letter Opener","Red Mask","PreservedInsect","Omamori","Mango","StoneCalendar","Cursed Key","FossilizedHelix","Vajra","Sundial","Prayer Wheel","Bottled Flame","Lantern","Anchor","OrangePellets","Bag of Preparation"],"potions_floor_usage":[56],"damage_taken":[{"damage":9.0,"enemies":"Jaw Worm","floor":1.0,"turns":4.0},{"damage":2.0,"enemies":"Cultist","floor":2.0,"turns":4.0},{"damage":9.0,"enemies":"Small Slimes","floor":4.0,"turns":4.0},{"damage":3.0,"enemies":"3 Louse","floor":5.0,"turns":3.0},{"damage":1.0,"enemies":"2 Fungi Beasts","floor":7.0,"turns":3.0},{"damage":19.0,"enemies":"The Mushroom Lair","floor":10.0,"turns":5.0},{"damage":22.0,"enemies":"3 Sentries","floor":12.0,"turns":6.0},{"damage":14.0,"enemies":"Lagavulin","floor":14.0,"turns":6.0},{"damage":43.0,"enemies":"The Guardian","floor":16.0,"turns":13.0},{"damage":0.0,"enemies":"3 Byrds","floor":18.0,"turns":3.0},{"damage":0.0,"enemies":"Masked Bandits","floor":20.0,"turns":2.0},{"damage":22.0,"enemies":"Slavers","floor":23.0,"turns":4.0},{"damage":1.0,"enemies":"Spheric Guardian","floor":24.0,"turns":3.0},{"damage":0.0,"enemies":"3 Cultists","floor":25.0,"turns":3.0},{"damage":18.0,"enemies":"Book of Stabbing","floor":27.0,"turns":4.0},{"damage":15.0,"enemies":"Cultist and Chosen","floor":28.0,"turns":5.0},{"damage":0.0,"enemies":"Slavers","floor":29.0,"turns":3.0},{"damage":0.0,"enemies":"Centurion and Healer","floor":31.0,"turns":5.0},{"damage":36.0,"enemies":"Champ","floor":33.0,"turns":15.0},{"damage":0.0,"enemies":"3 Shapes","floor":35.0,"turns":2.0},{"damage":0.0,"enemies":"Orb Walker","floor":37.0,"turns":3.0},{"damage":0.0,"enemies":"Transient","floor":39.0,"turns":6.0},{"damage":33.0,"enemies":"Giant Head","floor":40.0,"turns":9.0},{"damage":0.0,"enemies":"Reptomancer","floor":42.0,"turns":6.0},{"damage":0.0,"enemies":"Nemesis","floor":44.0,"turns":7.0},{"damage":0.0,"enemies":"Maw","floor":48.0,"turns":7.0},{"damage":54.0,"enemies":"Time Eater","floor":50.0,"turns":17.0},{"damage":8.0,"enemies":"Awakened One","floor":51.0,"turns":20.0},{"damage":40.0,"enemies":"Shield and Spear","floor":55.0,"turns":7.0},{"damage":68,"enemies":"The Heart","floor":56,"turns":11}],"seed_played":"908556972219020","potions_obtained":[{"floor":1.0,"key":"Fire Potion"},{"floor":3.0,"key":"LiquidBronze"},{"floor":10.0,"key":"Ancient Potion"},{"floor":12.0,"key":"Regen Potion"},{"floor":14.0,"key":"Regen Potion"},{"floor":20.0,"key":"FearPotion"},{"floor":27.0,"key":"FearPotion"},{"floor":28.0,"key":"Fruit Juice"},{"floor":29.0,"key":"FocusPotion"},{"floor":55.0,"key":"Weak Potion"}],"is_trial":false,"path_per_floor":["M","M","?","M","M","R","M","R","T","?","$","E","?","E","R","B",null,"M","?","?","$","?","E","M","M","T","E","M","E","?","M","R","B",null,"M","?","M","$","M","E","R","E","T","E","$","?","$","M","R","B","B",null,"R","$","E","B"],"character_chosen":"DEFECT","items_purchased":["Gash","Bandage Up","Compile Driver","Cold Snap","FossilizedHelix","Vajra","Defragment","Flash of Steel","Hologram","Lantern","Anchor","OrangePellets","Defragment","Scrape"],"campfire_rested":2,"item_purchase_floors":[11,11,21,21,38,38,38,38,38,45,45,47,47,47],"current_hp_per_floor":[37,35,35,26,23,23,22,43,53,34,34,16,16,6,6,22,66,70,70,74,74,74,56,59,63,63,63,52,61,61,65,65,33,83,87,87,91,91,95,66,66,70,70,74,74,56,56,60,60,10,6,77,100,100,64,0],"gold":72,"neow_bonus":"ONE_RARE_RELIC","is_prod":false,"is_daily":false,"chose_seed":false,"campfire_upgraded":4,"win_rate":0,"timestamp":1562433086,"path_taken":["M","M","?","M","?","R","M","R","T","?","$","E","?","E","R","BOSS","M","?","?","$","?","E","M","M","T","E","?","E","?","M","R","BOSS","M","?","M","$","M","E","R","E","T","E","$","?","$","M","R","BOSS","BOSS","R","$","E","BOSS"],"build_version":"2019-06-30","purchased_purges":1,"victory":false,"max_hp_per_floor":[71,71,71,71,71,71,71,71,81,81,81,81,81,81,81,81,81,81,81,81,81,81,81,81,81,81,95,95,100,100,100,100,100,100,100,100,100,100,100,100,100,100,100,100,100,100,100,100,100,100,100,100,100,100,100,100],"card_choices":[{"not_picked":["Barrage","Reinforced Body"],"picked":"Genetic Algorithm","floor":1.0},{"not_picked":["Coolheaded","Hologram"],"picked":"Gash","floor":2.0},{"not_picked":["Streamline","Leap"],"picked":"Scrape","floor":4.0},{"not_picked":["Sunder","Compile Driver"],"picked":"Genetic Algorithm","floor":5.0},{"not_picked":["Rebound","Barrage","Capacitor"],"picked":"SKIP","floor":7.0},{"not_picked":["Sweeping Beam","Turbo"],"picked":"Ball Lightning","floor":10.0},{"not_picked":["Recycle","Leap"],"picked":"Seek","floor":12.0},{"not_picked":["Ball Lightning","Storm"],"picked":"Steam","floor":14.0},{"not_picked":["Biased Cognition","Fission"],"picked":"Electrodynamics","floor":16.0},{"not_picked":["Recycle","Ball Lightning"],"picked":"Stack","floor":18.0},{"not_picked":["Conserve Battery","Leap"],"picked":"Hologram+1","floor":20.0},{"not_picked":["Storm","Turbo"],"picked":"Compile Driver","floor":23.0},{"not_picked":["Genetic Algorithm","Steam"],"picked":"Gash+1","floor":24.0},{"not_picked":["Stack","Core Surge"],"picked":"Go for the Eyes","floor":25.0},{"not_picked":["Lockon","Skim"],"picked":"Steam","floor":27.0},{"not_picked":["Ball Lightning","Reprogram"],"picked":"Redo","floor":28.0},{"not_picked":["Doom and Gloom+1","Auto Shields"],"picked":"Loop","floor":29.0},{"not_picked":["Hello World","Sweeping Beam","Coolheaded"],"picked":"SKIP","floor":31.0},{"not_picked":["Meteor Strike","Rainbow"],"picked":"Fission","floor":33.0},{"not_picked":["Doom and Gloom+1","Reinforced Body"],"picked":"Stack","floor":35.0},{"not_picked":["Ball Lightning","Blizzard"],"picked":"Steam","floor":37.0},{"not_picked":["Cold Snap+1","Static Discharge"],"picked":"BootSequence+1","floor":39.0},{"not_picked":["Blizzard","Loop"],"picked":"Chill","floor":40.0},{"not_picked":["Cold Snap","Hologram+1"],"picked":"Glacier","floor":42.0},{"not_picked":["Darkness","Self Repair"],"picked":"Reprogram","floor":44.0},{"not_picked":["Static Discharge","Redo"],"picked":"Scrape+1","floor":48.0},{"not_picked":["Beam Cell","Lockon"],"picked":"Stack","floor":48.0},{"not_picked":["Reinforced Body+1","Rainbow","Barrage"],"picked":"SKIP","floor":55.0}],"player_experience":3157462,"relics_obtained":[{"floor":9.0,"key":"Pear"},{"floor":10.0,"key":"Odd Mushroom"},{"floor":12.0,"key":"Kunai"},{"floor":14.0,"key":"Unceasing Top"},{"floor":20.0,"key":"Red Mask"},{"floor":23.0,"key":"PreservedInsect"},{"floor":26.0,"key":"Omamori"},{"floor":27.0,"key":"Mango"},{"floor":29.0,"key":"StoneCalendar"},{"floor":40.0,"key":"Sundial"},{"floor":42.0,"key":"Prayer Wheel"},{"floor":44.0,"key":"Bottled Flame"},{"floor":55.0,"key":"Bag of Preparation"}],"event_choices":[{"damage_healed":0.0,"max_hp_gain":0.0,"max_hp_loss":0.0,"gold_gain":0.0,"event_name":"The Woman in Blue","player_choice":"Bought 1 Potion","floor":3.0,"gold_loss":0.0,"damage_taken":0.0},{"damage_healed":0.0,"max_hp_gain":0.0,"max_hp_loss":0.0,"gold_gain":0.0,"event_name":"Mushrooms","player_choice":"Fought Mushrooms","floor":10.0,"gold_loss":0.0,"damage_taken":0.0},{"damage_healed":0.0,"max_hp_gain":0.0,"max_hp_loss":0.0,"gold_gain":0.0,"event_name":"Shining Light","player_choice":"Ignored","floor":13.0,"gold_loss":0.0,"damage_taken":0.0},{"damage_healed":0.0,"max_hp_gain":0.0,"max_hp_loss":0.0,"gold_gain":0.0,"event_name":"Addict","player_choice":"Obtained Relic","floor":19.0,"gold_loss":85.0,"damage_taken":0.0,"relics_obtained":["Letter Opener"]},{"damage_healed":0.0,"max_hp_gain":0.0,"max_hp_loss":0.0,"gold_gain":0.0,"event_name":"Masked Bandits","player_choice":"Fought Bandits","floor":20.0,"gold_loss":0.0,"damage_taken":0.0},{"damage_healed":0.0,"max_hp_gain":0.0,"max_hp_loss":0.0,"gold_gain":50.0,"event_name":"Golden Shrine","player_choice":"Pray","floor":22.0,"gold_loss":0.0,"damage_taken":0.0},{"damage_healed":0.0,"max_hp_gain":0.0,"max_hp_loss":0.0,"gold_gain":0.0,"cards_transformed":["Strike_B"],"event_name":"Transmorgrifier","player_choice":"Transformed","floor":30.0,"gold_loss":0.0,"damage_taken":0.0,"cards_obtained":["Reinforced Body"]},{"damage_healed":0.0,"max_hp_gain":0.0,"max_hp_loss":0.0,"gold_gain":999.0,"event_name":"MindBloom","player_choice":"Gold","floor":36.0,"gold_loss":0.0,"damage_taken":0.0,"cards_obtained":["Normality","Normality"]},{"damage_healed":0.0,"max_hp_gain":0.0,"max_hp_loss":0.0,"gold_gain":0.0,"event_name":"Winding Halls","player_choice":"Embrace Madness","floor":46.0,"gold_loss":0.0,"damage_taken":18.0,"cards_obtained":["Madness","Madness"]}],"is_beta":true,"boss_relics":[{"not_picked":["Runic Dome","Inserter"],"picked":"Nuclear Battery"},{"not_picked":["Pandora\u0027s Box","Tiny House"],"picked":"Cursed Key"}],"items_purged_floors":[45],"is_endless":false,"potions_floor_spawned":[1,10,12,14,20,27,28,29,33,37,44,55],"killed_by":"The Heart","ascension_level":20}