{"gold_per_floor":[116,116,126,76,100,100,135,135,158,184,194,194,229,249,249,325,325,341,4,4,20,33,67,67,78,102,134,146,158,170,194,206,218],"floor_reached":33,"playtime":2028,"items_purged":[],"score":527,"play_id":"3408bd56-40e9-4f7e-b455-4d9fb1ad446a","local_time":"20190708074204","is_ascension_mode":true,"campfire_choices":[{"data":"Neutralize","floor":6,"key":"SMITH"},{"data":"Riddle With Holes","floor":8,"key":"SMITH"},{"data":"Well Laid Plans","floor":12,"key":"SMITH"},{"data":"Footwork","floor":15,"key":"SMITH"},{"floor":24,"key":"REST"},{"floor":28,"key":"REST"},{"data":"Adrenaline","floor":30,"key":"SMITH"},{"data":"Crippling Poison","floor":32,"key":"SMITH"}],"neow_cost":"NONE","seed_source_timestamp":30541736901873,"circlet_count":0,"master_deck":["AscendersBane","Strike_G","Strike_G","Strike_G","Strike_G","Strike_G","Defend_G","Defend_G","Defend_G","Defend_G","Defend_G","Survivor","Neutralize+1","PiercingWail","Riddle With Holes+1","PiercingWail","Crippling Poison+1","Well Laid Plans+1","Backflip","Footwork+1","Adrenaline+1","Sucker Punch","Dagger Throw","PiercingWail","Eviscerate","Prepared+1","Flying Knee","Predator+1","Flechettes+1","Dodge and Roll+1"],"relics":["Ring of the Snake","NeowsBlessing","PreservedInsect","Ancient Tea Set","Snake Skull","Dream Catcher","Orichalcum","Darkstone Periapt","Lizard Tail","Tough Bandages","Toxic Egg 2","MawBank"],"potions_floor_usage":[10,10,16,16,23,27],"damage_taken":[{"damage":0,"enemies":"Cultist","floor":1,"turns":1},{"damage":0,"enemies":"Small Slimes","floor":3,"turns":1},{"damage":0,"enemies":"3 Sentries","floor":7,"turns":1},{"damage":5,"enemies":"Lagavulin","floor":10,"turns":5},{"damage":1,"enemies":"Jaw Worm","floor":11,"turns":3},{"damage":3,"enemies":"3 Sentries","floor":13,"turns":5},{"damage":7,"enemies":"Lots of Slimes","floor":14,"turns":4},{"damage":12,"enemies":"Slime Boss","floor":16,"turns":17},{"damage":14,"enemies":"Spheric Guardian","floor":18,"turns":11},{"damage":10,"enemies":"2 Thieves","floor":21,"turns":5},{"damage":27,"enemies":"Snecko","floor":22,"turns":9},{"damage":12,"enemies":"Book of Stabbing","floor":23,"turns":7},{"damage":0,"enemies":"Snake Plant","floor":25,"turns":7},{"damage":29,"enemies":"3 Cultists","floor":27,"turns":7},{"damage":3,"enemies":"Centurion and Healer","floor":31,"turns":11},{"damage":98,"enemies":"Automaton","floor":33,"turns":12}],"seed_played":"-8177118268310504587","potions_obtained":[{"floor":1,"key":"Explosive Potion"},{"floor":7,"key":"SpeedPotion"},{"floor":13,"key":"Fruit Juice"},{"floor":14,"key":"Fire Potion"},{"floor":18,"key":"FearPotion"},{"floor":21,"key":"Ancient Potion"},{"floor":22,"key":"Regen Potion"}],"is_trial":false,"path_per_floor":["M","?","M","?","T","R","E","R","T","E","M","R","E","M","R","B",null,"M","$","?","M","M","E","R","M","T","M","R","$","R","M","R","B"],"character_chosen":"THE_SILENT","items_purchased":["Tough Bandages","Dagger Throw"],"campfire_rested":2,"item_purchase_floors":[19,19],"current_hp_per_floor":[59,59,59,59,59,59,59,59,59,54,53,53,50,43,43,36,62,48,48,71,61,34,22,43,43,43,29,50,50,50,47,47,0],"gold":218,"neow_bonus":"THREE_ENEMY_KILL","is_prod":false,"is_daily":false,"chose_seed":false,"campfire_upgraded":6,"win_rate":0,"timestamp":1562535724,"path_taken":["M","?","M","?","?","R","E","R","T","E","M","R","E","M","R","BOSS","M","?","?","M","M","E","R","M","T","M","R","$","R","?","R","BOSS"],"build_version":"2019-07-05","purchased_purges":0,"victory":false,"max_hp_per_floor":[66,66,66,66,66,66,66,66,66,66,66,66,66,66,66,71,71,71,71,71,71,71,71,71,71,71,71,71,71,71,71,71,71],"card_choices":[{"not_picked":["Dash","Dodge and Roll"],"picked":"PiercingWail","floor":1},{"not_picked":["Slice","Blade Dance"],"picked":"Riddle With Holes","floor":3},{"not_picked":["Wraith Form v2","Slice"],"picked":"PiercingWail","floor":7},{"not_picked":["Dodge and Roll","Calculated Gamble"],"picked":"Crippling Poison","floor":10},{"not_picked":["PiercingWail","Underhanded Strike"],"picked":"Well Laid Plans","floor":11},{"not_picked":["Dodge and Roll","Crippling Poison"],"picked":"Backflip","floor":13},{"not_picked":["Dagger Spray","Finisher"],"picked":"Footwork","floor":14},{"not_picked":["Venomology","Grand Finale"],"picked":"Adrenaline","floor":16},{"not_picked":["Tactician","Heel Hook"],"picked":"Sucker Punch","floor":18},{"not_picked":["Acrobatics","Slice","Distraction"],"picked":"SKIP","floor":21},{"not_picked":["Riddle With Holes","Dagger Throw"],"picked":"PiercingWail","floor":22},{"not_picked":["Infinite Blades","Grand Finale"],"picked":"Eviscerate","floor":23},{"not_picked":["Masterful Stab","Flechettes"],"picked":"Prepared+1","floor":24},{"not_picked":["Skewer","Finisher"],"picked":"Flying Knee","floor":25},{"not_picked":["PiercingWail+1","Slice"],"picked":"Predator+1","floor":27},{"not_picked":["Blade Dance+1","Dagger Spray"],"picked":"Flechettes+1","floor":28},{"not_picked":["Heel Hook","Bane"],"picked":"Dodge and Roll+1","floor":31}],"player_experience":950890,"relics_obtained":[{"floor":5,"key":"Ancient Tea Set"},{"floor":7,"key":"Snake Skull"},{"floor":9,"key":"Dream Catcher"},{"floor":10,"key":"Orichalcum"},{"floor":13,"key":"Darkstone Periapt"},{"floor":23,"key":"Toxic Egg 2"},{"floor":26,"key":"MawBank"}],"event_choices":[{"damage_healed":0,"gold_gain":0,"player_choice":"Box","damage_taken":0,"relics_obtained":["PreservedInsect"],"max_hp_gain":0,"max_hp_loss":0,"event_name":"Big Fish","floor":2,"gold_loss":0,"cards_obtained":["Regret"]},{"cards_removed":["Regret"],"damage_healed":0,"gold_gain":0,"player_choice":"Card Removal","damage_taken":0,"max_hp_gain":0,"max_hp_loss":0,"event_name":"The Cleric","floor":4,"gold_loss":50},{"damage_healed":23,"gold_gain":0,"player_choice":"Full Heal","damage_taken":0,"max_hp_gain":0,"max_hp_loss":0,"event_name":"Wheel of Change","floor":20,"gold_loss":0}],"is_beta":false,"boss_relics":[{"not_picked":["WristBlade","Ectoplasm"],"picked":"Lizard Tail"}],"items_purged_floors":[],"is_endless":false,"potions_floor_spawned":[1,7,13,14,18,21,22],"killed_by":"Automaton","ascension_level":14}