{"gold_per_floor":[113,113,130,143,143,143,143,143,143,143,155,169,444,479,479,479],"floor_reached":16,"playtime":485,"items_purged":[],"score":100,"play_id":"5e7b147b-44cd-43f8-a4a1-e1460f2550af","local_time":"20190328155026","is_ascension_mode":false,"campfire_choices":[{"data":"Bash","floor":6,"key":"SMITH"},{"data":"Twin Strike","floor":8,"key":"SMITH"},{"floor":10,"key":"RECALL"},{"floor":15,"key":"REST"}],"neow_cost":"TEN_PERCENT_HP_LOSS","seed_source_timestamp":6804987533983,"circlet_count":0,"master_deck":["Strike_R","Strike_R+1","Strike_R+1","Strike_R","Strike_R","Defend_R","Defend_R+1","Defend_R","Defend_R","Bash+1","Thunderclap+1","Seeing Red","Twin Strike+1","Reckless Charge","Body Slam","Regret","Wild Strike"],"relics":["Burning Blood","Nunchaku","Ornamental Fan","Whetstone"],"potions_floor_usage":[7,7,14,14,16,16],"damage_taken":[{"damage":8,"enemies":"Small Slimes","floor":1,"turns":5},{"damage":1,"enemies":"2 Louse","floor":3,"turns":2},{"damage":5,"enemies":"Cultist","floor":4,"turns":4},{"damage":4,"enemies":"Blue Slaver","floor":11,"turns":4},{"damage":5,"enemies":"Exordium Thugs","floor":12,"turns":4},{"damage":33,"enemies":"Lagavulin","floor":14,"turns":6},{"damage":68,"enemies":"Slime Boss","floor":16,"turns":8}],"seed_played":"5976569896385160525","potions_obtained":[{"floor":4,"key":"SneckoOil"},{"floor":7,"key":"Fruit Juice"},{"floor":7,"key":"Swift Potion"},{"floor":7,"key":"Fruit Juice"},{"floor":12,"key":"Dexterity Potion"},{"floor":14,"key":"SkillPotion"}],"is_trial":false,"path_per_floor":["M","?","M","M","?","R","?","R","T","R","M","M","?","E","R","B"],"character_chosen":"IRONCLAD","items_purchased":[],"campfire_rested":1,"item_purchase_floors":[],"current_hp_per_floor":[70,63,68,69,55,55,65,65,65,65,67,68,68,41,65,0],"gold":479,"neow_bonus":"ONE_RARE_RELIC","is_prod":false,"is_daily":false,"chose_seed":false,"campfire_upgraded":2,"win_rate":0,"timestamp":1553752226,"path_taken":["M","?","M","M","?","R","?","R","T","R","M","?","?","E","R","BOSS"],"build_version":"2019-01-23","purchased_purges":0,"victory":false,"max_hp_per_floor":[72,72,72,72,72,72,82,82,82,82,82,82,82,82,82,82],"card_choices":[{"not_picked":["Headbutt","Flex"],"picked":"Thunderclap","floor":1},{"not_picked":["True Grit","Pummel"],"picked":"Seeing Red","floor":3},{"not_picked":["Clothesline","Uppercut"],"picked":"Twin Strike","floor":4},{"not_picked":["Evolve","Armaments"],"picked":"Reckless Charge","floor":11},{"not_picked":["Pommel Strike","Headbutt"],"picked":"Body Slam","floor":12},{"not_picked":["Spot Weakness","Whirlwind"],"picked":"Wild Strike","floor":14}],"player_experience":231549,"relics_obtained":[{"floor":14,"key":"Whetstone"}],"event_choices":[{"damage_healed":0,"gold_gain":0,"player_choice":"Success","damage_taken":7,"relics_obtained":["Ornamental Fan"],"max_hp_gain":0,"max_hp_loss":0,"event_name":"Scrap Ooze","floor":2,"gold_loss":0},{"damage_healed":0,"gold_gain":0,"player_choice":"Entered Light","damage_taken":14,"max_hp_gain":0,"max_hp_loss":0,"event_name":"Shining Light","floor":5,"gold_loss":0,"cards_upgraded":["Defend_R","Thunderclap"]},{"damage_healed":0,"gold_gain":0,"player_choice":"Got Potions","damage_taken":0,"max_hp_gain":0,"max_hp_loss":0,"event_name":"Lab","floor":7,"gold_loss":0},{"damage_healed":0,"gold_gain":275,"player_choice":"Desecrate","damage_taken":0,"max_hp_gain":0,"max_hp_loss":0,"event_name":"Golden Shrine","floor":13,"gold_loss":0,"cards_obtained":["Regret"]}],"is_beta":false,"boss_relics":[],"items_purged_floors":[],"is_endless":false,"potions_floor_spawned":[4,12,14],"killed_by":"Slime Boss","ascension_level":0}