{"gold_per_floor":[115,133,133,133,10,35,35,110,137,153,183,196,275,275,275,379,379,396,1,18,18,91,122,122,138,138,154,154,154,154,164,164,267,267,277,277,277,377,12,12,81,81,159,159,159,9,9,9,9,9],"floor_reached":51,"playtime":2592,"items_purged":["Strike_B","Strike_B","Writhe","Injury"],"score":1102,"play_id":"9465a503-e4fd-41ec-b135-ee4bc63266d6","local_time":"20190712220811","is_ascension_mode":true,"campfire_choices":[{"data":"Scrape","floor":7.0,"key":"SMITH"},{"data":"Gash","floor":15.0,"key":"SMITH"},{"data":"Gash","floor":24.0,"key":"SMITH"},{"floor":29.0,"key":"DIG"},{"floor":32.0,"key":"REST"},{"floor":40.0,"key":"REST"},{"floor":42.0,"key":"DIG"},{"floor":44.0,"key":"DIG"},{"floor":47.0,"key":"DIG"},{"floor":49.0,"key":"REST"}],"neow_cost":"NONE","seed_source_timestamp":22321479354497,"circlet_count":0,"master_deck":["AscendersBane","Strike_B","Defend_B","Defend_B","Defend_B+1","Zap+1","Dualcast","FTL","Gash+1","Scrape+1","All For One","Panache","Flash of Steel","Gash+1","Machine Learning","Clumsy","Self Repair","Gash+1","Bandage Up","Chrysalis+1","Chill+1"],"special_seed":0,"relics":["Cracked Core","NeowsBlessing","DataDisk","War Paint","Tiny Chest","Inserter","Happy Flower","Kunai","Potion Belt","Shovel","Dream Catcher","Molten Egg 2","Calling Bell","Regal Pillow","Gremlin Horn","Dead Branch","WingedGreaves","Juzu Bracelet","Ginger","Anchor","Singing Bowl","Darkstone Periapt","Toxic Egg 2","Vajra","Ornamental Fan"],"potions_floor_usage":[50],"damage_taken":[{"damage":0.0,"enemies":"Jaw Worm","floor":1.0,"turns":1.0},{"damage":0.0,"enemies":"Small Slimes","floor":2.0,"turns":1.0},{"damage":0.0,"enemies":"Gremlin Nob","floor":6.0,"turns":1.0},{"damage":8.0,"enemies":"2 Louse","floor":10.0,"turns":2.0},{"damage":8.0,"enemies":"2 Fungi Beasts","floor":12.0,"turns":3.0},{"damage":18.0,"enemies":"Slime Boss","floor":16.0,"turns":7.0},{"damage":0.0,"enemies":"3 Byrds","floor":18.0,"turns":4.0},{"damage":0.0,"enemies":"Spheric Guardian","floor":20.0,"turns":2.0},{"damage":12.0,"enemies":"Slavers","floor":23.0,"turns":4.0},{"damage":18.0,"enemies":"Snecko","floor":25.0,"turns":3.0},{"damage":19.0,"enemies":"Shelled Parasite and Fungi","floor":27.0,"turns":4.0},{"damage":17.0,"enemies":"Snake Plant","floor":31.0,"turns":3.0},{"damage":37.0,"enemies":"Collector","floor":33.0,"turns":5.0},{"damage":52.0,"enemies":"3 Darklings","floor":35.0,"turns":4.0},{"damage":1.0,"enemies":"Mind Bloom Boss Battle","floor":38.0,"turns":6.0},{"damage":20,"enemies":"Donu and Deca","floor":50,"turns":8}],"seed_played":"1031883850085043937","potions_obtained":[{"floor":1.0,"key":"SpeedPotion"},{"floor":2.0,"key":"Block Potion"},{"floor":18.0,"key":"Ancient Potion"},{"floor":23.0,"key":"FocusPotion"},{"floor":31.0,"key":"GamblersBrew"},{"floor":38.0,"key":"FocusPotion"}],"is_trial":false,"path_per_floor":["M","M","?","?","$","E","R","?","T","M","?","M","T","?","R","B",null,"M","$","M","T","T","E","R","M","T","M","?","R","T","M","R","B",null,"M","T","T","?","$","R","T","R","T","R","?","$","R","?","R","B",null],"character_chosen":"DEFECT","items_purchased":["Gash","Panache","Flash of Steel","Anchor","Bandage Up"],"campfire_rested":3,"item_purchase_floors":[5,19,19,39,39],"current_hp_per_floor":[68,68,61,61,61,61,61,50,50,42,42,34,34,75,75,57,71,71,71,71,71,71,59,59,41,41,22,47,47,47,30,52,15,60,8,8,8,14,14,51,51,51,51,51,51,51,51,51,75,62],"gold":9,"neow_bonus":"THREE_ENEMY_KILL","is_prod":false,"is_daily":false,"chose_seed":false,"campfire_upgraded":3,"win_rate":0,"timestamp":1562987291,"path_taken":["M","M","?","?","$","E","R","?","T","M","?","M","?","?","R","BOSS","M","$","M","?","?","E","R","M","T","?","?","R","?","M","R","BOSS","M","?","?","?","?","R","?","R","T","R","?","$","R","?","R","BOSS"],"build_version":"2019-07-05","purchased_purges":4,"victory":true,"max_hp_per_floor":[75,75,75,75,75,75,75,75,75,75,75,75,75,75,75,75,75,75,75,75,75,75,75,75,75,75,75,75,75,75,75,75,75,75,75,75,75,75,75,75,75,75,75,75,75,75,75,75,75,75],"card_choices":[{"not_picked":["Sweeping Beam","Recycle"],"picked":"Force Field","floor":1.0},{"not_picked":["Turbo","Barrage"],"picked":"FTL","floor":2.0},{"not_picked":["Gash","BootSequence"],"picked":"Scrape","floor":6.0},{"not_picked":["Melter","Beam Cell","Steam"],"picked":"SKIP","floor":10.0},{"not_picked":["Compile Driver","Streamline","Steam"],"picked":"SKIP","floor":12.0},{"not_picked":["Electrodynamics","Hyperbeam"],"picked":"All For One","floor":16.0},{"not_picked":["Coolheaded+1","Compile Driver+1","Reprogram"],"picked":"SKIP","floor":18.0},{"not_picked":["Rip and Tear+1","Reprogram+1"],"picked":"Gash","floor":20.0},{"not_picked":["Barrage+1","Tempest","Compile Driver"],"picked":"SKIP","floor":23.0},{"not_picked":["Turbo","Ball Lightning+1","Rebound+1"],"picked":"SKIP","floor":25.0},{"not_picked":["Leap","Streamline","Turbo+1"],"picked":"SKIP","floor":27.0},{"not_picked":["Hologram","Streamline+1","Hello World"],"picked":"SKIP","floor":31.0},{"not_picked":["Rainbow","Buffer"],"picked":"Machine Learning","floor":33.0},{"not_picked":["Barrage+1","Undo+1"],"picked":"Self Repair","floor":35.0},{"not_picked":["Capacitor","Hologram"],"picked":"Gash+1","floor":38.0},{"not_picked":["Dark Shackles+1","Trip+1"],"picked":"Chrysalis+1","floor":45.0},{"not_picked":["Rip and Tear+1","Turbo+1"],"picked":"Chill+1","floor":49.0}],"player_experience":570809,"relics_obtained":[{"floor":6.0,"key":"DataDisk"},{"floor":9.0,"key":"War Paint"},{"floor":13.0,"key":"Tiny Chest"},{"floor":21.0,"key":"Happy Flower"},{"floor":22.0,"key":"Kunai"},{"floor":23.0,"key":"Potion Belt"},{"floor":26.0,"key":"Shovel"},{"floor":29.0,"key":"Dream Catcher"},{"floor":30.0,"key":"Molten Egg 2"},{"floor":34.0,"key":"Regal Pillow"},{"floor":34.0,"key":"Gremlin Horn"},{"floor":34.0,"key":"Dead Branch"},{"floor":36.0,"key":"WingedGreaves"},{"floor":37.0,"key":"Juzu Bracelet"},{"floor":38.0,"key":"Ginger"},{"floor":41.0,"key":"Singing Bowl"},{"floor":42.0,"key":"Darkstone Periapt"},{"floor":43.0,"key":"Toxic Egg 2"},{"floor":44.0,"key":"Vajra"},{"floor":47.0,"key":"Ornamental Fan"}],"event_choices":[{"cards_removed":["Strike_B"],"damage_healed":0.0,"max_hp_gain":0.0,"max_hp_loss":0.0,"gold_gain":0.0,"event_name":"Golden Wing","player_choice":"Card Removal","floor":3.0,"gold_loss":0.0,"damage_taken":7.0},{"damage_healed":0.0,"max_hp_gain":0.0,"max_hp_loss":0.0,"gold_gain":0.0,"event_name":"Shining Light","player_choice":"Ignored","floor":4.0,"gold_loss":0.0,"damage_taken":0.0},{"damage_healed":0.0,"max_hp_gain":0.0,"max_hp_loss":0.0,"gold_gain":75.0,"event_name":"World of Goop","player_choice":"Gather Gold","floor":8.0,"gold_loss":0.0,"damage_taken":11.0},{"damage_healed":0.0,"max_hp_gain":0.0,"max_hp_loss":0.0,"gold_gain":30.0,"event_name":"Dead Adventurer","player_choice":"Searched \u00272\u0027 times","floor":11.0,"gold_loss":0.0,"damage_taken":0.0},{"cards_removed":["Force Field"],"damage_healed":41.0,"max_hp_gain":0.0,"max_hp_loss":0.0,"gold_gain":0.0,"event_name":"Bonfire Elementals","player_choice":"Offered Uncommon","floor":14.0,"gold_loss":0.0,"damage_taken":0.0},{"damage_healed":25.0,"max_hp_gain":0.0,"max_hp_loss":0.0,"gold_gain":0.0,"event_name":"The Library","player_choice":"Heal","floor":28.0,"gold_loss":0.0,"damage_taken":0.0},{"damage_healed":0.0,"max_hp_gain":0.0,"max_hp_loss":0.0,"gold_gain":0.0,"event_name":"MindBloom","player_choice":"Fight","floor":38.0,"gold_loss":0.0,"damage_taken":0.0},{"damage_healed":0.0,"max_hp_gain":0.0,"max_hp_loss":0.0,"gold_gain":0.0,"event_name":"SensoryStone","player_choice":"Memory 1","floor":45.0,"gold_loss":0.0,"damage_taken":0.0},{"cards_removed":["Defend_B"],"damage_healed":0.0,"max_hp_gain":0.0,"max_hp_loss":0.0,"gold_gain":0.0,"event_name":"Falling","player_choice":"Removed Skill","floor":48.0,"gold_loss":0.0,"damage_taken":0.0}],"is_beta":false,"boss_relics":[{"not_picked":["Cursed Key","Black Star"],"picked":"Inserter"},{"not_picked":["Runic Dome","Snecko Eye"],"picked":"Calling Bell"}],"items_purged_floors":[5,19,39,46],"is_endless":false,"potions_floor_spawned":[1,2,18,23,31,38],"ascension_level":11}