{"gold_per_floor":[116,116,116,191,209,209,238,248,299,299,299],"floor_reached":11,"playtime":742,"items_purged":[],"score":96,"play_id":"51eb3646-e223-4c1d-b01a-57278ba1aba3","local_time":"20190303114043","is_ascension_mode":true,"campfire_choices":[{"floor":6.0,"key":"DIG"},{"floor":10,"key":"DIG"}],"neow_cost":"TEN_PERCENT_HP_LOSS","seed_source_timestamp":11655997256984,"circlet_count":0,"master_deck":["Strike_B","Strike_B","Strike_B","Strike_B","Defend_B","Defend_B","Defend_B","Defend_B","Zap","Dualcast","Gash"],"special_seed":0,"relics":["Cracked Core","Shovel","Vajra","Pear","Bird Faced Urn","Happy Flower","Turnip"],"potions_floor_usage":[7,7],"damage_taken":[{"damage":3.0,"enemies":"Jaw Worm","floor":1.0,"turns":4.0},{"damage":5.0,"enemies":"Small Slimes","floor":5.0,"turns":3.0},{"damage":2,"enemies":"Lagavulin","floor":7,"turns":8},{"damage":3,"enemies":"2 Louse","floor":8,"turns":3},{"damage":55,"enemies":"3 Sentries","floor":11,"turns":8}],"seed_played":"2855236868644842158","potions_obtained":[{"floor":1.0,"key":"Dexterity Potion"},{"floor":5.0,"key":"Fire Potion"}],"is_trial":false,"path_per_floor":["M","?","?","?","M","R","E","M","T","R","E"],"character_chosen":"DEFECT","items_purchased":[],"campfire_rested":0,"item_purchase_floors":[],"current_hp_per_floor":[65,62,62,51,46,56,54,51,51,51,0],"gold":299,"neow_bonus":"ONE_RARE_RELIC","is_prod":false,"is_daily":false,"chose_seed":false,"campfire_upgraded":0,"win_rate":0,"timestamp":1551634843,"path_taken":["M","?","?","?","M","R","E","M","T","R","E"],"build_version":"2019-01-23","purchased_purges":0,"victory":false,"max_hp_per_floor":[68,68,68,68,68,78,78,78,78,78,78],"card_choices":[{"not_picked":["Tempest","Reinforced Body","Rebound"],"picked":"SKIP","floor":1.0},{"not_picked":["Steam","Cold Snap","Darkness"],"picked":"SKIP","floor":5.0},{"not_picked":["Ball Lightning","Hello World"],"picked":"Gash","floor":7},{"not_picked":["Auto Shields","Barrage","Rip and Tear"],"picked":"SKIP","floor":8}],"player_experience":460429,"relics_obtained":[{"floor":6.0,"key":"Pear"},{"floor":7,"key":"Bird Faced Urn"},{"floor":9,"key":"Happy Flower"},{"floor":10,"key":"Turnip"}],"event_choices":[{"damage_healed":0.0,"max_hp_gain":0.0,"max_hp_loss":0.0,"gold_gain":0.0,"event_name":"Scrap Ooze","player_choice":"Success","floor":2.0,"gold_loss":0.0,"damage_taken":3.0,"relics_obtained":["Vajra"]},{"damage_healed":0.0,"max_hp_gain":0.0,"max_hp_loss":0.0,"gold_gain":0.0,"event_name":"Liars Game","player_choice":"Ignored","floor":3.0,"gold_loss":0.0,"damage_taken":0.0},{"damage_healed":0.0,"max_hp_gain":0.0,"max_hp_loss":0.0,"gold_gain":75.0,"event_name":"World of Goop","player_choice":"Gather Gold","floor":4.0,"gold_loss":0.0,"damage_taken":11.0}],"is_beta":false,"boss_relics":[],"items_purged_floors":[],"is_endless":false,"potions_floor_spawned":[1,5],"killed_by":"3 Sentries","ascension_level":7}