{"gold_per_floor":[116,116,116,41,41,41,82,82,82,82,117,136,58,79,79,178,178,201,220,220,245,270,270,284,264,291,291,331,331,365,86,86,179,179,198,211,224,224,224,264,284,284,284,284,409,449,121,146,146,146],"floor_reached":51,"playtime":2709,"items_purged":["Searing Blow","Strike_R"],"score":1518,"play_id":"e61475fd-0b3c-4dca-82d9-cf14cac0eea0","local_time":"20190717162036","is_ascension_mode":true,"campfire_choices":[{"data":"Armaments","floor":6,"key":"SMITH"},{"data":"Juggernaut","floor":8,"key":"SMITH"},{"data":"Bash","floor":10,"key":"SMITH"},{"data":"Whirlwind","floor":15,"key":"SMITH"},{"floor":23,"key":"REST"},{"floor":27,"key":"DIG"},{"data":"Berserk","floor":29,"key":"SMITH"},{"floor":32,"key":"DIG"},{"floor":42,"key":"DIG"},{"floor":44,"key":"DIG"},{"floor":49,"key":"DIG"}],"neow_cost":"NONE","seed_source_timestamp":523110339792298,"circlet_count":0,"master_deck":["AscendersBane","Strike_R+1","Defend_R+1","Defend_R+1","Defend_R","Defend_R+1","Bash+1","Armaments+1","Juggernaut+1","Shrug It Off","Whirlwind+1","Battle Trance","Headbutt","Berserk+1","Iron Wave","Rage","Shockwave+1","Demon Form","Shrug It Off","Disarm","Body Slam","Offering","Offering","Metallicize"],"relics":["Burning Blood","NeowsBlessing","Golden Idol","Calipers","Mummified Hand","Shovel","Runic Dome","War Paint","Mercury Hourglass","PreservedInsect","Singing Bowl","Regal Pillow","Centennial Puzzle","Fusion Hammer","Bronze Scales","Omamori","Question Card","Smiling Mask","Prayer Wheel","Self Forming Clay","DollysMirror","Anchor"],"potions_floor_usage":[28,33,38,50,50],"damage_taken":[{"damage":0,"enemies":"Cultist","floor":1,"turns":1},{"damage":0,"enemies":"3 Sentries","floor":7,"turns":2},{"damage":0,"enemies":"Lagavulin","floor":11,"turns":1},{"damage":12,"enemies":"Jaw Worm","floor":12,"turns":3},{"damage":0,"enemies":"2 Louse","floor":14,"turns":4},{"damage":15,"enemies":"The Guardian","floor":16,"turns":13},{"damage":3,"enemies":"Spheric Guardian","floor":18,"turns":3},{"damage":21,"enemies":"Shell Parasite","floor":19,"turns":6},{"damage":11,"enemies":"Snake Plant","floor":21,"turns":3},{"damage":14,"enemies":"Shelled Parasite and Fungi","floor":22,"turns":6},{"damage":1,"enemies":"Centurion and Healer","floor":24,"turns":7},{"damage":15,"enemies":"Book of Stabbing","floor":28,"turns":4},{"damage":16,"enemies":"Slavers","floor":30,"turns":3},{"damage":25,"enemies":"Automaton","floor":33,"turns":8},{"damage":0,"enemies":"Orb Walker","floor":35,"turns":3},{"damage":6,"enemies":"3 Shapes","floor":36,"turns":4},{"damage":13,"enemies":"3 Darklings","floor":37,"turns":4},{"damage":0,"enemies":"Transient","floor":38,"turns":1},{"damage":9,"enemies":"Nemesis","floor":40,"turns":5},{"damage":0,"enemies":"Maw","floor":41,"turns":5},{"damage":6,"enemies":"Mind Bloom Boss Battle","floor":45,"turns":5},{"damage":6,"enemies":"Reptomancer","floor":46,"turns":4},{"damage":12,"enemies":"Writhing Mass","floor":48,"turns":3},{"damage":6,"enemies":"Time Eater","floor":50,"turns":8}],"seed_played":"1743594586479897790","potions_obtained":[{"floor":7,"key":"Explosive Potion"},{"floor":12,"key":"Strength Potion"},{"floor":19,"key":"Dexterity Potion"},{"floor":33,"key":"SmokeBomb"},{"floor":40,"key":"Regen Potion"}],"is_trial":false,"path_per_floor":["M","?","?","?","$","R","E","R","T","R","E","M","$","M","R","B",null,"M","M","?","M","M","R","M","?","T","R","E","R","E","$","R","B",null,"M","M","M","M","?","E","M","R","T","R","?","E","$","M","R","B",null],"character_chosen":"IRONCLAD","items_purchased":["Battle Trance","Regal Pillow","Dexterity Potion","DollysMirror","Metallicize"],"campfire_rested":1,"item_purchase_floors":[13,31,31,47,47],"current_hp_per_floor":[74,48,25,25,25,25,31,31,31,31,37,31,31,37,37,28,63,66,51,51,46,38,60,65,65,65,65,56,56,48,48,48,29,65,71,71,64,70,70,69,75,75,75,75,77,79,79,77,77,87],"gold":146,"neow_bonus":"THREE_ENEMY_KILL","is_prod":false,"is_daily":false,"chose_seed":false,"campfire_upgraded":5,"win_rate":0,"timestamp":1563348036,"path_taken":["M","?","?","?","?","R","E","R","T","R","E","M","$","M","R","BOSS","M","M","?","M","M","R","M","?","T","R","E","R","E","$","R","BOSS","M","M","?","M","?","E","M","R","T","R","?","E","$","M","R","BOSS"],"build_version":"2019-07-01","purchased_purges":2,"victory":true,"max_hp_per_floor":[75,75,75,75,75,75,75,75,75,75,75,75,75,75,75,75,75,75,75,75,75,75,75,75,75,75,75,75,75,77,77,77,77,77,77,77,77,77,77,79,79,79,79,79,81,83,83,87,87,87],"card_choices":[{"not_picked":["Entrench","Heavy Blade"],"picked":"Armaments","floor":1},{"not_picked":["Havoc","Clash"],"picked":"Juggernaut","floor":7},{"not_picked":["Rupture","Power Through"],"picked":"Shrug It Off","floor":11},{"not_picked":["Twin Strike","Seeing Red"],"picked":"Whirlwind","floor":12},{"not_picked":["Whirlwind","Iron Wave"],"picked":"Headbutt","floor":14},{"not_picked":["Brutality","Immolate"],"picked":"Berserk","floor":16},{"not_picked":["Pummel+1","Dropkick","Flex"],"picked":"SKIP","floor":18},{"not_picked":["Clash+1","True Grit"],"picked":"Iron Wave","floor":19},{"not_picked":["Armaments+1","Havoc","Heavy Blade"],"picked":"SKIP","floor":21},{"not_picked":["Pommel Strike","Havoc","Armaments"],"picked":"SKIP","floor":22},{"not_picked":["Thunderclap","Armaments","Spot Weakness"],"picked":"SKIP","floor":24},{"not_picked":["Double Tap","Perfected Strike"],"picked":"Shockwave+1","floor":28},{"not_picked":["Wild Strike","Rage","Evolve"],"picked":"Singing Bowl","floor":30},{"not_picked":["Berserk","Barricade"],"picked":"Demon Form","floor":33},{"not_picked":["Armaments","Combust"],"picked":"Shrug It Off","floor":35},{"not_picked":["Clothesline","Wild Strike"],"picked":"Disarm","floor":36},{"not_picked":["Armaments","Sword Boomerang"],"picked":"Body Slam","floor":37},{"not_picked":["True Grit","Second Wind","Rage"],"picked":"Singing Bowl","floor":40},{"not_picked":["Rampage","Thunderclap"],"picked":"Offering","floor":41},{"not_picked":["Sword Boomerang","Pommel Strike+1","Flex+1","Warcry"],"picked":"Singing Bowl","floor":45},{"not_picked":["Whirlwind","Iron Wave","Flex","Body Slam"],"picked":"Singing Bowl","floor":46},{"not_picked":["Body Slam","Perfected Strike","Armaments","Power Through"],"picked":"Singing Bowl","floor":48},{"not_picked":["Sword Boomerang+1","Hemokinesis","Shrug It Off","Offering"],"picked":"Singing Bowl","floor":48}],"player_experience":1155383,"relics_obtained":[{"floor":7,"key":"Calipers"},{"floor":9,"key":"Mummified Hand"},{"floor":11,"key":"Shovel"},{"floor":26,"key":"War Paint"},{"floor":27,"key":"Mercury Hourglass"},{"floor":28,"key":"PreservedInsect"},{"floor":30,"key":"Singing Bowl"},{"floor":32,"key":"Centennial Puzzle"},{"floor":40,"key":"Bronze Scales"},{"floor":42,"key":"Omamori"},{"floor":43,"key":"Question Card"},{"floor":44,"key":"Smiling Mask"},{"floor":45,"key":"Prayer Wheel"},{"floor":46,"key":"Self Forming Clay"},{"floor":49,"key":"Anchor"}],"event_choices":[{"damage_healed":0,"gold_gain":0,"player_choice":"Take Damage","damage_taken":26,"relics_obtained":["Golden Idol"],"max_hp_gain":0,"max_hp_loss":0,"event_name":"Golden Idol","floor":2,"gold_loss":0},{"damage_healed":0,"gold_gain":0,"player_choice":"Entered Light","damage_taken":23,"max_hp_gain":0,"max_hp_loss":0,"event_name":"Shining Light","floor":3,"gold_loss":0,"cards_upgraded":["Defend_R","Strike_R"]},{"cards_removed":["Strike_R"],"damage_healed":0,"gold_gain":0,"player_choice":"Card Removal","damage_taken":0,"max_hp_gain":0,"max_hp_loss":0,"event_name":"The Cleric","floor":4,"gold_loss":75},{"damage_healed":0,"gold_gain":0,"cards_transformed":["Strike_R","Strike_R"],"player_choice":"Became Test Subject","damage_taken":0,"max_hp_gain":0,"max_hp_loss":0,"event_name":"Drug Dealer","floor":20,"gold_loss":0,"cards_obtained":["Rage","Searing Blow"]},{"damage_healed":0,"gold_gain":0,"player_choice":"Bought 1 Potion","damage_taken":0,"max_hp_gain":0,"max_hp_loss":0,"event_name":"The Woman in Blue","floor":25,"gold_loss":0},{"damage_healed":0,"gold_gain":0,"player_choice":"Ignored","damage_taken":0,"max_hp_gain":0,"max_hp_loss":0,"event_name":"Tomb of Lord Red Mask","floor":39,"gold_loss":0},{"damage_healed":0,"gold_gain":0,"player_choice":"Fight","damage_taken":0,"max_hp_gain":0,"max_hp_loss":0,"event_name":"MindBloom","floor":45,"gold_loss":0}],"is_beta":false,"boss_relics":[{"not_picked":["Black Star","Calling Bell"],"picked":"Runic Dome"},{"not_picked":["Sozu","Velvet Choker"],"picked":"Fusion Hammer"}],"items_purged_floors":[31,47],"is_endless":false,"potions_floor_spawned":[7,12,19,22,24,33,35,40,41,45],"ascension_level":15}