{"gold_per_floor":[111,131,56,56,73,104,104,204,204,215,215,230,241,293,293,389,389,399,416,416,416,427,457,457,457,533,533,552,452,485,498,498,498],"floor_reached":33,"playtime":2542,"items_purged":["Melter","Hyperbeam"],"score":437,"play_id":"317afcef-9c9e-43cd-a68a-99bb4dd16d48","local_time":"20190316005429","is_ascension_mode":true,"campfire_choices":[{"floor":7.0,"key":"REST"},{"data":"Electrodynamics","floor":11.0,"key":"SMITH"},{"data":"Thunder Strike","floor":15.0,"key":"SMITH"},{"floor":24.0,"key":"REST"},{"data":"Double Energy","floor":27,"key":"SMITH"},{"floor":32,"key":"REST"}],"neow_cost":"NONE","seed_source_timestamp":259163177013853,"circlet_count":0,"master_deck":["Zap","Dualcast","BootSequence","Electrodynamics+1","Steam","Blizzard","Ball Lightning","Electrodynamics+1","Cold Snap","Thunder Strike+1","BootSequence","Double Energy","Coolheaded","Amplify","Double Energy+1","Skim"],"special_seed":0,"relics":["Pandora\u0027s Box","Question Card","Blue Candle","Regal Pillow","Nuclear Battery","Nilry\u0027s Codex","Matryoshka","Du-Vu Doll","Dream Catcher","Shuriken","Vajra"],"potions_floor_usage":[31],"damage_taken":[{"damage":6.0,"enemies":"Cultist","floor":1.0,"turns":3.0},{"damage":0.0,"enemies":"2 Louse","floor":2.0,"turns":1.0},{"damage":0.0,"enemies":"Small Slimes","floor":5.0,"turns":2.0},{"damage":15.0,"enemies":"Gremlin Nob","floor":6.0,"turns":3.0},{"damage":0.0,"enemies":"Exordium Wildlife","floor":10.0,"turns":2.0},{"damage":0.0,"enemies":"Red Slaver","floor":12.0,"turns":2.0},{"damage":2.0,"enemies":"Exordium Thugs","floor":13.0,"turns":3.0},{"damage":19.0,"enemies":"The Guardian","floor":16.0,"turns":7.0},{"damage":0.0,"enemies":"3 Byrds","floor":18.0,"turns":2.0},{"damage":11.0,"enemies":"2 Thieves","floor":19.0,"turns":3.0},{"damage":0.0,"enemies":"Cultist and Chosen","floor":22.0,"turns":3.0},{"damage":25.0,"enemies":"Slavers","floor":23.0,"turns":3.0},{"damage":2,"enemies":"Centurion and Healer","floor":28,"turns":2},{"damage":0,"enemies":"Gremlin Leader","floor":30,"turns":3},{"damage":6,"enemies":"3 Cultists","floor":31,"turns":3},{"damage":76,"enemies":"Champ","floor":33,"turns":7}],"seed_played":"-6106320780569404256","potions_obtained":[{"floor":2.0,"key":"Energy Potion"},{"floor":6.0,"key":"Ancient Potion"},{"floor":10.0,"key":"Strength Potion"},{"floor":13.0,"key":"FearPotion"},{"floor":19.0,"key":"Swift Potion"},{"floor":22.0,"key":"PowerPotion"}],"is_trial":false,"path_per_floor":["M","M","$","?","M","E","R","?","T","M","R","M","M","T","R","B",null,"M","M","?","T","M","E","R","?","T","R","M","$","E","M","R","B"],"character_chosen":"DEFECT","items_purchased":[],"campfire_rested":3,"item_purchase_floors":[],"current_hp_per_floor":[62,62,62,62,62,47,69,69,69,69,69,69,67,67,67,48,68,68,57,41,41,41,16,53,53,53,53,51,51,51,45,75,0],"gold":498,"neow_bonus":"BOSS_RELIC","is_prod":false,"is_daily":false,"chose_seed":false,"campfire_upgraded":3,"win_rate":0,"timestamp":1552715669,"path_taken":["M","M","?","?","?","E","R","?","T","?","R","M","M","?","R","BOSS","M","M","?","?","?","E","R","?","T","R","M","$","E","?","R","BOSS"],"build_version":"2019-01-23","purchased_purges":2,"victory":false,"max_hp_per_floor":[75,75,75,75,75,75,75,75,75,75,75,75,75,75,75,75,75,75,75,75,75,75,75,75,75,75,75,75,75,75,75,75,75],"card_choices":[{"not_picked":["Barrage","Loop"],"picked":"Cold Snap","floor":1.0},{"not_picked":["Redo","Steam","Stack"],"picked":"SKIP","floor":2.0},{"not_picked":["Multi-Cast","Consume","Fusion"],"picked":"SKIP","floor":5.0},{"not_picked":["Rip and Tear","Double Energy"],"picked":"Thunder Strike","floor":6.0},{"not_picked":["Skim","Compile Driver","Stack"],"picked":"BootSequence","floor":10.0},{"not_picked":["Rip and Tear","Go for the Eyes","Steam"],"picked":"Double Energy","floor":12.0},{"not_picked":["Compile Driver","Stack","Steam"],"picked":"Coolheaded","floor":13.0},{"not_picked":["Meteor Strike","Rainbow","Biased Cognition"],"picked":"Amplify","floor":16.0},{"not_picked":["Streamline+1","Turbo+1","Rebound+1","Hologram"],"picked":"SKIP","floor":18.0},{"not_picked":["Sweeping Beam","Steam Power","Leap","Compile Driver+1"],"picked":"SKIP","floor":19.0},{"not_picked":["Stack","Conserve Battery","Streamline","Reinforced Body"],"picked":"SKIP","floor":22.0},{"not_picked":["Skim+1","Heatsinks+1","Go for the Eyes+1"],"picked":"Double Energy","floor":23.0},{"not_picked":["Gash","Hyperbeam","Beam Cell"],"picked":"Skim","floor":28},{"not_picked":["Hologram","Auto Shields","Conserve Battery","Reprogram"],"picked":"SKIP","floor":30},{"not_picked":["Ball Lightning","Rainbow","Leap","Aggregate"],"picked":"SKIP","floor":31}],"player_experience":470574,"relics_obtained":[{"floor":6.0,"key":"Question Card"},{"floor":9.0,"key":"Blue Candle"},{"floor":14.0,"key":"Regal Pillow"},{"floor":20.0,"key":"Nilry\u0027s Codex"},{"floor":21.0,"key":"Matryoshka"},{"floor":23.0,"key":"Du-Vu Doll"},{"floor":26,"key":"Dream Catcher"},{"floor":26,"key":"Shuriken"},{"floor":30,"key":"Vajra"}],"event_choices":[{"damage_healed":0.0,"max_hp_gain":0.0,"max_hp_loss":0.0,"gold_gain":0.0,"event_name":"Upgrade Shrine","player_choice":"Upgraded","floor":4.0,"gold_loss":0.0,"damage_taken":0.0,"cards_upgraded":["Electrodynamics"]},{"damage_healed":0.0,"max_hp_gain":0.0,"max_hp_loss":0.0,"gold_gain":100.0,"event_name":"Golden Shrine","player_choice":"Pray","floor":8.0,"gold_loss":0.0,"damage_taken":0.0},{"damage_healed":0.0,"max_hp_gain":0.0,"max_hp_loss":0.0,"gold_gain":0.0,"event_name":"Cursed Tome","player_choice":"Obtained Book","floor":20.0,"gold_loss":0.0,"damage_taken":16.0},{"damage_healed":0,"gold_gain":0,"player_choice":"Leave","damage_taken":0,"max_hp_gain":0,"max_hp_loss":0,"event_name":"FaceTrader","floor":25,"gold_loss":0}],"is_beta":false,"boss_relics":[{"not_picked":["Runic Pyramid","Cursed Key"],"picked":"Nuclear Battery"}],"items_purged_floors":[3,29],"is_endless":false,"potions_floor_spawned":[2,6,10,13,19,22,23,30],"killed_by":"Champ","ascension_level":8}