{"gold_per_floor":[111,125,144,159,59,59,97,97,97,142,142,217,217,235,235,365,365,389,408,28,41,60,60,83,83,83,83,98,113,137,162,162,162],"floor_reached":33,"playtime":1387,"items_purged":[],"score":253,"play_id":"c0dff1fd-a9de-41ca-9270-ead8ffc5a95c","local_time":"20190326174426","is_ascension_mode":false,"campfire_choices":[{"floor":8,"key":"REST"},{"data":"Perfected Strike","floor":11,"key":"SMITH"},{"data":"Pommel Strike","floor":13,"key":"SMITH"},{"floor":15,"key":"REST"},{"data":"Limit Break","floor":23,"key":"SMITH"},{"floor":25,"key":"REST"},{"floor":27,"key":"REST"},{"floor":32,"key":"REST"}],"neow_cost":"TEN_PERCENT_HP_LOSS","seed_source_timestamp":79631446709020,"circlet_count":0,"master_deck":["Strike_R","Strike_R","Strike_R","Strike_R","Strike_R","Defend_R","Defend_R","Defend_R","Defend_R","Bash","Impatience","Impatience","Clash","Sword Boomerang","Perfected Strike+1","Pommel Strike","Flex","Inflame","Injury","Pommel Strike+1","Cleave","Limit Break+1","Wild Strike+1","Clash","Inflame","Body Slam","Shrug It Off+1","Intimidate","Heavy Blade","Fire Breathing","Flex+1","Whirlwind"],"relics":["Burning Blood","Golden Idol","Meat on the Bone","Kunai","Mark of Pain","Ginger","Sundial"],"potions_floor_usage":[7,16,18,21,24,30,30,31],"damage_taken":[{"damage":9,"enemies":"Jaw Worm","floor":1,"turns":5},{"damage":2,"enemies":"Small Slimes","floor":2,"turns":3},{"damage":0,"enemies":"Cultist","floor":3,"turns":2},{"damage":12,"enemies":"Large Slime","floor":4,"turns":5},{"damage":38,"enemies":"Lagavulin","floor":7,"turns":6},{"damage":25,"enemies":"Exordium Thugs","floor":14,"turns":3},{"damage":51,"enemies":"The Guardian","floor":16,"turns":9},{"damage":14,"enemies":"Chosen","floor":18,"turns":5},{"damage":18,"enemies":"3 Byrds","floor":19,"turns":5},{"damage":26,"enemies":"Snecko","floor":21,"turns":4},{"damage":35,"enemies":"3 Cultists","floor":22,"turns":5},{"damage":23,"enemies":"Cultist and Chosen","floor":24,"turns":6},{"damage":22,"enemies":"Centurion and Healer","floor":28,"turns":4},{"damage":34,"enemies":"Snecko","floor":29,"turns":6},{"damage":19,"enemies":"Chosen and Byrds","floor":30,"turns":5},{"damage":32,"enemies":"Snake Plant","floor":31,"turns":3},{"damage":45,"enemies":"Collector","floor":33,"turns":6}],"seed_played":"7493083199726471959","potions_obtained":[{"floor":2,"key":"Dexterity Potion"},{"floor":4,"key":"SpeedPotion"},{"floor":16,"key":"Poison Potion"},{"floor":19,"key":"LiquidBronze"},{"floor":22,"key":"PowerPotion"},{"floor":28,"key":"BloodPotion"},{"floor":29,"key":"Fire Potion"},{"floor":30,"key":"Swift Potion"}],"is_trial":false,"path_per_floor":["M","M","M","M","$","?","E","R","T","T","R","?","R","M","R","B",null,"M","M","$","M","M","R","M","R","T","R","M","M","M","M","R","B"],"character_chosen":"IRONCLAD","items_purchased":["Flex","Inflame","Ginger","Inflame"],"campfire_rested":5,"item_purchase_floors":[5,5,20,20],"current_hp_per_floor":[69,72,72,66,66,66,34,55,55,55,55,44,44,37,58,25,72,64,52,52,44,27,27,22,43,43,64,48,32,38,24,45,0],"gold":162,"neow_bonus":"RANDOM_COLORLESS_2","is_prod":false,"is_daily":false,"chose_seed":false,"campfire_upgraded":3,"win_rate":0,"timestamp":1553586266,"path_taken":["M","M","M","M","$","?","E","R","T","?","R","?","R","M","R","BOSS","M","M","$","M","M","R","M","R","T","R","M","M","M","M","R","BOSS"],"build_version":"2019-01-23","purchased_purges":0,"victory":false,"max_hp_per_floor":[72,72,72,72,72,72,72,72,72,72,72,72,72,72,72,72,72,72,72,72,72,72,72,72,72,72,72,72,72,72,72,72,72],"card_choices":[{"not_picked":["Headbutt","Burning Pact"],"picked":"Clash","floor":1},{"not_picked":["True Grit","Hemokinesis"],"picked":"Sword Boomerang","floor":2},{"not_picked":["Body Slam","Clothesline"],"picked":"Perfected Strike","floor":3},{"not_picked":["Wild Strike","Sentinel"],"picked":"Pommel Strike","floor":4},{"not_picked":["Uppercut","Disarm"],"picked":"Pommel Strike","floor":7},{"not_picked":["Corruption","Heavy Blade"],"picked":"Cleave","floor":14},{"not_picked":["Impervious","Offering"],"picked":"Limit Break","floor":16},{"not_picked":["Twin Strike","Reckless Charge"],"picked":"Wild Strike+1","floor":18},{"not_picked":["True Grit","Body Slam"],"picked":"Clash","floor":19},{"not_picked":["Headbutt","Combust"],"picked":"Body Slam","floor":21},{"not_picked":["Body Slam","Sword Boomerang"],"picked":"Shrug It Off+1","floor":22},{"not_picked":["Sword Boomerang","Rupture"],"picked":"Intimidate","floor":24},{"not_picked":["Fiend Fire","Clothesline"],"picked":"Heavy Blade","floor":28},{"not_picked":["Shockwave+1","Havoc"],"picked":"Fire Breathing","floor":29},{"not_picked":["Intimidate+1","Inflame"],"picked":"Flex+1","floor":30},{"not_picked":["Rupture","Havoc"],"picked":"Whirlwind","floor":31}],"player_experience":182591,"relics_obtained":[{"floor":7,"key":"Meat on the Bone"},{"floor":9,"key":"Kunai"},{"floor":26,"key":"Sundial"}],"event_choices":[{"damage_healed":0,"gold_gain":0,"player_choice":"Take Wound","damage_taken":0,"relics_obtained":["Golden Idol"],"max_hp_gain":0,"max_hp_loss":0,"event_name":"Golden Idol","floor":6,"gold_loss":0,"cards_obtained":["Injury"]},{"damage_healed":0,"gold_gain":75,"player_choice":"Gather Gold","damage_taken":11,"max_hp_gain":0,"max_hp_loss":0,"event_name":"World of Goop","floor":12,"gold_loss":0}],"is_beta":false,"boss_relics":[{"not_picked":["Coffee Dripper","Runic Dome"],"picked":"Mark of Pain"}],"items_purged_floors":[],"is_endless":false,"potions_floor_spawned":[2,4,16,19,22,28,29,30],"killed_by":"Collector","ascension_level":0}