{"gold_per_floor":[362,375,75,88,107,107,127,97,151,151,180,180,198,198,198,298,298,317,337,337,64,83,83,83,115,145,145],"floor_reached":27,"playtime":1303,"items_purged":[],"score":303,"play_id":"a224eb3b-c1ba-4d99-8fd7-fb7d52c98164","local_time":"20190519152848","is_ascension_mode":true,"campfire_choices":[{"data":"Neutralize","floor":6,"key":"SMITH"},{"floor":10,"key":"REST"},{"data":"Bouncing Flask","floor":12,"key":"SMITH"},{"floor":15,"key":"REST"},{"floor":23,"key":"REST"}],"neow_cost":"TEN_PERCENT_HP_LOSS","seed_source_timestamp":12130905248579,"circlet_count":0,"master_deck":["Defend_G","Defend_G","Defend_G","Defend_G","Defend_G","Strike_G","Strike_G","Strike_G","Survivor","Neutralize+1","Deadly Poison","Dagger Throw","Leg Sweep","Caltrops","Backflip","Bouncing Flask+1","Acrobatics","Tools of the Trade","Deflect","Infinite Blades","Masterful Stab","Venomology","Dagger Spray","Prepared","Noxious Fumes","Quick Slash","Dash+1","Tools of the Trade","Distraction","A Thousand Cuts"],"relics":["Ring of the Snake","Omamori","Orichalcum","Meat on the Bone","Black Star","Vajra","Regal Pillow","Bronze Scales","Tiny Chest"],"potions_floor_usage":[16,16,18,19,25,25,25,25,25,27],"damage_taken":[{"damage":2,"enemies":"Cultist","floor":1,"turns":4},{"damage":4,"enemies":"Jaw Worm","floor":2,"turns":4},{"damage":2,"enemies":"2 Louse","floor":4,"turns":3},{"damage":7,"enemies":"2 Fungi Beasts","floor":5,"turns":4},{"damage":21,"enemies":"Large Slime","floor":7,"turns":7},{"damage":9,"enemies":"Looter","floor":8,"turns":4},{"damage":18,"enemies":"Gremlin Nob","floor":11,"turns":5},{"damage":0,"enemies":"Exordium Wildlife","floor":13,"turns":4},{"damage":26,"enemies":"The Guardian","floor":16,"turns":8},{"damage":17,"enemies":"Shell Parasite","floor":18,"turns":12},{"damage":7,"enemies":"Spheric Guardian","floor":19,"turns":4},{"damage":24,"enemies":"Snake Plant","floor":22,"turns":5},{"damage":33,"enemies":"Gremlin Leader","floor":25,"turns":8},{"damage":25,"enemies":"Sentry and Sphere","floor":27,"turns":4}],"seed_played":"-4630440812975787962","potions_obtained":[{"floor":2,"key":"EssenceOfSteel"},{"floor":5,"key":"Swift Potion"},{"floor":13,"key":"SkillPotion"},{"floor":14,"key":"Energy Potion"},{"floor":16,"key":"Weak Potion"},{"floor":19,"key":"FairyPotion"},{"floor":22,"key":"EntropicBrew"}],"is_trial":false,"path_per_floor":["M","M","$","M","M","R","M","M","T","R","E","R","M","?","R","B",null,"M","M","?","$","M","R","?","E","T","M"],"character_chosen":"THE_SILENT","items_purchased":["Leg Sweep","Caltrops","Backflip","Omamori","Noxious Fumes","Vajra","Quick Slash"],"campfire_rested":3,"item_purchase_floors":[3,3,3,3,21,21,21],"current_hp_per_floor":[61,57,57,55,48,48,27,18,18,36,18,18,30,30,48,34,56,39,32,32,32,20,38,38,17,17,0],"gold":145,"neow_bonus":"TWO_FIFTY_GOLD","is_prod":false,"is_daily":false,"chose_seed":false,"campfire_upgraded":2,"win_rate":0,"timestamp":1558243728,"path_taken":["M","?","$","M","M","R","M","?","T","R","E","R","M","?","R","BOSS","M","M","?","$","M","R","?","E","T","M"],"build_version":"2019-01-23","purchased_purges":0,"victory":false,"max_hp_per_floor":[63,63,63,63,63,63,63,63,63,63,63,63,63,63,63,63,63,63,63,63,63,63,63,63,63,63,63],"card_choices":[{"not_picked":["Outmaneuver","Underhanded Strike"],"picked":"Deadly Poison","floor":1},{"not_picked":["Cloak And Dagger","Escape Plan"],"picked":"Dagger Throw","floor":2},{"not_picked":["Well Laid Plans","Blur"],"picked":"Bouncing Flask","floor":4},{"not_picked":["Reflex","Calculated Gamble"],"picked":"Acrobatics","floor":5},{"not_picked":["Deflect","Acrobatics"],"picked":"Tools of the Trade","floor":7},{"not_picked":["Caltrops","Skewer"],"picked":"Deflect","floor":8},{"not_picked":["Backflip","Riddle With Holes"],"picked":"Infinite Blades","floor":11},{"not_picked":["Quick Slash","Backflip"],"picked":"Masterful Stab","floor":13},{"not_picked":["Bullet Time","Glass Knife"],"picked":"Venomology","floor":16},{"not_picked":["Sucker Punch","Outmaneuver"],"picked":"Dagger Spray","floor":18},{"not_picked":["Prepared","Calculated Gamble+1","Slice"],"picked":"SKIP","floor":19},{"not_picked":["Calculated Gamble+1","Slice"],"picked":"Prepared","floor":19},{"not_picked":["Sucker Punch","PiercingWail+1"],"picked":"Dash+1","floor":22},{"not_picked":["Dagger Spray","Sucker Punch"],"picked":"A Thousand Cuts","floor":25}],"player_experience":653601,"relics_obtained":[{"floor":9,"key":"Orichalcum"},{"floor":11,"key":"Meat on the Bone"},{"floor":25,"key":"Regal Pillow"},{"floor":25,"key":"Bronze Scales"},{"floor":26,"key":"Tiny Chest"}],"event_choices":[{"damage_healed":0,"gold_gain":0,"player_choice":"Got Potions","damage_taken":0,"max_hp_gain":0,"max_hp_loss":0,"event_name":"Lab","floor":14,"gold_loss":0},{"damage_healed":0,"gold_gain":0,"player_choice":"Ignored","damage_taken":0,"max_hp_gain":0,"max_hp_loss":0,"event_name":"Vampires","floor":20,"gold_loss":0},{"damage_healed":0,"gold_gain":0,"cards_transformed":["Strike_G","Strike_G"],"player_choice":"Became Test Subject","damage_taken":0,"max_hp_gain":0,"max_hp_loss":0,"event_name":"Drug Dealer","floor":24,"gold_loss":0,"cards_obtained":["Tools of the Trade","Distraction"]}],"is_beta":false,"boss_relics":[{"not_picked":["Velvet Choker","Sozu"],"picked":"Black Star"}],"items_purged_floors":[],"is_endless":false,"potions_floor_spawned":[2,5,13,16,19,22],"killed_by":"Sentry and Sphere","ascension_level":6}