{"gold_per_floor":[112,131,206,64,84,84,119,131,143,155,182,212,302,328,340,451,463,463,463,57,57,57,57,57,57,57,57,57,57,7,7,7,7,7,7,7,7,7,7,7,7,7,7,7,7,7,7,7,7,7],"floor_reached":51,"playtime":4267,"items_purged":[],"score":904,"play_id":"b47eb2ff-1dcd-4fe6-9c13-698279a8b956","local_time":"20190524211556","is_ascension_mode":true,"campfire_choices":[{"data":"Darkness","floor":6,"key":"SMITH"},{"floor":8,"key":"REST"},{"floor":10,"key":"REST"},{"data":"Streamline","floor":15,"key":"SMITH"},{"data":"Double Energy","floor":23,"key":"SMITH"},{"floor":25,"key":"REST"},{"floor":32,"key":"REST"},{"floor":40,"key":"REST"},{"floor":44,"key":"REST"},{"floor":49,"key":"REST"}],"neow_cost":"NONE","seed_source_timestamp":13015124579396,"circlet_count":0,"master_deck":["Strike_B","Strike_B","Strike_B","Defend_B","Defend_B","Defend_B","Defend_B","Zap","Dualcast","Fission","Leap","BootSequence","Darkness+1","Compile Driver","Go for the Eyes","Reinforced Body","Streamline+1","Leap","White Noise","Double Energy+1","Echo Form","Cold Snap","Stack+1","Undo","Coolheaded","Redo+1","Hologram","Ball Lightning","Electrodynamics","Capacitor+1","Steam Power+1","Aggregate+1","Parasite","Heatsinks+1","Consume+1","Redo+1","Tempest","Defragment+1"],"relics":["Cracked Core","MawBank","Shuriken","Pear","Ectoplasm","DataDisk","Bottled Flame","Bottled Tornado","Ginger","Fusion Hammer","NlothsMask","Pantograph"],"potions_floor_usage":[16,29,33,46,50,50,50],"damage_taken":[{"damage":1,"enemies":"Cultist","floor":1,"turns":3},{"damage":0,"enemies":"2 Louse","floor":2,"turns":2},{"damage":2,"enemies":"Jaw Worm","floor":5,"turns":4},{"damage":37,"enemies":"Lagavulin","floor":7,"turns":8},{"damage":12,"enemies":"Lots of Slimes","floor":11,"turns":4},{"damage":0,"enemies":"Red Slaver","floor":12,"turns":5},{"damage":0,"enemies":"2 Fungi Beasts","floor":14,"turns":3},{"damage":26,"enemies":"Hexaghost","floor":16,"turns":11},{"damage":18,"enemies":"Spheric Guardian","floor":18,"turns":6},{"damage":0,"enemies":"Chosen","floor":19,"turns":4},{"damage":27,"enemies":"Snake Plant","floor":24,"turns":5},{"damage":10,"enemies":"Centurion and Healer","floor":27,"turns":7},{"damage":14,"enemies":"3 Cultists","floor":28,"turns":4},{"damage":4,"enemies":"Book of Stabbing","floor":29,"turns":5},{"damage":15,"enemies":"Collector","floor":33,"turns":13},{"damage":2,"enemies":"3 Shapes","floor":35,"turns":4},{"damage":21,"enemies":"3 Darklings","floor":36,"turns":5},{"damage":14,"enemies":"Jaw Worm Horde","floor":39,"turns":5},{"damage":9,"enemies":"Writhing Mass","floor":42,"turns":6},{"damage":16,"enemies":"3 Darklings","floor":45,"turns":4},{"damage":8,"enemies":"Spire Growth","floor":46,"turns":5},{"damage":0,"enemies":"Nemesis","floor":47,"turns":7},{"damage":4,"enemies":"Maw","floor":48,"turns":5},{"damage":60,"enemies":"Time Eater","floor":50,"turns":11}],"seed_played":"8438601343548431867","potions_obtained":[{"floor":7,"key":"GamblersBrew"},{"floor":12,"key":"LiquidBronze"},{"floor":16,"key":"SkillPotion"},{"floor":18,"key":"Energy Potion"},{"floor":33,"key":"Dexterity Potion"},{"floor":35,"key":"FearPotion"},{"floor":39,"key":"FocusPotion"},{"floor":47,"key":"Dexterity Potion"}],"is_trial":false,"path_per_floor":["M","M","?","$","M","R","E","R","T","R","M","M","T","M","R","B",null,"M","M","$","?","?","R","M","R","T","M","M","E","$","?","R","B",null,"M","M","?","?","M","R","?","M","T","R","M","M","E","M","R","B",null],"character_chosen":"DEFECT","items_purchased":["Darkness","Compile Driver","Go for the Eyes","DataDisk","Bottled Flame","Ball Lightning"],"campfire_rested":7,"item_purchase_floors":[4,4,4,20,20,30],"current_hp_per_floor":[67,67,56,56,54,54,17,39,39,61,49,49,59,59,59,33,72,54,54,54,54,54,54,27,52,52,42,28,24,24,24,49,34,72,70,49,49,49,35,60,60,51,51,76,60,52,52,48,73,25],"gold":7,"neow_bonus":"ONE_RANDOM_RARE_CARD","is_prod":false,"is_daily":false,"chose_seed":false,"campfire_upgraded":3,"win_rate":0,"timestamp":1558696556,"path_taken":["M","?","?","$","M","R","E","R","T","R","M","M","?","?","R","BOSS","M","M","$","?","?","R","M","R","T","M","M","E","$","?","R","BOSS","M","M","?","?","?","R","?","?","T","R","M","M","E","M","R","BOSS"],"build_version":"2019-01-23","purchased_purges":0,"victory":true,"max_hp_per_floor":[75,75,75,75,75,75,75,75,75,75,75,75,85,85,85,85,85,85,85,85,85,85,85,85,85,85,85,85,85,85,85,85,85,85,85,85,85,85,85,85,85,85,85,85,85,85,85,85,85,85],"card_choices":[{"not_picked":["Barrage","Hologram"],"picked":"Leap","floor":1},{"not_picked":["Coolheaded","Genetic Algorithm"],"picked":"BootSequence","floor":2},{"not_picked":["Force Field","Coolheaded"],"picked":"Reinforced Body","floor":5},{"not_picked":["Coolheaded","Gash"],"picked":"Streamline","floor":7},{"not_picked":["Fission","Streamline"],"picked":"Leap","floor":11},{"not_picked":["Defragment","Barrage"],"picked":"White Noise","floor":12},{"not_picked":["Cold Snap","Gash"],"picked":"Double Energy","floor":14},{"not_picked":["Buffer","Biased Cognition"],"picked":"Echo Form","floor":16},{"not_picked":["Go for the Eyes","Skim"],"picked":"Cold Snap","floor":18},{"not_picked":["Turbo","Streamline"],"picked":"Stack+1","floor":19},{"not_picked":["Chill","Skim"],"picked":"Undo","floor":24},{"not_picked":["Blizzard","Chaos"],"picked":"Coolheaded","floor":27},{"not_picked":["Creative AI","Beam Cell+1"],"picked":"Redo+1","floor":28},{"not_picked":["Auto Shields","BootSequence"],"picked":"Hologram","floor":29},{"not_picked":["Amplify","Rainbow"],"picked":"Electrodynamics","floor":33},{"not_picked":["Leap","Hologram"],"picked":"Capacitor+1","floor":35},{"not_picked":["Scrape+1","Redo"],"picked":"Steam Power+1","floor":36},{"not_picked":["Coolheaded+1","Rebound+1"],"picked":"Aggregate+1","floor":39},{"not_picked":["Loop","Cold Snap+1"],"picked":"Heatsinks+1","floor":42},{"not_picked":["Doom and Gloom","Stack+1"],"picked":"Consume+1","floor":45},{"not_picked":["Coolheaded+1","Electrodynamics"],"picked":"Redo+1","floor":46},{"not_picked":["Leap","Darkness"],"picked":"Tempest","floor":47},{"not_picked":["Scrape+1","Redo"],"picked":"Defragment+1","floor":48}],"player_experience":721643,"relics_obtained":[{"floor":7,"key":"MawBank"},{"floor":9,"key":"Shuriken"},{"floor":13,"key":"Pear"},{"floor":26,"key":"Bottled Tornado"},{"floor":29,"key":"Ginger"},{"floor":47,"key":"Pantograph"}],"event_choices":[{"damage_healed":0,"gold_gain":75,"player_choice":"Gather Gold","damage_taken":11,"max_hp_gain":0,"max_hp_loss":0,"event_name":"World of Goop","floor":3,"gold_loss":0},{"damage_healed":0,"gold_gain":0,"player_choice":"Ignored","damage_taken":0,"max_hp_gain":0,"max_hp_loss":0,"event_name":"Vampires","floor":21,"gold_loss":0},{"damage_healed":0,"gold_gain":0,"player_choice":"Ignored","damage_taken":0,"max_hp_gain":0,"max_hp_loss":0,"event_name":"Ghosts","floor":22,"gold_loss":0},{"damage_healed":0,"gold_gain":0,"player_choice":"Ignored","damage_taken":0,"max_hp_gain":0,"max_hp_loss":0,"event_name":"Beggar","floor":31,"gold_loss":0},{"cards_removed":["Strike_B"],"damage_healed":0,"gold_gain":0,"player_choice":"Removed Attack","damage_taken":0,"max_hp_gain":0,"max_hp_loss":0,"event_name":"Falling","floor":37,"gold_loss":0},{"damage_healed":0,"gold_gain":0,"player_choice":"Trade","damage_taken":0,"relics_obtained":["NlothsMask"],"max_hp_gain":0,"max_hp_loss":0,"event_name":"FaceTrader","floor":38,"gold_loss":0},{"damage_healed":0,"gold_gain":0,"player_choice":"Got Potions","damage_taken":0,"max_hp_gain":0,"max_hp_loss":0,"event_name":"Lab","floor":41,"gold_loss":0}],"is_beta":false,"boss_relics":[{"not_picked":["Runic Pyramid","Tiny House"],"picked":"Ectoplasm"},{"not_picked":["Runic Dome","Coffee Dripper"],"picked":"Fusion Hammer"}],"items_purged_floors":[],"is_endless":false,"potions_floor_spawned":[7,12,16,18,19,33,35,39,47,48],"ascension_level":6}