{"gold_per_floor":[115,115,115,132,152,152,187,187,212,212,242,242,261,280,280,354,354,372,387,0,10,27,27,27,27,27,47,58,86,86,105,105,105],"floor_reached":33,"playtime":8383,"items_purged":["Pain"],"score":474,"play_id":"74ec76e4-4edd-4b74-9146-196d9a37772e","local_time":"20190709171900","is_ascension_mode":true,"campfire_choices":[{"data":"Cleave","floor":6,"key":"SMITH"},{"data":"Bash","floor":8,"key":"SMITH"},{"floor":10,"key":"REST"},{"data":"Flame Barrier","floor":15,"key":"SMITH"},{"floor":23,"key":"REST"},{"data":"Demon Form","floor":25,"key":"SMITH"},{"floor":30,"key":"REST"},{"floor":32,"key":"REST"}],"neow_cost":"NONE","seed_source_timestamp":50534250972339,"circlet_count":0,"master_deck":["AscendersBane","Strike_R","Strike_R","Strike_R","Strike_R","Defend_R","Defend_R","Defend_R","Defend_R","Bash+1","Shrug It Off","Second Wind","Heavy Blade","Cleave+1","Headbutt","Carnage","Wild Strike","Flame Barrier+1","Seeing Red","Demon Form+1","Armaments","Feel No Pain","Battle Trance","Battle Trance+1","Evolve","Feel No Pain","Inflame","True Grit","Limit Break","Sentinel","Pommel Strike+1","Sentinel"],"relics":["Burning Blood","Centennial Puzzle","Lantern","Dream Catcher","Bottled Lightning","WarpedTongs","Velvet Choker","Medical Kit","The Courier","Kunai"],"potions_floor_usage":[11,11,16,21],"damage_taken":[{"damage":10,"enemies":"Small Slimes","floor":1,"turns":3},{"damage":0,"enemies":"2 Louse","floor":4,"turns":3},{"damage":7,"enemies":"Jaw Worm","floor":5,"turns":3},{"damage":27,"enemies":"3 Sentries","floor":7,"turns":8},{"damage":20,"enemies":"Gremlin Nob","floor":11,"turns":4},{"damage":7,"enemies":"Gremlin Gang","floor":13,"turns":3},{"damage":2,"enemies":"Blue Slaver","floor":14,"turns":4},{"damage":59,"enemies":"Hexaghost","floor":16,"turns":13},{"damage":11,"enemies":"Shell Parasite","floor":18,"turns":5},{"damage":8,"enemies":"Spheric Guardian","floor":19,"turns":3},{"damage":14,"enemies":"3 Cultists","floor":21,"turns":4},{"damage":8,"enemies":"Centurion and Healer","floor":22,"turns":6},{"damage":0,"enemies":"Chosen and Byrds","floor":27,"turns":5},{"damage":4,"enemies":"Cultist and Chosen","floor":28,"turns":4},{"damage":51,"enemies":"Slavers","floor":29,"turns":6},{"damage":22,"enemies":"Snake Plant","floor":31,"turns":5},{"damage":66,"enemies":"Automaton","floor":33,"turns":8}],"seed_played":"-5134664956948664809","potions_obtained":[{"floor":4,"key":"Poison Potion"},{"floor":5,"key":"Strength Potion"},{"floor":14,"key":"Weak Potion"},{"floor":19,"key":"AttackPotion"},{"floor":29,"key":"Block Potion"},{"floor":31,"key":"AttackPotion"}],"is_trial":false,"path_per_floor":["M","?","?","M","M","R","E","R","T","R","E","?","M","M","R","B",null,"M","M","$","M","M","R","?","R","T","M","M","E","R","M","R","B"],"character_chosen":"IRONCLAD","items_purchased":["Medical Kit","Feel No Pain","Battle Trance"],"campfire_rested":4,"item_purchase_floors":[20,20,20],"current_hp_per_floor":[71,64,64,70,69,69,48,48,48,72,58,58,57,61,61,8,64,59,57,57,49,47,71,71,71,71,77,79,34,58,42,66,0],"gold":105,"neow_bonus":"TEN_PERCENT_HP_BONUS","is_prod":false,"is_daily":false,"chose_seed":false,"campfire_upgraded":4,"win_rate":0,"timestamp":1562656740,"path_taken":["M","?","?","?","?","R","E","R","T","R","E","?","M","?","R","BOSS","M","M","$","M","M","R","?","R","T","M","M","E","R","M","R","BOSS"],"build_version":"2019-07-05","purchased_purges":1,"victory":false,"max_hp_per_floor":[82,82,82,82,82,82,82,82,82,82,82,82,82,82,82,82,82,82,82,82,82,82,82,82,82,82,82,82,82,82,82,82,82],"card_choices":[{"not_picked":["Warcry","Entrench"],"picked":"Shrug It Off","floor":1},{"not_picked":["Anger","Disarm"],"picked":"Heavy Blade","floor":4},{"not_picked":["Clash","Infernal Blade"],"picked":"Cleave","floor":5},{"not_picked":["Warcry","Seeing Red"],"picked":"Headbutt","floor":7},{"not_picked":["Disarm","Clash"],"picked":"Carnage","floor":10},{"not_picked":["Combust","True Grit"],"picked":"Wild Strike","floor":11},{"not_picked":["Second Wind","Dropkick"],"picked":"Flame Barrier","floor":13},{"not_picked":["Warcry","Cleave"],"picked":"Seeing Red","floor":14},{"not_picked":["Impervious","Bludgeon"],"picked":"Demon Form","floor":16},{"not_picked":["Warcry","Rage","Headbutt"],"picked":"SKIP","floor":18},{"not_picked":["Clothesline","Sword Boomerang"],"picked":"Armaments","floor":19},{"not_picked":["Cleave","Immolate"],"picked":"Battle Trance+1","floor":21},{"not_picked":["Metallicize","Warcry","Fire Breathing"],"picked":"SKIP","floor":22},{"not_picked":["Cleave","Clothesline"],"picked":"Evolve","floor":23},{"not_picked":["Sever Soul","Disarm"],"picked":"Inflame","floor":27},{"not_picked":["Flex","Headbutt"],"picked":"True Grit","floor":28},{"not_picked":["Ghostly Armor","True Grit"],"picked":"Limit Break","floor":29},{"not_picked":["Cleave+1","True Grit"],"picked":"Sentinel","floor":30},{"not_picked":["Perfected Strike","Disarm"],"picked":"Pommel Strike+1","floor":31},{"not_picked":["Clash","Carnage"],"picked":"Sentinel","floor":32}],"player_experience":962902,"relics_obtained":[{"floor":7,"key":"Lantern"},{"floor":9,"key":"Dream Catcher"},{"floor":11,"key":"Bottled Lightning"},{"floor":26,"key":"The Courier"},{"floor":29,"key":"Kunai"}],"event_choices":[{"damage_healed":0,"gold_gain":0,"player_choice":"Success","damage_taken":7,"relics_obtained":["Centennial Puzzle"],"max_hp_gain":0,"max_hp_loss":0,"event_name":"Scrap Ooze","floor":2,"gold_loss":0},{"damage_healed":0,"gold_gain":0,"cards_transformed":["Strike_R"],"player_choice":"Change","damage_taken":0,"max_hp_gain":0,"max_hp_loss":0,"event_name":"Living Wall","floor":3,"gold_loss":0,"cards_obtained":["Second Wind"]},{"damage_healed":0,"gold_gain":0,"player_choice":"Rummage","damage_taken":0,"relics_obtained":["WarpedTongs"],"max_hp_gain":0,"max_hp_loss":0,"event_name":"Accursed Blacksmith","floor":12,"gold_loss":0,"cards_obtained":["Pain"]},{"damage_healed":0,"gold_gain":0,"player_choice":"Copied","damage_taken":0,"max_hp_gain":0,"max_hp_loss":0,"event_name":"Duplicator","floor":24,"gold_loss":0,"cards_obtained":["Feel No Pain"]}],"is_beta":false,"boss_relics":[{"not_picked":["Calling Bell","Runic Dome"],"picked":"Velvet Choker"}],"items_purged_floors":[20],"is_endless":false,"potions_floor_spawned":[4,5,14,19,29,31],"killed_by":"Automaton","ascension_level":14}