{"gold_per_floor":[114,129,58,58,73,103,54,84,109,139,139,214,214,55,55,155,155,170,270,285,285,300,330,330,345,345,345,4,4,19,34,34,134,134,161,188,215,4,19,19,34,34,84,84,184,184,184,199,199,199],"floor_reached":50,"playtime":2668,"items_purged":[],"score":530,"play_id":"99496fed-eb18-4398-a5ce-eb06e105f40b","local_time":"20190422024028","daily_mods":["Draft","Green Cards","DeadlyEvents"],"is_ascension_mode":false,"campfire_choices":[{"data":"Phantasmal Killer","floor":11,"key":"SMITH"},{"data":"Entrench","floor":13,"key":"SMITH"},{"data":"Infinite Blades","floor":15,"key":"SMITH"},{"floor":24,"key":"REST"},{"data":"Envenom","floor":27,"key":"SMITH"},{"data":"Fire Breathing","floor":29,"key":"SMITH"},{"floor":32,"key":"REST"},{"data":"Inflame","floor":40,"key":"SMITH"},{"floor":42,"key":"REST"},{"data":"Well Laid Plans","floor":44,"key":"SMITH"},{"floor":47,"key":"REST"},{"data":"A Thousand Cuts","floor":49,"key":"SMITH"}],"neow_cost":"","seed_source_timestamp":35120997303329,"circlet_count":0,"master_deck":["Escape Plan","Deadly Poison","Quick Slash","Bane","Deflect","Whirlwind","Poisoned Stab","Choke","Iron Wave","Power Through","Prepared","Twin Strike","Backstab","Dodge and Roll","Entrench+1","Rampage","Evolve","Cloak And Dagger","Feel No Pain","Quick Slash","Infernal Blade","Phantasmal Killer+1","Dark Shackles","Infinite Blades+1","Envenom+1","Dagger Spray","Dagger Throw","Cleave+1","J.A.X.","Fire Breathing+1","Entrench+1","Shrug It Off","Well Laid Plans+1","Backflip+1","Dual Wield+1","Hemokinesis+1","A Thousand Cuts+1","Normality","Clumsy","Writhe","Armaments+1","Setup+1","Inflame+1","Flex+1","Bloodletting+1","Noxious Fumes","Body Slam+1","Clothesline+1","Power Through+1"],"special_seed":18007,"relics":["Burning Blood","Bag of Marbles","Letter Opener","Bronze Scales","Blood Vial","Runic Dome","Ice Cream","Blue Candle","Matryoshka","Question Card","Ornamental Fan","Toxic Egg 2","Calling Bell","MawBank","The Courier","Ginger","Vajra","Dream Catcher","Lantern","Gambling Chip"],"potions_floor_usage":[19,19,22,23,25,33,39,50],"damage_taken":[{"damage":0,"enemies":"Cultist","floor":1,"turns":2},{"damage":0,"enemies":"2 Louse","floor":2,"turns":1},{"damage":0,"enemies":"Small Slimes","floor":5,"turns":2},{"damage":23,"enemies":"Lagavulin","floor":6,"turns":6},{"damage":5,"enemies":"3 Sentries","floor":8,"turns":7},{"damage":0,"enemies":"Gremlin Nob","floor":10,"turns":3},{"damage":10,"enemies":"Slime Boss","floor":16,"turns":10},{"damage":0,"enemies":"Spheric Guardian","floor":18,"turns":3},{"damage":7,"enemies":"Colosseum Slavers","floor":19,"turns":3},{"damage":7,"enemies":"Colosseum Nobs","floor":19,"turns":5},{"damage":4,"enemies":"Shell Parasite","floor":20,"turns":4},{"damage":27,"enemies":"Shelled Parasite and Fungi","floor":22,"turns":3},{"damage":28,"enemies":"Slavers","floor":23,"turns":4},{"damage":10,"enemies":"Snake Plant","floor":25,"turns":3},{"damage":9,"enemies":"Snecko","floor":30,"turns":4},{"damage":19,"enemies":"Shelled Parasite and Fungi","floor":31,"turns":4},{"damage":22,"enemies":"Collector","floor":33,"turns":9},{"damage":25,"enemies":"3 Shapes","floor":35,"turns":3},{"damage":4,"enemies":"Orb Walker","floor":36,"turns":3},{"damage":14,"enemies":"Sphere and 2 Shapes","floor":37,"turns":4},{"damage":13,"enemies":"4 Shapes","floor":39,"turns":5},{"damage":22,"enemies":"Jaw Worm Horde","floor":41,"turns":4},{"damage":27,"enemies":"Mind Bloom Boss Battle","floor":45,"turns":6},{"damage":4,"enemies":"Transient","floor":48,"turns":5},{"damage":97,"enemies":"Time Eater","floor":50,"turns":7}],"seed_played":"5562409950653752880","potions_obtained":[{"floor":1,"key":"Explosive Potion"},{"floor":2,"key":"PowerPotion"},{"floor":4,"key":"FairyPotion"},{"floor":4,"key":"GamblersBrew"},{"floor":19,"key":"AttackPotion"},{"floor":20,"key":"Swift Potion"},{"floor":22,"key":"EssenceOfSteel"},{"floor":23,"key":"SkillPotion"},{"floor":33,"key":"EssenceOfSteel"},{"floor":39,"key":"SpeedPotion"},{"floor":41,"key":"Energy Potion"},{"floor":48,"key":"Strength Potion"}],"is_trial":false,"path_per_floor":["M","M","$","?","M","E","$","E","T","E","R","?","R","$","R","B",null,"M","?","M","?","M","E","R","M","T","R","$","R","M","M","R","B",null,"M","M","M","$","M","R","M","R","T","R","?","?","R","M","R","B"],"character_chosen":"IRONCLAD","items_purchased":["Evolve","Quick Slash","Dark Shackles","Infinite Blades","Toxic Egg 2","Well Laid Plans","Backflip+1","Inflame","Vajra","Flex+1"],"campfire_rested":4,"item_purchase_floors":[3,7,14,14,28,28,28,38,38,38],"current_hp_per_floor":[80,80,80,80,80,63,63,64,64,70,70,59,59,59,59,57,80,80,79,80,80,59,39,63,61,61,61,61,61,60,49,73,59,80,61,65,59,59,54,54,40,64,64,64,45,45,69,73,73,0],"gold":199,"neow_bonus":"","is_prod":false,"is_daily":true,"chose_seed":false,"campfire_upgraded":8,"win_rate":0,"timestamp":1555864828,"path_taken":["M","M","?","?","M","E","$","?","T","E","R","?","R","$","R","BOSS","M","?","M","?","M","E","R","M","T","R","?","R","M","M","R","BOSS","M","M","?","$","M","R","M","R","T","R","?","?","R","M","R","BOSS"],"build_version":"2019-01-23","purchased_purges":0,"victory":false,"max_hp_per_floor":[80,80,80,80,80,80,80,80,80,80,80,80,80,80,80,80,80,80,80,80,80,80,80,80,80,80,80,80,80,80,80,80,80,80,80,80,80,80,80,80,80,80,80,80,80,80,80,80,80,80],"card_choices":[{"not_picked":["Bouncing Flask","Havoc"],"picked":"Escape Plan","floor":0},{"not_picked":["Clash","Escape Plan"],"picked":"Deflect","floor":0},{"not_picked":["Terror","Blade Dance"],"picked":"Deadly Poison","floor":0},{"not_picked":["Dodge and Roll","Intimidate"],"picked":"Quick Slash","floor":0},{"not_picked":["Eviscerate","Outmaneuver"],"picked":"Bane","floor":0},{"not_picked":["Outmaneuver","Cleave"],"picked":"Deflect","floor":0},{"not_picked":["Clash","Dagger Spray"],"picked":"Whirlwind","floor":0},{"not_picked":["Sword Boomerang","Combust"],"picked":"Poisoned Stab","floor":0},{"not_picked":["Calculated Gamble","Deadly Poison"],"picked":"Choke","floor":0},{"not_picked":["Battle Trance","Warcry"],"picked":"Iron Wave","floor":0},{"not_picked":["Spot Weakness","Flex"],"picked":"Power Through","floor":0},{"not_picked":["Flying Knee","Slice"],"picked":"Prepared","floor":0},{"not_picked":["Finisher","Riddle With Holes"],"picked":"Twin Strike","floor":0},{"not_picked":["Burning Pact","Poisoned Stab"],"picked":"Backstab","floor":0},{"not_picked":["Dagger Spray","Backflip"],"picked":"Dodge and Roll","floor":0},{"not_picked":["Finisher","Crippling Poison"],"picked":"Entrench","floor":1},{"not_picked":["Rage","Deadly Poison"],"picked":"Rampage","floor":2},{"not_picked":["Crippling Poison","Dropkick"],"picked":"Cloak And Dagger","floor":5},{"not_picked":["Disarm","Sucker Punch"],"picked":"Feel No Pain","floor":6},{"not_picked":["Pommel Strike","Backstab"],"picked":"Infernal Blade","floor":8},{"not_picked":["Accuracy","Infernal Blade"],"picked":"Phantasmal Killer","floor":10},{"not_picked":["Double Tap","Brutality"],"picked":"Envenom","floor":16},{"not_picked":["Slice+1","Sucker Punch"],"picked":"Dagger Spray","floor":18},{"not_picked":["Bane","Slice"],"picked":"Dagger Throw","floor":19},{"not_picked":["Shrug It Off","Heavy Blade+1"],"picked":"Cleave+1","floor":20},{"not_picked":["Rampage","Sword Boomerang"],"picked":"Fire Breathing","floor":22},{"not_picked":["Evolve","Flechettes"],"picked":"Entrench+1","floor":23},{"not_picked":["Wraith Form v2","Underhanded Strike"],"picked":"Shrug It Off","floor":25},{"not_picked":["Accuracy","True Grit+1","Searing Blow"],"picked":"Dual Wield+1","floor":30},{"not_picked":["Havoc+1","Ghostly Armor+1","Heavy Blade"],"picked":"Hemokinesis+1","floor":31},{"not_picked":["Glass Knife","Immolate","Wraith Form v2"],"picked":"A Thousand Cuts","floor":33},{"not_picked":["Quick Slash","Hemokinesis","Entrench+1"],"picked":"Armaments+1","floor":35},{"not_picked":["Bullet Time+1","Dodge and Roll+1","Anger+1"],"picked":"Setup+1","floor":36},{"not_picked":["Dagger Spray+1","Terror+1","Eviscerate","Hemokinesis"],"picked":"SKIP","floor":37},{"not_picked":["Quick Slash+1","Blade Dance+1","Backflip+1"],"picked":"Bloodletting+1","floor":39},{"not_picked":["All Out Attack+1","Heavy Blade","Predator"],"picked":"Noxious Fumes","floor":41},{"not_picked":["Cleave+1","Bloodletting+1","Pommel Strike"],"picked":"Body Slam+1","floor":45},{"not_picked":["Dagger Throw+1","Die Die Die","Carnage+1"],"picked":"Clothesline+1","floor":47},{"not_picked":["Searing Blow","Uppercut","Havoc+1"],"picked":"Power Through+1","floor":48}],"player_experience":416744,"relics_obtained":[{"floor":6,"key":"Bag of Marbles"},{"floor":8,"key":"Letter Opener"},{"floor":9,"key":"Bronze Scales"},{"floor":10,"key":"Blood Vial"},{"floor":19,"key":"Ice Cream"},{"floor":19,"key":"Blue Candle"},{"floor":23,"key":"Matryoshka"},{"floor":26,"key":"Question Card"},{"floor":26,"key":"Ornamental Fan"},{"floor":34,"key":"MawBank"},{"floor":34,"key":"The Courier"},{"floor":34,"key":"Ginger"},{"floor":43,"key":"Dream Catcher"},{"floor":43,"key":"Lantern"},{"floor":45,"key":"Gambling Chip"}],"event_choices":[{"damage_healed":0,"gold_gain":0,"player_choice":"Got Potions","damage_taken":0,"max_hp_gain":0,"max_hp_loss":0,"event_name":"Lab","floor":4,"gold_loss":0},{"damage_healed":0,"gold_gain":75,"player_choice":"Gather Gold","damage_taken":11,"max_hp_gain":0,"max_hp_loss":0,"event_name":"World of Goop","floor":12,"gold_loss":0},{"damage_healed":0,"gold_gain":0,"player_choice":"Fight","damage_taken":0,"max_hp_gain":0,"max_hp_loss":0,"event_name":"Colosseum","floor":19,"gold_loss":0},{"damage_healed":0,"gold_gain":0,"player_choice":"Fought Nobs","damage_taken":0,"max_hp_gain":0,"max_hp_loss":0,"event_name":"Colosseum","floor":19,"gold_loss":0},{"damage_healed":0,"gold_gain":0,"player_choice":"Obtain J.A.X.","damage_taken":0,"max_hp_gain":0,"max_hp_loss":0,"event_name":"Drug Dealer","floor":21,"gold_loss":0,"cards_obtained":["J.A.X."]},{"damage_healed":0,"gold_gain":0,"player_choice":"Fight","damage_taken":0,"max_hp_gain":0,"max_hp_loss":0,"event_name":"MindBloom","floor":45,"gold_loss":0},{"cards_removed":["Deflect"],"damage_healed":0,"gold_gain":0,"player_choice":"Removed Skill","damage_taken":0,"max_hp_gain":0,"max_hp_loss":0,"event_name":"Falling","floor":46,"gold_loss":0}],"is_beta":false,"boss_relics":[{"not_picked":["Astrolabe","Snecko Eye"],"picked":"Runic Dome"},{"not_picked":["Black Star","Lizard Tail"],"picked":"Calling Bell"}],"items_purged_floors":[],"is_endless":false,"potions_floor_spawned":[1,2,5,10,16,19,20,22,23,33,39,41,48],"killed_by":"Time Eater","ascension_level":0}