{"gold_per_floor":[360,360,360,635,653,653,163,179,258,299,320,341,354,372,372,495,495,513,536,536,23,23,23,46,46,46,46,65,79,93,108,108,234,234,247,247,247,265,32,65,65],"floor_reached":41,"playtime":2306,"items_purged":["Regret","Writhe"],"score":625,"play_id":"f0ad29bb-20cf-448b-b036-8e5693648b9f","local_time":"20190420220601","is_ascension_mode":true,"campfire_choices":[{"data":"Dagger Spray","floor":6,"key":"SMITH"},{"floor":15,"key":"REST"},{"floor":23,"key":"REST"},{"floor":25,"key":"REST"},{"floor":27,"key":"REST"},{"floor":32,"key":"REST"}],"neow_cost":"CURSE","seed_source_timestamp":27589708952172,"circlet_count":0,"master_deck":["Defend_G","Defend_G","Defend_G","Defend_G","Defend_G","Strike_G","Strike_G+1","Strike_G+1","Strike_G","Survivor","Neutralize","Clumsy","Quick Slash","Injury","Wraith Form v2","Dagger Spray+1","Prepared","Acrobatics","Caltrops+1","Well Laid Plans+1","Calculated Gamble","Noxious Fumes+1","Die Die Die","Blade Dance","Catalyst","Catalyst+1","Quick Slash+1","Cloak And Dagger","Noxious Fumes+1","Quick Slash+1","Injury","Clumsy","Flechettes+1","Deadly Poison+1","Well Laid Plans+1","Accuracy+1","Parasite"],"relics":["Ring of the Snake","Golden Idol","Frozen Egg 2","Oddly Smooth Stone","Whetstone","WristBlade","Enchiridion","The Specimen","Strange Spoon","Ninja Scroll","Calling Bell","Regal Pillow","The Courier","Peace Pipe","Boot","Ornamental Fan"],"potions_floor_usage":[8,10,24,28,31,31,33,33,38],"damage_taken":[{"damage":0,"enemies":"2 Louse","floor":1,"turns":3},{"damage":0,"enemies":"Small Slimes","floor":5,"turns":4},{"damage":0,"enemies":"Cultist","floor":8,"turns":3},{"damage":44,"enemies":"Gremlin Nob","floor":10,"turns":7},{"damage":0,"enemies":"Large Slime","floor":11,"turns":7},{"damage":3,"enemies":"3 Louse","floor":12,"turns":3},{"damage":14,"enemies":"Red Slaver","floor":13,"turns":3},{"damage":6,"enemies":"Looter","floor":14,"turns":5},{"damage":30,"enemies":"The Guardian","floor":16,"turns":10},{"damage":11,"enemies":"3 Byrds","floor":18,"turns":4},{"damage":21,"enemies":"Shell Parasite","floor":19,"turns":8},{"damage":27,"enemies":"Sentry and Sphere","floor":24,"turns":6},{"damage":13,"enemies":"Snake Plant","floor":28,"turns":4},{"damage":25,"enemies":"3 Cultists","floor":29,"turns":5},{"damage":3,"enemies":"Centurion and Healer","floor":30,"turns":8},{"damage":3,"enemies":"Snake Plant","floor":31,"turns":3},{"damage":24,"enemies":"Champ","floor":33,"turns":5},{"damage":22,"enemies":"Orb Walker","floor":35,"turns":4},{"damage":38,"enemies":"3 Darklings","floor":38,"turns":4},{"damage":1,"enemies":"Giant Head","floor":40,"turns":6},{"damage":22,"enemies":"Writhing Mass","floor":41,"turns":3}],"seed_played":"-5169067203555140255","potions_obtained":[{"floor":5,"key":"SkillPotion"},{"floor":8,"key":"Regen Potion"},{"floor":14,"key":"SmokeBomb"},{"floor":22,"key":"GamblersBrew"},{"floor":22,"key":"Dexterity Potion"},{"floor":24,"key":"Strength Potion"},{"floor":28,"key":"SteroidPotion"},{"floor":29,"key":"Block Potion"},{"floor":30,"key":"GhostInAJar"},{"floor":31,"key":"Poison Potion"},{"floor":35,"key":"Explosive Potion"},{"floor":40,"key":"Dexterity Potion"}],"is_trial":false,"path_per_floor":["M","?","?","?","M","R","$","M","T","E","M","M","M","M","R","B",null,"M","M","?","$","?","R","M","R","T","R","M","M","M","M","R","B",null,"M","?","?","M","$","E","M"],"character_chosen":"THE_SILENT","items_purchased":["Frozen Egg 2","Oddly Smooth Stone","Prepared","The Specimen","Strange Spoon","Boot","Well Laid Plans+1"],"campfire_rested":5,"item_purchase_floors":[7,7,7,21,21,39,39],"current_hp_per_floor":[70,70,70,70,70,70,70,70,70,36,36,33,19,13,34,4,70,59,38,22,22,22,43,16,37,37,58,45,20,17,14,35,11,70,48,61,61,23,23,22,0],"gold":65,"neow_bonus":"TWO_FIFTY_GOLD","is_prod":false,"is_daily":false,"chose_seed":false,"campfire_upgraded":1,"win_rate":0,"timestamp":1555761961,"path_taken":["M","?","?","?","M","R","$","M","T","E","M","?","M","M","R","BOSS","M","M","?","$","?","R","M","R","T","R","?","M","M","M","R","BOSS","M","?","?","M","?","E","?"],"build_version":"2019-01-23","purchased_purges":2,"victory":false,"max_hp_per_floor":[70,70,70,70,70,70,70,70,70,70,70,70,70,70,70,70,70,70,70,70,70,70,70,70,70,70,70,70,70,70,70,70,70,70,70,61,61,61,61,61,61],"card_choices":[{"not_picked":["Finisher","Distraction"],"picked":"Quick Slash","floor":1},{"not_picked":["Deadly Poison","Dodge and Roll"],"picked":"Dagger Spray","floor":5},{"not_picked":["PiercingWail","Sucker Punch"],"picked":"Acrobatics","floor":8},{"not_picked":["Blade Dance","Finisher","Concentrate"],"picked":"SKIP","floor":10},{"not_picked":["Poisoned Stab","Predator"],"picked":"Caltrops+1","floor":11},{"not_picked":["Outmaneuver","Slice"],"picked":"Well Laid Plans+1","floor":12},{"not_picked":["Terror","Endless Agony"],"picked":"Calculated Gamble","floor":13},{"not_picked":["Glass Knife","Underhanded Strike"],"picked":"Noxious Fumes+1","floor":14},{"not_picked":["Burst","After Image+1"],"picked":"Die Die Die","floor":16},{"not_picked":["Slice","Acrobatics+1"],"picked":"Blade Dance","floor":18},{"not_picked":["Dash+1","Acrobatics"],"picked":"Catalyst","floor":19},{"not_picked":["Acrobatics","Sucker Punch"],"picked":"Catalyst+1","floor":24},{"not_picked":["Riddle With Holes","Heel Hook"],"picked":"Quick Slash+1","floor":28},{"not_picked":["Poisoned Stab","Flying Knee"],"picked":"Cloak And Dagger","floor":29},{"not_picked":["Venomology","Heel Hook"],"picked":"Noxious Fumes+1","floor":30},{"not_picked":["Slice","Riddle With Holes+1"],"picked":"Quick Slash+1","floor":31},{"not_picked":["Dagger Spray","All Out Attack+1"],"picked":"Flechettes+1","floor":35},{"not_picked":["Backflip+1","Poisoned Stab"],"picked":"Deadly Poison+1","floor":38},{"not_picked":["Skewer+1","Infinite Blades+1"],"picked":"Accuracy+1","floor":40}],"player_experience":358524,"relics_obtained":[{"floor":10,"key":"Whetstone"},{"floor":20,"key":"Enchiridion"},{"floor":26,"key":"Ninja Scroll"},{"floor":34,"key":"Regal Pillow"},{"floor":34,"key":"The Courier"},{"floor":34,"key":"Peace Pipe"},{"floor":40,"key":"Ornamental Fan"}],"event_choices":[{"damage_healed":0,"gold_gain":0,"player_choice":"Take Wound","damage_taken":0,"relics_obtained":["Golden Idol"],"max_hp_gain":0,"max_hp_loss":0,"event_name":"Golden Idol","floor":2,"gold_loss":0,"cards_obtained":["Injury"]},{"damage_healed":0,"gold_gain":0,"cards_transformed":["Strike_G"],"player_choice":"Change","damage_taken":0,"max_hp_gain":0,"max_hp_loss":0,"event_name":"Living Wall","floor":3,"gold_loss":0,"cards_obtained":["Wraith Form v2"]},{"damage_healed":0,"gold_gain":275,"player_choice":"Desecrate","damage_taken":0,"max_hp_gain":0,"max_hp_loss":0,"event_name":"Golden Shrine","floor":4,"gold_loss":0,"cards_obtained":["Regret"]},{"damage_healed":0,"gold_gain":0,"player_choice":"Obtained Book","damage_taken":16,"max_hp_gain":0,"max_hp_loss":0,"event_name":"Cursed Tome","floor":20,"gold_loss":0},{"damage_healed":0,"gold_gain":0,"player_choice":"Got Potions","damage_taken":0,"max_hp_gain":0,"max_hp_loss":0,"event_name":"Lab","floor":22,"gold_loss":0},{"damage_healed":61,"gold_gain":0,"player_choice":"Heal","damage_taken":0,"max_hp_gain":0,"max_hp_loss":9,"event_name":"The Moai Head","floor":36,"gold_loss":0},{"damage_healed":0,"gold_gain":0,"player_choice":"Ignored","damage_taken":0,"max_hp_gain":0,"max_hp_loss":0,"event_name":"Mysterious Sphere","floor":37,"gold_loss":0}],"is_beta":false,"boss_relics":[{"not_picked":["Runic Pyramid","Astrolabe"],"picked":"WristBlade"},{"not_picked":["HoveringKite","White Beast Statue"],"picked":"Calling Bell"}],"items_purged_floors":[7,39],"is_endless":false,"potions_floor_spawned":[5,8,14,24,28,29,30,31,35,40],"killed_by":"Writhing Mass","ascension_level":1}