{"gold_per_floor":[12,22,22,22,38,68,83,83,83,103,103,22,32,61,61,166,166,180,280,290,290,290,290,305,321,321,321,332,365,377,17,17,17],"floor_reached":33,"playtime":2259,"items_purged":[],"score":304,"play_id":"ed4b9394-5779-4a3f-818f-f91dfc564654","local_time":"20190417233645","is_ascension_mode":false,"campfire_choices":[{"data":"Cloak And Dagger","floor":8,"key":"SMITH"},{"data":"Blur","floor":11,"key":"SMITH"},{"floor":15,"key":"REST"},{"floor":23,"key":"REST"},{"floor":27,"key":"REST"},{"floor":32,"key":"REST"}],"neow_cost":"NO_GOLD","seed_source_timestamp":13900170769694,"circlet_count":0,"master_deck":["Defend_G","Defend_G","Defend_G","Defend_G","Defend_G","Strike_G","Strike_G","Strike_G","Survivor","Neutralize","Cloak And Dagger+1","Dagger Spray","Poisoned Stab","Backflip","Accuracy","Blur+1","Footwork","Quick Slash","A Thousand Cuts","Unload","Tactician+1","Blade Dance","Decay","Blur+1","Deadly Poison","Poisoned Stab","Dagger Throw","Infinite Blades","Leg Sweep","Dash"],"relics":["Ring of the Snake","Blue Candle","Incense Burner","Thread and Needle","Sundial","Empty Cage","Nunchaku","Paper Crane","Oddly Smooth Stone","Bag of Preparation","Bottled Lightning"],"potions_floor_usage":[13,16,19,20,24,28,29,30],"damage_taken":[{"damage":2,"enemies":"Small Slimes","floor":1,"turns":6},{"damage":0,"enemies":"Jaw Worm","floor":2,"turns":4},{"damage":1,"enemies":"Cultist","floor":5,"turns":4},{"damage":26,"enemies":"Lagavulin","floor":6,"turns":8},{"damage":0,"enemies":"Looter","floor":7,"turns":4},{"damage":0,"enemies":"2 Fungi Beasts","floor":10,"turns":3},{"damage":1,"enemies":"Lots of Slimes","floor":13,"turns":4},{"damage":0,"enemies":"3 Sentries","floor":14,"turns":10},{"damage":52,"enemies":"Hexaghost","floor":16,"turns":16},{"damage":4,"enemies":"Spheric Guardian","floor":18,"turns":9},{"damage":2,"enemies":"Colosseum Slavers","floor":19,"turns":8},{"damage":26,"enemies":"Colosseum Nobs","floor":19,"turns":8},{"damage":3,"enemies":"3 Byrds","floor":20,"turns":5},{"damage":0,"enemies":"Snecko","floor":24,"turns":6},{"damage":9,"enemies":"Snake Plant","floor":25,"turns":8},{"damage":12,"enemies":"Cultist and Chosen","floor":28,"turns":12},{"damage":45,"enemies":"Gremlin Leader","floor":29,"turns":13},{"damage":12,"enemies":"Chosen and Byrds","floor":30,"turns":6},{"damage":47,"enemies":"Automaton","floor":33,"turns":10}],"seed_played":"166435347710649691","potions_obtained":[{"floor":1,"key":"SkillPotion"},{"floor":10,"key":"FearPotion"},{"floor":13,"key":"Ancient Potion"},{"floor":16,"key":"Energy Potion"},{"floor":19,"key":"SkillPotion"},{"floor":20,"key":"Swift Potion"},{"floor":24,"key":"GhostInAJar"},{"floor":28,"key":"Dexterity Potion"},{"floor":29,"key":"PowerPotion"}],"is_trial":false,"path_per_floor":["M","M","?","?","M","E","M","R","T","M","R","$","M","E","R","B",null,"M","?","M","?","?","R","M","M","T","R","M","E","M","$","R","B"],"character_chosen":"THE_SILENT","items_purchased":["Footwork","Bottled Lightning","Leg Sweep","Dash"],"campfire_rested":4,"item_purchase_floors":[12,31,31,31],"current_hp_per_floor":[82,82,82,82,81,55,55,55,55,55,55,55,54,54,79,27,84,80,52,49,49,41,66,66,57,57,82,70,25,13,13,38,0],"gold":17,"neow_bonus":"TWENTY_PERCENT_HP_BONUS","is_prod":false,"is_daily":false,"chose_seed":false,"campfire_upgraded":2,"win_rate":0,"timestamp":1555508205,"path_taken":["M","M","?","?","M","E","M","R","T","?","R","$","M","E","R","BOSS","M","?","M","?","?","R","M","M","T","R","?","E","M","$","R","BOSS"],"build_version":"2019-01-23","purchased_purges":0,"victory":false,"max_hp_per_floor":[84,84,84,84,84,84,84,84,84,84,84,84,84,84,84,84,84,84,84,84,84,84,84,84,84,84,84,84,84,84,84,84,84],"card_choices":[{"not_picked":["Dash","Choke"],"picked":"Cloak And Dagger","floor":1},{"not_picked":["Underhanded Strike","Leg Sweep"],"picked":"Dagger Spray","floor":2},{"not_picked":["Calculated Gamble","Outmaneuver"],"picked":"Poisoned Stab","floor":5},{"not_picked":["Doppelganger","Blade Dance"],"picked":"Backflip","floor":6},{"not_picked":["Dagger Spray","Deflect"],"picked":"Accuracy","floor":7},{"not_picked":["Well Laid Plans","Bane"],"picked":"Blur","floor":10},{"not_picked":["Bane","Blade Dance"],"picked":"Quick Slash","floor":13},{"not_picked":["Cloak And Dagger","Calculated Gamble"],"picked":"A Thousand Cuts","floor":14},{"not_picked":["Bullet Time","Malaise"],"picked":"Unload","floor":16},{"not_picked":["Blade Dance","Escape Plan","Finisher"],"picked":"SKIP","floor":18},{"not_picked":["Bane+1","Blade Dance"],"picked":"Tactician+1","floor":19},{"not_picked":["Backflip","Outmaneuver"],"picked":"Blade Dance","floor":20},{"not_picked":["Die Die Die","Sucker Punch"],"picked":"Blur+1","floor":24},{"not_picked":["Blade Dance","Choke"],"picked":"Deadly Poison","floor":25},{"not_picked":["Reflex","Deadly Poison"],"picked":"Poisoned Stab","floor":28},{"not_picked":["Terror","Slice"],"picked":"Dagger Throw","floor":29},{"not_picked":["Finisher","Distraction"],"picked":"Infinite Blades","floor":30}],"player_experience":310033,"relics_obtained":[{"floor":6,"key":"Incense Burner"},{"floor":9,"key":"Thread and Needle"},{"floor":14,"key":"Sundial"},{"floor":19,"key":"Nunchaku"},{"floor":19,"key":"Paper Crane"},{"floor":26,"key":"Oddly Smooth Stone"},{"floor":29,"key":"Bag of Preparation"}],"event_choices":[{"damage_healed":0,"gold_gain":0,"player_choice":"Ignored","damage_taken":0,"max_hp_gain":0,"max_hp_loss":0,"event_name":"Shining Light","floor":3,"gold_loss":0},{"damage_healed":0,"gold_gain":0,"player_choice":"Gave Potion","damage_taken":0,"relics_obtained":["Blue Candle"],"max_hp_gain":0,"max_hp_loss":0,"event_name":"WeMeetAgain","floor":4,"gold_loss":0},{"damage_healed":0,"gold_gain":0,"player_choice":"Fight","damage_taken":0,"max_hp_gain":0,"max_hp_loss":0,"event_name":"Colosseum","floor":19,"gold_loss":0},{"damage_healed":0,"gold_gain":0,"player_choice":"Fought Nobs","damage_taken":0,"max_hp_gain":0,"max_hp_loss":0,"event_name":"Colosseum","floor":19,"gold_loss":0},{"damage_healed":0,"gold_gain":0,"player_choice":"Smashed Altar","damage_taken":0,"max_hp_gain":0,"max_hp_loss":0,"event_name":"Forgotten Altar","floor":21,"gold_loss":0,"cards_obtained":["Decay"]},{"damage_healed":0,"gold_gain":0,"player_choice":"","damage_taken":8,"max_hp_gain":0,"max_hp_loss":0,"event_name":"Knowing Skull","floor":22,"potions_obtained":[],"gold_loss":0,"cards_obtained":[]}],"is_beta":false,"boss_relics":[{"not_picked":["Eternal Feather","Coffee Dripper"],"picked":"Empty Cage"}],"items_purged_floors":[],"is_endless":false,"potions_floor_spawned":[1,10,13,16,19,20,24,28,29],"killed_by":"Automaton","ascension_level":0}