{"gold_per_floor":[362,375,390,15,31,31,206,240,240,240,254,282,302,312,312,409,409,421,421,439,60,260,260,271,546,546,564,574,574],"floor_reached":29,"playtime":1407,"items_purged":[],"score":264,"play_id":"09134658-2eb1-4e04-a569-a815968c69d9","local_time":"20190328154211","is_ascension_mode":false,"campfire_choices":[{"data":"Pommel Strike","floor":6,"key":"SMITH"},{"floor":15,"key":"REST"},{"floor":23,"key":"RECALL"}],"neow_cost":"PERCENT_DAMAGE","seed_source_timestamp":5387115486009,"circlet_count":0,"master_deck":["Strike_R","Strike_R","Strike_R","Strike_R","Strike_R","Defend_R","Defend_R","Defend_R","Defend_R","Bash+1","Shrug It Off","Pommel Strike+1","Twin Strike","Rampage","Flame Barrier+1","Flex+1","Doubt","Metallicize","Warcry+1","Berserk","Spot Weakness+1","Exhume+1","Dual Wield+1","Entrench+1","Dropkick","Thunderclap","Regret","Rage+1","Shrug It Off+1"],"relics":["Burning Blood","Toxic Egg 2","Potion Belt","Boot","Question Card","Eternal Feather","Gremlin Horn","Dream Catcher","Anchor"],"potions_floor_usage":[5,8,14,16,18,28],"damage_taken":[{"damage":2,"enemies":"Cultist","floor":1,"turns":5},{"damage":0,"enemies":"2 Louse","floor":2,"turns":3},{"damage":0,"enemies":"Small Slimes","floor":3,"turns":3},{"damage":1,"enemies":"Exordium Thugs","floor":5,"turns":6},{"damage":18,"enemies":"Gremlin Nob","floor":8,"turns":4},{"damage":11,"enemies":"Red Slaver","floor":11,"turns":4},{"damage":35,"enemies":"3 Sentries","floor":12,"turns":12},{"damage":1,"enemies":"Blue Slaver","floor":13,"turns":3},{"damage":6,"enemies":"2 Fungi Beasts","floor":14,"turns":3},{"damage":25,"enemies":"The Guardian","floor":16,"turns":10},{"damage":19,"enemies":"Shell Parasite","floor":18,"turns":5},{"damage":18,"enemies":"Chosen","floor":20,"turns":7},{"damage":19,"enemies":"Snecko","floor":24,"turns":5},{"damage":24,"enemies":"Cultist and Chosen","floor":27,"turns":7},{"damage":26,"enemies":"Snake Plant","floor":28,"turns":6},{"damage":30,"enemies":"Chosen and Byrds","floor":29,"turns":6}],"seed_played":"-6307323644163759999","potions_obtained":[{"floor":1,"key":"Weak Potion"},{"floor":3,"key":"SkillPotion"},{"floor":11,"key":"Strength Potion"},{"floor":12,"key":"PowerPotion"},{"floor":13,"key":"Weak Potion"},{"floor":16,"key":"Ancient Potion"},{"floor":27,"key":"Dexterity Potion"}],"is_trial":false,"path_per_floor":["M","M","M","$","M","R","?","E","T","?","M","E","M","M","R","B",null,"M","?","M","$","?","R","M","?","T","M","M","M"],"character_chosen":"IRONCLAD","items_purchased":["Toxic Egg 2","Rampage","Flame Barrier+1","Dropkick","Dream Catcher","Anchor"],"campfire_rested":1,"item_purchase_floors":[4,4,4,21,21,21],"current_hp_per_floor":[60,66,72,72,77,77,77,65,65,65,60,31,36,36,60,41,80,67,67,55,55,55,70,57,57,57,39,19,0],"gold":574,"neow_bonus":"TWO_FIFTY_GOLD","is_prod":false,"is_daily":false,"chose_seed":false,"campfire_upgraded":1,"win_rate":0,"timestamp":1553751731,"path_taken":["M","M","?","$","M","R","?","E","T","?","M","E","M","M","R","BOSS","M","?","?","$","?","R","?","?","T","M","?","M"],"build_version":"2019-01-23","purchased_purges":0,"victory":false,"max_hp_per_floor":[80,80,80,80,80,80,80,80,80,80,80,80,80,80,80,80,80,80,80,80,80,80,80,80,80,80,80,80,80],"card_choices":[{"not_picked":["Evolve","Combust"],"picked":"Shrug It Off","floor":1},{"not_picked":["Shrug It Off","Disarm"],"picked":"Pommel Strike","floor":2},{"not_picked":["Uppercut","Whirlwind"],"picked":"Twin Strike","floor":3},{"not_picked":["Seeing Red+1","Havoc+1"],"picked":"Flex+1","floor":5},{"not_picked":["Searing Blow","Shockwave+1"],"picked":"Clash","floor":8},{"not_picked":["Inflame","Twin Strike"],"picked":"Metallicize","floor":11},{"not_picked":["Sword Boomerang","Pummel"],"picked":"Warcry+1","floor":12},{"not_picked":["Havoc+1","Perfected Strike","Fire Breathing"],"picked":"Berserk","floor":13},{"not_picked":["Seeing Red+1","Clash","Inflame"],"picked":"Spot Weakness+1","floor":14},{"not_picked":["Juggernaut","Feed","Double Tap+1"],"picked":"Exhume+1","floor":16},{"not_picked":["Twin Strike","Warcry+1","Clothesline"],"picked":"Dual Wield+1","floor":18},{"not_picked":["Disarm+1","Flame Barrier+1","Ghostly Armor+1"],"picked":"Entrench+1","floor":20},{"not_picked":["Reckless Charge","Wild Strike","Flex+1"],"picked":"Thunderclap","floor":24},{"not_picked":["Flex+1","Pommel Strike+1","Immolate"],"picked":"Rage+1","floor":27},{"not_picked":["Wild Strike","Metallicize","Rage+1"],"picked":"Shrug It Off+1","floor":28}],"player_experience":230142,"relics_obtained":[{"floor":8,"key":"Potion Belt"},{"floor":9,"key":"Boot"},{"floor":12,"key":"Question Card"}],"event_choices":[{"damage_healed":0,"gold_gain":175,"player_choice":"AGREE","damage_taken":0,"max_hp_gain":0,"max_hp_loss":0,"event_name":"Liars Game","floor":7,"gold_loss":0,"cards_obtained":["Doubt"]},{"damage_healed":0,"gold_gain":0,"player_choice":"Upgraded","damage_taken":0,"max_hp_gain":0,"max_hp_loss":0,"event_name":"Upgrade Shrine","floor":10,"gold_loss":0,"cards_upgraded":["Bash"]},{"cards_removed":["Clash"],"damage_healed":0,"gold_gain":0,"player_choice":"Gave Card","damage_taken":0,"relics_obtained":["Gremlin Horn"],"max_hp_gain":0,"max_hp_loss":0,"event_name":"WeMeetAgain","floor":19,"gold_loss":0},{"damage_healed":0,"gold_gain":250,"player_choice":"Bet on Owner","damage_taken":0,"max_hp_gain":0,"max_hp_loss":0,"event_name":"The Joust","floor":22,"gold_loss":50},{"damage_healed":0,"gold_gain":275,"player_choice":"Desecrate","damage_taken":0,"max_hp_gain":0,"max_hp_loss":0,"event_name":"Golden Shrine","floor":25,"gold_loss":0,"cards_obtained":["Regret"]}],"is_beta":false,"boss_relics":[{"not_picked":["Runic Pyramid","Tiny House"],"picked":"Eternal Feather"}],"items_purged_floors":[],"is_endless":false,"potions_floor_spawned":[1,3,11,12,13,16,27],"killed_by":"Chosen and Byrds","ascension_level":0}