{"gold_per_floor":[112,129,139,157,167,167,178,178,178,194,224,37,53,66,66,145,145,155,155,173,11,11,11,28,48,48,61,89,89,14,25,25,101,101,118,118,118,131,131,158,158],"floor_reached":41,"playtime":2511,"items_purged":["Strike_R"],"score":830,"play_id":"c56c4c15-32cc-4097-aa36-063622fa7409","local_time":"20190704160357","is_ascension_mode":true,"campfire_choices":[{"data":"Blood for Blood","floor":6,"key":"SMITH"},{"data":"Bash","floor":8,"key":"SMITH"},{"data":"Whirlwind","floor":15,"key":"SMITH"},{"data":"Apotheosis","floor":23,"key":"SMITH"},{"data":"Offering","floor":29,"key":"SMITH"},{"floor":32,"key":"REST"}],"neow_cost":"NONE","seed_source_timestamp":1737197087994989,"circlet_count":0,"master_deck":["AscendersBane","Strike_R","Strike_R","Strike_R","Strike_R","Defend_R","Defend_R","Defend_R","Defend_R","Bash+1","Offering+1","Ghostly Armor","Pommel Strike","Blood for Blood+1","Shrug It Off","Intimidate","Shrug It Off","Headbutt","Clothesline","Whirlwind+1","Immolate","Impervious","Apotheosis+1","Uppercut","Berserk"],"relics":["Burning Blood","Darkstone Periapt","PreservedInsect","Cursed Key","Meat on the Bone","Sundial","Runic Cube","Lantern"],"potions_floor_usage":[7,18,33,40],"damage_taken":[{"damage":9,"enemies":"Jaw Worm","floor":1,"turns":5},{"damage":6,"enemies":"Small Slimes","floor":2,"turns":2},{"damage":0,"enemies":"2 Louse","floor":3,"turns":3},{"damage":14,"enemies":"Blue Slaver","floor":4,"turns":6},{"damage":21,"enemies":"Large Slime","floor":5,"turns":7},{"damage":0,"enemies":"Gremlin Gang","floor":7,"turns":5},{"damage":9,"enemies":"Looter","floor":10,"turns":2},{"damage":26,"enemies":"Lagavulin","floor":11,"turns":5},{"damage":4,"enemies":"Blue Slaver","floor":13,"turns":5},{"damage":0,"enemies":"Large Slime","floor":14,"turns":6},{"damage":20,"enemies":"The Guardian","floor":16,"turns":11},{"damage":8,"enemies":"2 Thieves","floor":18,"turns":3},{"damage":0,"enemies":"3 Byrds","floor":20,"turns":3},{"damage":3,"enemies":"Centurion and Healer","floor":24,"turns":5},{"damage":6,"enemies":"Chosen and Byrds","floor":25,"turns":4},{"damage":8,"enemies":"3 Cultists","floor":27,"turns":4},{"damage":6,"enemies":"Gremlin Leader","floor":28,"turns":4},{"damage":18,"enemies":"Snecko","floor":31,"turns":4},{"damage":56,"enemies":"Automaton","floor":33,"turns":10},{"damage":2,"enemies":"Orb Walker","floor":35,"turns":5},{"damage":6,"enemies":"3 Darklings","floor":38,"turns":4},{"damage":24,"enemies":"Giant Head","floor":40,"turns":5},{"damage":48,"enemies":"Writhing Mass","floor":41,"turns":5}],"seed_played":"3596921862623672206","potions_obtained":[{"floor":5,"key":"SkillPotion"},{"floor":7,"key":"Dexterity Potion"},{"floor":11,"key":"FearPotion"},{"floor":20,"key":"SkillPotion"},{"floor":40,"key":"SpeedPotion"}],"is_trial":false,"path_per_floor":["M","M","M","M","M","R","M","R","T","M","E","$","M","M","R","B",null,"M","$","M","$","?","R","M","M","T","M","E","R","?","M","R","B",null,"M","?","?","M","?","E","M"],"character_chosen":"IRONCLAD","items_purchased":["Disarm","Whirlwind","Apotheosis"],"campfire_rested":1,"item_purchase_floors":[12,12,21],"current_hp_per_floor":[65,65,71,63,48,48,54,54,54,51,31,31,33,39,39,25,63,61,61,67,67,67,67,70,70,76,74,74,74,74,62,81,43,72,76,76,76,76,76,58,10],"gold":158,"neow_bonus":"ONE_RANDOM_RARE_CARD","is_prod":false,"is_daily":false,"chose_seed":false,"campfire_upgraded":5,"win_rate":0,"timestamp":1562223837,"path_taken":["M","M","M","M","M","R","M","R","T","M","E","$","M","M","R","BOSS","M","$","M","$","?","R","M","M","T","M","E","R","?","M","R","BOSS","M","?","?","M","?","E","?"],"build_version":"2019-07-01","purchased_purges":1,"victory":false,"max_hp_per_floor":[75,75,75,75,75,75,75,75,75,75,75,75,75,75,75,75,75,75,75,75,75,75,75,75,75,81,81,81,81,81,81,81,81,81,81,81,81,81,77,77,77],"card_choices":[{"not_picked":["Body Slam","Heavy Blade"],"picked":"Ghostly Armor","floor":1},{"not_picked":["Seeing Red","Flex"],"picked":"Pommel Strike","floor":2},{"not_picked":["Perfected Strike","Body Slam"],"picked":"Blood for Blood","floor":3},{"not_picked":["Searing Blow","Brutality"],"picked":"Shrug It Off","floor":4},{"not_picked":["Blood for Blood","Pummel"],"picked":"Intimidate","floor":5},{"not_picked":["Headbutt","Body Slam"],"picked":"Shrug It Off","floor":7},{"not_picked":["Iron Wave","Wild Strike"],"picked":"Headbutt","floor":10},{"not_picked":["Juggernaut","Shrug It Off"],"picked":"Clothesline","floor":11},{"not_picked":["Flex","Inflame"],"picked":"Immolate","floor":13},{"not_picked":["Anger","Armaments","Sword Boomerang"],"picked":"SKIP","floor":14},{"not_picked":["Reaper","Double Tap"],"picked":"Impervious","floor":16},{"not_picked":["Body Slam","Armaments","Carnage"],"picked":"SKIP","floor":18},{"not_picked":["Body Slam","Heavy Blade","Cleave"],"picked":"SKIP","floor":20},{"not_picked":["Reckless Charge","Immolate"],"picked":"Uppercut","floor":24},{"not_picked":["Anger","Wild Strike","Whirlwind"],"picked":"SKIP","floor":25},{"not_picked":["Cleave","Anger","Sword Boomerang"],"picked":"SKIP","floor":27},{"not_picked":["Carnage","Body Slam+1","Fiend Fire"],"picked":"SKIP","floor":28},{"not_picked":["Carnage","Body Slam+1","Fiend Fire"],"picked":"SKIP","floor":28},{"not_picked":["Searing Blow","Havoc","Sword Boomerang"],"picked":"SKIP","floor":31},{"not_picked":["Searing Blow","Havoc","Sword Boomerang"],"picked":"SKIP","floor":31},{"not_picked":["Limit Break","Double Tap"],"picked":"Berserk","floor":33},{"not_picked":["Intimidate+1","Rupture","Pommel Strike"],"picked":"SKIP","floor":35},{"not_picked":["Rupture","Infernal Blade+1","Flame Barrier"],"picked":"SKIP","floor":38},{"not_picked":["Warcry","Dark Embrace","Fiend Fire"],"picked":"SKIP","floor":40}],"player_experience":1066270,"relics_obtained":[{"floor":9,"key":"Darkstone Periapt"},{"floor":11,"key":"PreservedInsect"},{"floor":26,"key":"Meat on the Bone"},{"floor":28,"key":"Sundial"},{"floor":40,"key":"Lantern"}],"event_choices":[{"cards_removed":["Writhe"],"damage_healed":0,"gold_gain":0,"player_choice":"Gave Gold","damage_taken":0,"max_hp_gain":0,"max_hp_loss":0,"event_name":"Beggar","floor":30,"gold_loss":75},{"damage_healed":0,"gold_gain":0,"player_choice":"Ignored","damage_taken":0,"max_hp_gain":0,"max_hp_loss":0,"event_name":"Tomb of Lord Red Mask","floor":36,"gold_loss":0},{"cards_removed":["Disarm"],"damage_healed":0,"gold_gain":0,"player_choice":"Removed Skill","damage_taken":0,"max_hp_gain":0,"max_hp_loss":0,"event_name":"Falling","floor":37,"gold_loss":0},{"damage_healed":0,"gold_gain":0,"player_choice":"Max HP","damage_taken":0,"max_hp_gain":0,"max_hp_loss":4,"event_name":"Winding Halls","floor":39,"gold_loss":0}],"is_beta":false,"boss_relics":[{"not_picked":["Eternal Feather","Ectoplasm"],"picked":"Cursed Key"},{"not_picked":["Black Blood","Sozu"],"picked":"Runic Cube"}],"items_purged_floors":[12],"is_endless":false,"potions_floor_spawned":[5,7,11,13,14,20,25,31,40],"killed_by":"Writhing Mass","ascension_level":15}