{"gold_per_floor":[113,113,127,127,140,165,340,359,428,480,555,575,575,590,590,590],"floor_reached":16,"playtime":679,"items_purged":[],"score":102,"play_id":"7da248bf-7586-4d7c-9434-a5cc0d74420c","local_time":"20190329095804","is_ascension_mode":false,"campfire_choices":[{"floor":13,"key":"REST"},{"floor":15,"key":"REST"}],"neow_cost":"TEN_PERCENT_HP_LOSS","seed_source_timestamp":71867415998003,"circlet_count":0,"master_deck":["Strike_R","Strike_R","Strike_R","Defend_R","Defend_R","Defend_R","Defend_R","Bash","Dark Embrace","Flex","Pommel Strike","Wild Strike","Feed","Body Slam","Bandage Up","Intimidate","Barricade","Doubt","Sever Soul","Twin Strike"],"relics":["Burning Blood","Charon\u0027s Ashes","Shuriken"],"potions_floor_usage":[6,12,16,16],"damage_taken":[{"damage":3,"enemies":"Jaw Worm","floor":1,"turns":5},{"damage":0,"enemies":"Cultist","floor":3,"turns":2},{"damage":2,"enemies":"Small Slimes","floor":5,"turns":3},{"damage":53,"enemies":"3 Sentries","floor":6,"turns":10},{"damage":5,"enemies":"Looter","floor":8,"turns":2},{"damage":28,"enemies":"Large Slime","floor":12,"turns":8},{"damage":27,"enemies":"Red Slaver","floor":14,"turns":7},{"damage":48,"enemies":"The Guardian","floor":16,"turns":9}],"seed_played":"5063784627542183174","potions_obtained":[{"floor":5,"key":"Swift Potion"},{"floor":6,"key":"EssenceOfSteel"},{"floor":12,"key":"LiquidBronze"},{"floor":14,"key":"Fire Potion"}],"is_trial":false,"path_per_floor":["M","?","M","?","M","E","?","M","T","?","?","M","R","M","R","B"],"character_chosen":"IRONCLAD","items_purchased":[],"campfire_rested":2,"item_purchase_floors":[],"current_hp_per_floor":[72,72,72,72,75,35,35,40,40,40,29,11,34,20,44,0],"gold":590,"neow_bonus":"TRANSFORM_TWO_CARDS","is_prod":false,"is_daily":false,"chose_seed":false,"campfire_upgraded":0,"win_rate":0,"timestamp":1553817484,"path_taken":["M","?","M","?","?","E","?","M","T","?","?","M","R","M","R","BOSS"],"build_version":"2019-01-23","purchased_purges":0,"victory":false,"max_hp_per_floor":[72,72,72,72,75,78,78,78,78,78,78,78,78,81,81,81],"card_choices":[{"not_picked":["Thunderclap","Headbutt"],"picked":"Pommel Strike","floor":1},{"not_picked":["Disarm","Flex"],"picked":"Wild Strike","floor":3},{"not_picked":["Sentinel","Pommel Strike"],"picked":"Intimidate","floor":5},{"not_picked":["Clothesline","Dark Embrace"],"picked":"Barricade","floor":6},{"not_picked":["Second Wind","Armaments"],"picked":"Sever Soul","floor":8},{"not_picked":["Havoc","Carnage","Feel No Pain"],"picked":"SKIP","floor":12},{"not_picked":["Rage","Wild Strike"],"picked":"Twin Strike","floor":14}],"player_experience":287885,"relics_obtained":[{"floor":6,"key":"Charon\u0027s Ashes"},{"floor":9,"key":"Shuriken"}],"event_choices":[{"damage_healed":0,"gold_gain":0,"player_choice":"Leave","damage_taken":0,"max_hp_gain":0,"max_hp_loss":0,"event_name":"The Cleric","floor":2,"gold_loss":0},{"damage_healed":0,"gold_gain":0,"player_choice":"3 cards matched","damage_taken":0,"max_hp_gain":0,"max_hp_loss":0,"event_name":"Match and Keep!","floor":4,"gold_loss":0,"cards_obtained":["Feed","Body Slam","Bandage Up"]},{"damage_healed":0,"gold_gain":175,"player_choice":"AGREE","damage_taken":0,"max_hp_gain":0,"max_hp_loss":0,"event_name":"Liars Game","floor":7,"gold_loss":0,"cards_obtained":["Doubt"]},{"damage_healed":0,"gold_gain":52,"player_choice":"Gained Gold","damage_taken":0,"max_hp_gain":0,"max_hp_loss":0,"event_name":"Golden Wing","floor":10,"gold_loss":0},{"damage_healed":0,"gold_gain":75,"player_choice":"Gather Gold","damage_taken":11,"max_hp_gain":0,"max_hp_loss":0,"event_name":"World of Goop","floor":11,"gold_loss":0}],"is_beta":false,"boss_relics":[],"items_purged_floors":[],"is_endless":false,"potions_floor_spawned":[5,6,12,14],"killed_by":"The Guardian","ascension_level":0}