{"gold_per_floor":[109,123,123,139,89,117,117,132,132,7,7,7,7,17,17,120,120,139,139,112,130,0,0],"floor_reached":23,"playtime":745,"items_purged":["Defend_B"],"score":189,"play_id":"0c4d3826-6d61-456c-9a57-4b3434ca9c4e","local_time":"20190108182643","is_ascension_mode":false,"campfire_choices":[{"data":"Defragment","floor":7.0,"key":"SMITH"},{"data":"Ball Lightning","floor":12.0,"key":"SMITH"},{"data":"Machine Learning","floor":15.0,"key":"SMITH"}],"neow_cost":"NONE","seed_source_timestamp":1144417462164832,"circlet_count":0,"master_deck":["Strike_B","Defend_B","Defend_B","Zap","Dualcast","Machine Learning+1","Lockon","Conserve Battery","Rebound","Defragment+1","Leap","Ball Lightning+1","Hologram","Amplify","Stack+1","Conserve Battery+1","Echo Form+1","Redo+1","Beam Cell","Self Repair+1"],"special_seed":0,"relics":["Cracked Core","PreservedInsect","Meat on the Bone","Mummified Hand","Omamori","Astrolabe"],"potions_floor_usage":[],"damage_taken":[{"damage":2.0,"enemies":"2 Louse","floor":1.0,"turns":3.0},{"damage":0.0,"enemies":"Cultist","floor":2.0,"turns":3.0},{"damage":4.0,"enemies":"Jaw Worm","floor":4.0,"turns":2.0},{"damage":12.0,"enemies":"Lagavulin","floor":6.0,"turns":7.0},{"damage":4.0,"enemies":"Exordium Wildlife","floor":8.0,"turns":3.0},{"damage":2.0,"enemies":"Blue Slaver","floor":14.0,"turns":2.0},{"damage":21.0,"enemies":"Hexaghost","floor":16.0,"turns":7.0},{"damage":25.0,"enemies":"3 Byrds","floor":18.0,"turns":4.0},{"damage":10.0,"enemies":"2 Thieves","floor":21.0,"turns":4.0},{"damage":45,"enemies":"Gremlin Leader","floor":23,"turns":4}],"seed_played":"-1079391440148267128","potions_obtained":[{"floor":1.0,"key":"PowerPotion"},{"floor":6.0,"key":"Regen Potion"},{"floor":16.0,"key":"SteroidPotion"},{"floor":18.0,"key":"PowerPotion"}],"is_trial":false,"path_per_floor":["M","M","?","M","?","E","R","M","T","$","?","R","T","M","R","B",null,"M","?","$","M","?","E"],"character_chosen":"DEFECT","items_purchased":["Ball Lightning","Beam Cell"],"campfire_rested":0,"item_purchase_floors":[10,20],"current_hp_per_floor":[73,73,73,69,69,57,57,53,53,53,50,50,50,48,48,39,75,50,36,36,38,38,0],"gold":0,"neow_bonus":"TRANSFORM_CARD","is_prod":false,"is_daily":false,"chose_seed":false,"campfire_upgraded":3,"win_rate":0.0,"timestamp":1546990003,"path_taken":["M","M","?","?","?","E","R","M","T","?","?","R","?","?","R","BOSS","M","?","$","M","?","E"],"build_version":"2019-01-03v4","purchased_purges":1,"victory":false,"max_hp_per_floor":[75,75,75,75,75,75,75,75,75,75,75,75,75,75,75,75,75,75,80,80,80,80,80],"card_choices":[{"not_picked":["Self Repair","Gash"],"picked":"Lockon","floor":1.0},{"not_picked":["Rebound","Beam Cell"],"picked":"Conserve Battery","floor":2.0},{"not_picked":["Double Energy","Streamline"],"picked":"Rebound","floor":4.0},{"not_picked":["Turbo","BootSequence"],"picked":"Defragment","floor":6.0},{"not_picked":["Sweeping Beam","Go for the Eyes"],"picked":"Leap","floor":8.0},{"not_picked":["Scrape","Go for the Eyes"],"picked":"Hologram","floor":14.0},{"not_picked":["Seek","All For One"],"picked":"Amplify","floor":16.0},{"not_picked":["Streamline","Cold Snap"],"picked":"Redo+1","floor":18.0},{"not_picked":["Conserve Battery+1","Hologram"],"picked":"Self Repair+1","floor":21.0}],"player_experience":23069,"relics_obtained":[{"floor":6.0,"key":"PreservedInsect"},{"floor":9.0,"key":"Meat on the Bone"},{"floor":13.0,"key":"Omamori"}],"event_choices":[{"damage_healed":0.0,"max_hp_gain":0.0,"max_hp_loss":0.0,"gold_gain":0.0,"event_name":"Match and Keep!","player_choice":"1 cards matched","floor":3.0,"gold_loss":0.0,"damage_taken":0.0,"cards_obtained":["PanicButton"]},{"cards_removed":["PanicButton"],"damage_healed":0.0,"max_hp_gain":0.0,"max_hp_loss":0.0,"gold_gain":0.0,"event_name":"The Cleric","player_choice":"Card Removal","floor":5.0,"gold_loss":50.0,"damage_taken":0.0},{"damage_healed":0.0,"max_hp_gain":0.0,"max_hp_loss":0.0,"gold_gain":0.0,"event_name":"Scrap Ooze","player_choice":"Success","floor":11.0,"gold_loss":0.0,"damage_taken":3.0,"relics_obtained":["Mummified Hand"]},{"damage_healed":0.0,"max_hp_gain":5.0,"max_hp_loss":0.0,"gold_gain":0.0,"event_name":"Forgotten Altar","player_choice":"Shed Blood","floor":19.0,"gold_loss":0.0,"damage_taken":19.0},{"damage_healed":0.0,"max_hp_gain":0.0,"max_hp_loss":0.0,"gold_gain":0.0,"event_name":"Masked Bandits","player_choice":"Paid Fearfully","floor":22.0,"gold_loss":130.0,"damage_taken":0.0}],"is_beta":false,"boss_relics":[{"not_picked":["Runic Dome","Lizard Tail"],"picked":"Astrolabe"}],"items_purged_floors":[10],"is_endless":false,"potions_floor_spawned":[1,6,16,18],"killed_by":"Gremlin Leader","ascension_level":0}