{"gold_per_floor":[113,38,52,68,87,121,121,150,150,167,184,259,277],"floor_reached":13,"playtime":892,"items_purged":["Defend_R"],"score":99,"play_id":"5a23771f-2411-4594-956c-08945c2524b0","local_time":"20190709121722","is_ascension_mode":false,"campfire_choices":[{"floor":7,"key":"REST"}],"neow_cost":"NONE","seed_source_timestamp":4963265154793,"circlet_count":0,"master_deck":["Strike_R","Strike_R","Strike_R","Strike_R","Strike_R","Defend_R","Defend_R","Bash","Bloodletting","Bloodletting","Clothesline","Clothesline","Iron Wave","Iron Wave","Twin Strike","Iron Wave"],"relics":["Burning Blood","Toxic Egg 2","Pear","Darkstone Periapt"],"potions_floor_usage":[6,8],"damage_taken":[{"damage":12,"enemies":"Small Slimes","floor":1,"turns":3},{"damage":4,"enemies":"Cultist","floor":3,"turns":3},{"damage":12,"enemies":"Jaw Worm","floor":4,"turns":2},{"damage":8,"enemies":"Exordium Wildlife","floor":5,"turns":4},{"damage":47,"enemies":"3 Sentries","floor":6,"turns":8},{"damage":25,"enemies":"Lagavulin","floor":8,"turns":7},{"damage":8,"enemies":"Red Slaver","floor":10,"turns":3},{"damage":9,"enemies":"Looter","floor":11,"turns":3},{"damage":14,"enemies":"Exordium Thugs","floor":13,"turns":6}],"seed_played":"-947199059170368465","potions_obtained":[{"floor":1,"key":"LiquidBronze"},{"floor":6,"key":"SteroidPotion"},{"floor":10,"key":"Weak Potion"},{"floor":13,"key":"Weak Potion"}],"is_trial":false,"path_per_floor":["M","$","M","M","M","E","R","E","T","M","M","?","M"],"character_chosen":"IRONCLAD","items_purchased":[],"campfire_rested":1,"item_purchase_floors":[],"current_hp_per_floor":[74,74,76,70,68,27,51,42,42,40,37,28,20],"gold":277,"neow_bonus":"REMOVE_CARD","is_prod":false,"is_daily":false,"chose_seed":false,"campfire_upgraded":0,"win_rate":0.0,"timestamp":1562667442,"path_taken":["M","$","M","M","M","E","R","E","T","M","M","?","?"],"build_version":"2019-07-05","purchased_purges":1,"victory":false,"max_hp_per_floor":[80,80,80,80,80,80,80,90,90,90,90,90,90],"card_choices":[{"not_picked":["Feel No Pain","Iron Wave"],"picked":"Bloodletting","floor":1},{"not_picked":["Body Slam","Flex"],"picked":"Bloodletting","floor":3},{"not_picked":["Wild Strike","Clash"],"picked":"Clothesline","floor":4},{"not_picked":["Twin Strike","Corruption"],"picked":"Clothesline","floor":5},{"not_picked":["Wild Strike","Barricade"],"picked":"Iron Wave","floor":6},{"not_picked":["Wild Strike","Warcry+1"],"picked":"Iron Wave","floor":8},{"not_picked":["Burning Pact+1","Heavy Blade"],"picked":"Twin Strike","floor":10},{"not_picked":["Perfected Strike","Sword Boomerang"],"picked":"Iron Wave","floor":11}],"player_experience":52930,"relics_obtained":[{"floor":6,"key":"Toxic Egg 2"},{"floor":8,"key":"Pear"},{"floor":9,"key":"Darkstone Periapt"}],"event_choices":[{"damage_healed":0,"gold_gain":75,"player_choice":"Touch","damage_taken":9,"max_hp_gain":0,"max_hp_loss":0,"event_name":"FaceTrader","floor":12,"gold_loss":0}],"is_beta":false,"boss_relics":[],"items_purged_floors":[2],"is_endless":false,"potions_floor_spawned":[1,6,10,13],"killed_by":"Exordium Thugs","ascension_level":0}