{"gold_per_floor":[119,132,132,159,178,178,178,211,235,246,246,36,36,50,50,148,148,168,188,113,113,33,33,59,78,78,89,107,119,119,131,131,232,232,247,266,0,12,12,38,38,69,116,126,126,47,82,101,101,101],"floor_reached":51,"playtime":2719,"items_purged":[],"score":1224,"play_id":"71a3a4fb-0068-4058-87b5-d8381f39fc02","local_time":"20190702223843","is_ascension_mode":true,"campfire_choices":[{"data":"Catalyst","floor":6.0,"key":"SMITH"},{"floor":11.0,"key":"REST"},{"data":"Deadly Poison","floor":15.0,"key":"SMITH"},{"floor":23.0,"key":"REST"},{"floor":30.0,"key":"REST"},{"floor":32.0,"key":"REST"},{"floor":41.0,"key":"REST"},{"floor":45,"key":"REST"},{"floor":49,"key":"REST"}],"neow_cost":"NONE","seed_source_timestamp":0,"circlet_count":0,"master_deck":["AscendersBane","Strike_G","Strike_G","Strike_G","Strike_G","Defend_G","Defend_G","Defend_G","Defend_G","Defend_G","Survivor","Neutralize+1","Backflip+1","Deadly Poison","Catalyst+1","Backflip","Dagger Spray","Catalyst+1","Deadly Poison+1","Corpse Explosion","Riddle With Holes","Crippling Poison+1","Caltrops","Cloak And Dagger+1","Bane","Bouncing Flask","PiercingWail","Tools of the Trade","After Image","Dodge and Roll","Dodge and Roll+1","Backflip+1","PiercingWail","Poisoned Stab","Prepared+1","Well Laid Plans","Quick Slash+1"],"special_seed":0,"relics":["Ring of the Serpent","NeowsBlessing","Vajra","Regal Pillow","Happy Flower","DollysMirror","Fusion Hammer","Oddly Smooth Stone","Bottled Lightning","Red Mask","Kunai","Blood Vial","Strawberry","Orichalcum","Mercury Hourglass"],"potions_floor_usage":[48,50],"damage_taken":[{"damage":0.0,"enemies":"Jaw Worm","floor":1.0,"turns":1.0},{"damage":0.0,"enemies":"Small Slimes","floor":2.0,"turns":1.0},{"damage":0.0,"enemies":"Cultist","floor":5.0,"turns":1.0},{"damage":20.0,"enemies":"Gremlin Nob","floor":8.0,"turns":4.0},{"damage":3.0,"enemies":"2 Fungi Beasts","floor":10.0,"turns":4.0},{"damage":12.0,"enemies":"Exordium Wildlife","floor":14.0,"turns":2.0},{"damage":11.0,"enemies":"Hexaghost","floor":16.0,"turns":6.0},{"damage":6.0,"enemies":"2 Thieves","floor":18.0,"turns":2.0},{"damage":10.0,"enemies":"3 Byrds","floor":19.0,"turns":3.0},{"damage":12.0,"enemies":"Slavers","floor":24.0,"turns":3.0},{"damage":15.0,"enemies":"Centurion and Healer","floor":25.0,"turns":3.0},{"damage":0.0,"enemies":"Snecko","floor":27.0,"turns":3.0},{"damage":3.0,"enemies":"Snake Plant","floor":28.0,"turns":3.0},{"damage":4.0,"enemies":"Sentry and Sphere","floor":29.0,"turns":3.0},{"damage":5.0,"enemies":"Snecko","floor":31.0,"turns":4.0},{"damage":46.0,"enemies":"Automaton","floor":33.0,"turns":10.0},{"damage":6.0,"enemies":"3 Shapes","floor":35.0,"turns":4.0},{"damage":0.0,"enemies":"Orb Walker","floor":36.0,"turns":2.0},{"damage":16.0,"enemies":"Maw","floor":38.0,"turns":7.0},{"damage":25.0,"enemies":"Giant Head","floor":40.0,"turns":8.0},{"damage":18.0,"enemies":"Reptomancer","floor":42.0,"turns":4.0},{"damage":11,"enemies":"Sphere and 2 Shapes","floor":44,"turns":4},{"damage":17,"enemies":"Nemesis","floor":47,"turns":7},{"damage":0,"enemies":"Transient","floor":48,"turns":5},{"damage":30,"enemies":"Donu and Deca","floor":50,"turns":6}],"seed_played":"-2583088240731406585","potions_obtained":[{"floor":5.0,"key":"Swift Potion"},{"floor":8.0,"key":"SteroidPotion"},{"floor":14.0,"key":"Energy Potion"},{"floor":19.0,"key":"SteroidPotion"},{"floor":24.0,"key":"Fire Potion"},{"floor":25.0,"key":"SteroidPotion"},{"floor":29.0,"key":"PowerPotion"},{"floor":35.0,"key":"SpeedPotion"},{"floor":42.0,"key":"Explosive Potion"},{"floor":48,"key":"FearPotion"}],"is_trial":false,"path_per_floor":["M","M","?","T","M","R","?","E","T","M","R","$","?","M","R","B",null,"M","M","?","?","$","R","E","M","T","M","M","M","R","M","R","B",null,"M","M","?","M","T","E","R","E","T","M","R","$","E","M","R","B",null],"character_chosen":"THE_SILENT","items_purchased":["DollysMirror","Caltrops","Well Laid Plans"],"campfire_rested":7,"item_purchase_floors":[12,22,46],"current_hp_per_floor":[63,63,49,49,49,49,49,29,29,26,62,62,62,50,50,39,62,56,46,46,33,33,70,58,43,43,43,40,36,73,68,75,29,64,58,58,58,42,42,17,54,45,45,36,75,75,60,62,82,52],"gold":101,"neow_bonus":"THREE_ENEMY_KILL","is_prod":false,"is_daily":false,"chose_seed":false,"campfire_upgraded":2,"win_rate":0,"timestamp":1562071123,"path_taken":["M","M","?","?","M","R","?","E","T","?","R","$","?","M","R","BOSS","M","M","?","?","?","R","E","M","T","M","M","M","R","M","R","BOSS","M","M","?","M","?","E","R","E","T","M","R","$","E","M","R","BOSS"],"build_version":"2019-07-01","purchased_purges":0,"victory":true,"max_hp_per_floor":[70,70,70,70,70,70,70,70,70,70,70,70,70,70,70,70,70,70,70,70,75,75,75,75,75,75,75,75,75,75,75,75,75,75,75,75,75,75,75,75,75,82,82,82,82,82,82,82,82,82],"card_choices":[{"not_picked":["Acrobatics","Accuracy"],"picked":"Backflip","floor":1.0},{"not_picked":["Eviscerate","Prepared"],"picked":"Deadly Poison","floor":2.0},{"not_picked":["Setup","Underhanded Strike"],"picked":"Catalyst","floor":5.0},{"not_picked":["Outmaneuver","Underhanded Strike"],"picked":"Backflip","floor":8.0},{"not_picked":["Slice","Deadly Poison"],"picked":"Dagger Spray","floor":10.0},{"not_picked":["All Out Attack","Slice"],"picked":"Deadly Poison","floor":14.0},{"not_picked":["Venomology","Night Terror"],"picked":"Corpse Explosion","floor":16.0},{"not_picked":["Deflect","Deadly Poison"],"picked":"Riddle With Holes","floor":18.0},{"not_picked":["Underhanded Strike+1","Eviscerate"],"picked":"Crippling Poison+1","floor":19.0},{"not_picked":["Blur","Night Terror"],"picked":"Cloak And Dagger+1","floor":24.0},{"not_picked":["Outmaneuver","Choke","Tactician"],"picked":"SKIP","floor":25.0},{"not_picked":["Blade Dance","Calculated Gamble"],"picked":"Bane","floor":27.0},{"not_picked":["All Out Attack","Backflip"],"picked":"Bouncing Flask","floor":28.0},{"not_picked":["Acrobatics","Outmaneuver"],"picked":"PiercingWail","floor":29.0},{"not_picked":["Prepared","Slice"],"picked":"Tools of the Trade","floor":31.0},{"not_picked":["Bullet Time","Phantasmal Killer"],"picked":"After Image","floor":33.0},{"not_picked":["Acrobatics","Choke"],"picked":"Dodge and Roll","floor":35.0},{"not_picked":["Dagger Spray","Sucker Punch+1"],"picked":"Dodge and Roll+1","floor":36.0},{"not_picked":["Dagger Throw","Riddle With Holes"],"picked":"Backflip+1","floor":38.0},{"not_picked":["Flechettes","Storm of Steel"],"picked":"PiercingWail","floor":40.0},{"not_picked":["Terror","Cloak And Dagger"],"picked":"Poisoned Stab","floor":42.0},{"not_picked":["Bane","Poisoned Stab"],"picked":"Prepared+1","floor":44},{"not_picked":["Dash","Deflect"],"picked":"Quick Slash+1","floor":47},{"not_picked":["Flying Knee","Bane","Eviscerate"],"picked":"SKIP","floor":48}],"player_experience":909238,"relics_obtained":[{"floor":4.0,"key":"Vajra"},{"floor":8.0,"key":"Regal Pillow"},{"floor":9.0,"key":"Happy Flower"},{"floor":24.0,"key":"Oddly Smooth Stone"},{"floor":26.0,"key":"Bottled Lightning"},{"floor":39.0,"key":"Kunai"},{"floor":40.0,"key":"Blood Vial"},{"floor":42.0,"key":"Strawberry"},{"floor":43.0,"key":"Orichalcum"},{"floor":47,"key":"Mercury Hourglass"}],"event_choices":[{"damage_healed":0.0,"max_hp_gain":0.0,"max_hp_loss":0.0,"gold_gain":0.0,"event_name":"Shining Light","player_choice":"Entered Light","floor":3.0,"gold_loss":0.0,"damage_taken":14.0,"cards_upgraded":["Backflip","Neutralize"]},{"damage_healed":0.0,"max_hp_gain":0.0,"max_hp_loss":0.0,"gold_gain":0.0,"event_name":"The Woman in Blue","player_choice":"Bought 0 Potions","floor":7.0,"gold_loss":0.0,"damage_taken":0.0},{"damage_healed":0.0,"max_hp_gain":0.0,"max_hp_loss":0.0,"gold_gain":0.0,"cards_transformed":["Strike_G"],"event_name":"Living Wall","player_choice":"Change","floor":13.0,"gold_loss":0.0,"damage_taken":0.0,"cards_obtained":["Reflex"]},{"cards_removed":["Reflex"],"damage_healed":0.0,"max_hp_gain":0.0,"max_hp_loss":0.0,"gold_gain":0.0,"event_name":"Beggar","player_choice":"Gave Gold","floor":20.0,"gold_loss":75.0,"damage_taken":0.0},{"damage_healed":0.0,"max_hp_gain":5.0,"max_hp_loss":0.0,"gold_gain":0.0,"event_name":"Forgotten Altar","player_choice":"Shed Blood","floor":21.0,"gold_loss":0.0,"damage_taken":18.0},{"damage_healed":0.0,"max_hp_gain":0.0,"max_hp_loss":0.0,"gold_gain":0.0,"event_name":"Tomb of Lord Red Mask","player_choice":"Paid","floor":37.0,"gold_loss":266.0,"damage_taken":0.0,"relics_obtained":["Red Mask"]}],"is_beta":false,"boss_relics":[{"not_picked":["Runic Dome","Coffee Dripper"],"picked":"Fusion Hammer"},{"not_picked":["Eternal Feather","HoveringKite"],"picked":"Ring of the Serpent"}],"items_purged_floors":[],"is_endless":false,"potions_floor_spawned":[5,8,14,19,24,25,29,35,40,42,48],"ascension_level":12}