{"gold_per_floor":[109,34,109,126,45,80,91,125,152,152,177,177,192,92,92,192,192,202,191,151,72,84,84,104,135,135,148,148,248,248,259,259,358,358,377,181,196,214,214,214,240,254,309,340,123,123,123,123,123,123],"floor_reached":51,"playtime":4846,"items_purged":["Strike_G","Strike_G","Strike_G"],"score":1139,"play_id":"a2c46415-d61b-4ecf-a1ee-b6c8cb660b0e","local_time":"20190712145446","is_ascension_mode":true,"campfire_choices":[{"data":"Noxious Fumes","floor":10,"key":"SMITH"},{"floor":12,"key":"REST"},{"data":"Deadly Poison","floor":15,"key":"SMITH"},{"data":"Burst","floor":23,"key":"SMITH"},{"data":"Footwork","floor":30,"key":"SMITH"},{"floor":32,"key":"REST"},{"data":"Prepared","floor":40,"key":"SMITH"},{"floor":47,"key":"REST"},{"data":"Footwork","floor":49,"key":"SMITH"}],"neow_cost":"NONE","seed_source_timestamp":71729886614900,"circlet_count":0,"master_deck":["Strike_G","Strike_G","Defend_G+1","Defend_G","Defend_G","Defend_G","Defend_G+1","Survivor","Neutralize","Dagger Spray","Cloak And Dagger","Noxious Fumes+1","Crippling Poison","Deadly Poison+1","Leg Sweep","Prepared+1","Backstab","Burst+1","Dodge and Roll+1","Footwork+1","PiercingWail","Blur","Well Laid Plans+1","Deadly Poison+1","Escape Plan","Escape Plan","Acrobatics","Leg Sweep","Footwork+1"],"relics":["Ring of the Snake","NeowsBlessing","Bag of Marbles","Snake Skull","Regal Pillow","FossilizedHelix","Velvet Choker","Blue Candle","PreservedInsect","Incense Burner","Kunai","Lizard Tail","Letter Opener","Art of War","Peace Pipe","Anchor","Pear"],"potions_floor_usage":[8,8,25,29,41],"damage_taken":[{"damage":0,"enemies":"Jaw Worm","floor":1,"turns":1},{"damage":0,"enemies":"Cultist","floor":4,"turns":1},{"damage":0,"enemies":"3 Sentries","floor":6,"turns":1},{"damage":2,"enemies":"2 Louse","floor":7,"turns":2},{"damage":34,"enemies":"Gremlin Nob","floor":8,"turns":5},{"damage":10,"enemies":"3 Sentries","floor":11,"turns":4},{"damage":0,"enemies":"Looter","floor":13,"turns":4},{"damage":33,"enemies":"Slime Boss","floor":16,"turns":11},{"damage":7,"enemies":"Chosen","floor":18,"turns":6},{"damage":0,"enemies":"2 Thieves","floor":19,"turns":4},{"damage":0,"enemies":"Shelled Parasite and Fungi","floor":22,"turns":7},{"damage":2,"enemies":"Centurion and Healer","floor":24,"turns":6},{"damage":0,"enemies":"Gremlin Leader","floor":25,"turns":7},{"damage":0,"enemies":"Sentry and Sphere","floor":27,"turns":4},{"damage":0,"enemies":"Colosseum Slavers","floor":29,"turns":4},{"damage":0,"enemies":"Colosseum Nobs","floor":29,"turns":5},{"damage":0,"enemies":"Snake Plant","floor":31,"turns":5},{"damage":8,"enemies":"Champ","floor":33,"turns":13},{"damage":0,"enemies":"3 Shapes","floor":35,"turns":7},{"damage":15,"enemies":"3 Darklings","floor":37,"turns":7},{"damage":0,"enemies":"Maw","floor":38,"turns":9},{"damage":79,"enemies":"Reptomancer","floor":41,"turns":6},{"damage":0,"enemies":"Transient","floor":42,"turns":5},{"damage":0,"enemies":"Nemesis","floor":44,"turns":7},{"damage":29,"enemies":"Time Eater","floor":50,"turns":19}],"seed_played":"6574098164822804352","potions_obtained":[{"floor":4,"key":"Regen Potion"},{"floor":7,"key":"Fire Potion"},{"floor":11,"key":"FearPotion"},{"floor":18,"key":"SteroidPotion"},{"floor":24,"key":"Energy Potion"},{"floor":25,"key":"SteroidPotion"},{"floor":33,"key":"PowerPotion"},{"floor":41,"key":"SteroidPotion"}],"is_trial":false,"path_per_floor":["M","$","?","M","$","E","M","E","T","R","E","R","M","$","R","B",null,"M","M","?","$","M","R","M","E","T","M","?","?","R","M","R","B",null,"M","$","M","M","?","R","E","M","T","E","$","?","R","?","R","B",null],"character_chosen":"THE_SILENT","items_purchased":["Noxious Fumes","Footwork","Escape Plan","Footwork","Anchor"],"campfire_rested":3,"item_purchase_floors":[5,21,36,45,45],"current_hp_per_floor":[63,63,52,52,52,52,50,30,30,30,20,56,56,56,56,23,58,51,51,51,51,51,51,49,49,49,49,36,36,36,36,73,65,73,73,73,58,58,58,58,17,17,17,17,17,17,54,64,64,35],"gold":123,"neow_bonus":"THREE_ENEMY_KILL","is_prod":false,"is_daily":false,"chose_seed":false,"campfire_upgraded":6,"win_rate":0,"timestamp":1562936086,"path_taken":["M","$","?","M","$","E","M","E","T","R","E","R","M","$","R","BOSS","M","M","?","$","M","R","?","E","T","M","?","?","R","M","R","BOSS","M","$","M","M","?","R","E","M","T","E","$","?","R","?","R","BOSS"],"build_version":"2019-07-05","purchased_purges":3,"victory":true,"max_hp_per_floor":[70,70,70,70,70,70,70,70,70,70,70,70,70,70,70,70,70,70,70,70,70,70,70,70,70,70,70,75,75,75,75,75,75,75,75,75,75,75,75,75,75,75,75,75,75,75,75,85,85,85],"card_choices":[{"not_picked":["Deflect","Bane"],"picked":"Dagger Spray","floor":1},{"not_picked":["Outmaneuver","Underhanded Strike"],"picked":"Cloak And Dagger","floor":4},{"not_picked":["Sucker Punch","Tactician"],"picked":"Crippling Poison","floor":6},{"not_picked":["Cloak And Dagger","Sucker Punch"],"picked":"Deadly Poison","floor":7},{"not_picked":["Caltrops","Reflex"],"picked":"Leg Sweep","floor":8},{"not_picked":["Masterful Stab","Blade Dance"],"picked":"Prepared","floor":11},{"not_picked":["Tactician","Skewer"],"picked":"Backstab","floor":13},{"not_picked":["Doppelganger","Envenom"],"picked":"Burst","floor":16},{"not_picked":["Backstab","Backflip"],"picked":"Dodge and Roll+1","floor":18},{"not_picked":["Bane","Dodge and Roll","Flechettes"],"picked":"SKIP","floor":19},{"not_picked":["Slice","All Out Attack+1","Distraction"],"picked":"SKIP","floor":22},{"not_picked":["Concentrate","Terror"],"picked":"PiercingWail","floor":24},{"not_picked":["Underhanded Strike","Dodge and Roll+1"],"picked":"Blur","floor":25},{"not_picked":["Poisoned Stab+1","Blur"],"picked":"Well Laid Plans+1","floor":27},{"not_picked":["Adrenaline","Expertise"],"picked":"Deadly Poison+1","floor":29},{"not_picked":["Underhanded Strike","Flying Knee+1"],"picked":"Escape Plan","floor":31},{"not_picked":["All Out Attack+1","Setup+1","Endless Agony"],"picked":"SKIP","floor":35},{"not_picked":["Bane+1","Caltrops","Prepared+1"],"picked":"SKIP","floor":37},{"not_picked":["Sucker Punch+1","Underhanded Strike+1","Skewer"],"picked":"SKIP","floor":38},{"not_picked":["Accuracy","Finisher+1"],"picked":"Acrobatics","floor":41},{"not_picked":["Choke","Calculated Gamble+1","Expertise"],"picked":"SKIP","floor":42},{"not_picked":["Underhanded Strike+1","Sucker Punch"],"picked":"Leg Sweep","floor":44}],"player_experience":222034,"relics_obtained":[{"floor":6,"key":"Bag of Marbles"},{"floor":8,"key":"Snake Skull"},{"floor":9,"key":"Regal Pillow"},{"floor":11,"key":"FossilizedHelix"},{"floor":25,"key":"Blue Candle"},{"floor":26,"key":"PreservedInsect"},{"floor":29,"key":"Incense Burner"},{"floor":29,"key":"Kunai"},{"floor":41,"key":"Letter Opener"},{"floor":43,"key":"Art of War"},{"floor":44,"key":"Peace Pipe"},{"floor":48,"key":"Pear"}],"event_choices":[{"damage_healed":0,"gold_gain":75,"player_choice":"Gather Gold","damage_taken":11,"max_hp_gain":0,"max_hp_loss":0,"event_name":"World of Goop","floor":3,"gold_loss":0},{"damage_healed":0,"gold_gain":0,"player_choice":"Upgraded Two","damage_taken":0,"max_hp_gain":0,"max_hp_loss":0,"event_name":"Designer","floor":20,"gold_loss":40,"cards_upgraded":["Defend_G","Defend_G"]},{"damage_healed":0,"gold_gain":0,"player_choice":"Shed Blood","damage_taken":18,"max_hp_gain":5,"max_hp_loss":0,"event_name":"Forgotten Altar","floor":28,"gold_loss":0},{"damage_healed":0,"gold_gain":0,"player_choice":"Fight","damage_taken":0,"max_hp_gain":0,"max_hp_loss":0,"event_name":"Colosseum","floor":29,"gold_loss":0},{"damage_healed":0,"gold_gain":0,"player_choice":"Fought Nobs","damage_taken":0,"max_hp_gain":0,"max_hp_loss":0,"event_name":"Colosseum","floor":29,"gold_loss":0},{"damage_healed":0,"gold_gain":0,"player_choice":"Ignored","damage_taken":0,"max_hp_gain":0,"max_hp_loss":0,"event_name":"Tomb of Lord Red Mask","floor":39,"gold_loss":0},{"damage_healed":0,"gold_gain":0,"player_choice":"Ignored","damage_taken":0,"max_hp_gain":0,"max_hp_loss":0,"event_name":"Mysterious Sphere","floor":46,"gold_loss":0},{"damage_healed":0,"gold_gain":0,"player_choice":"Relic","damage_taken":0,"max_hp_gain":0,"max_hp_loss":0,"event_name":"Wheel of Change","floor":48,"gold_loss":0}],"is_beta":false,"boss_relics":[{"not_picked":["Runic Pyramid","Philosopher\u0027s Stone"],"picked":"Velvet Choker"},{"not_picked":["HoveringKite","Calling Bell"],"picked":"Lizard Tail"}],"items_purged_floors":[2,14,36],"is_endless":false,"potions_floor_spawned":[4,7,11,18,24,25,33,37,41],"ascension_level":9}