{"gold_per_floor":[111,111,111,37,37,37,80,103,156,169,193,226,226,31,31,156,156,180,105,125,125,150,150,22,22],"floor_reached":25,"playtime":5430,"items_purged":[],"score":334,"play_id":"1832adda-6d44-4ff9-a934-b0253823bde0","local_time":"20190702213439","is_ascension_mode":true,"campfire_choices":[{"data":"Neutralize","floor":6,"key":"SMITH"},{"floor":13,"key":"REST"},{"data":"Burst","floor":15,"key":"SMITH"},{"floor":23,"key":"REST"}],"neow_cost":"NONE","seed_source_timestamp":19097996469794,"circlet_count":0,"master_deck":["AscendersBane","Strike_G","Strike_G","Defend_G","Defend_G","Defend_G","Defend_G","Defend_G","Survivor","Neutralize+1","Sucker Punch","Injury","All Out Attack","Noxious Fumes","Burst+1","Dagger Throw","Leg Sweep","Choke","Malaise","Venomology","Heel Hook+1","Dagger Throw+1","Calculated Gamble+1","Dagger Spray","PiercingWail","Backstab","Cloak And Dagger","Crippling Poison"],"relics":["Ring of the Snake","Golden Idol","FossilizedHelix","Bag of Preparation","Blood Vial","Frozen Eye","Astrolabe","SsserpentHead"],"potions_floor_usage":[11,12,16,18,19,20,22,22],"damage_taken":[{"damage":4,"enemies":"Jaw Worm","floor":1,"turns":7},{"damage":24,"enemies":"3 Sentries","floor":7,"turns":7},{"damage":0,"enemies":"Small Slimes","floor":8,"turns":4},{"damage":0,"enemies":"Cultist","floor":10,"turns":5},{"damage":0,"enemies":"3 Louse","floor":11,"turns":3},{"damage":10,"enemies":"Gremlin Nob","floor":12,"turns":5},{"damage":36,"enemies":"The Guardian","floor":16,"turns":12},{"damage":13,"enemies":"Shell Parasite","floor":18,"turns":13},{"damage":10,"enemies":"2 Thieves","floor":19,"turns":5},{"damage":16,"enemies":"Snake Plant","floor":20,"turns":8},{"damage":19,"enemies":"Snecko","floor":22,"turns":7},{"damage":30,"enemies":"Slavers","floor":25,"turns":3}],"seed_played":"2455205935187364424","potions_obtained":[{"floor":7,"key":"Strength Potion"},{"floor":10,"key":"AttackPotion"},{"floor":11,"key":"AttackPotion"},{"floor":20,"key":"Weak Potion"}],"is_trial":false,"path_per_floor":["M","?","?","$","?","R","E","M","T","M","M","E","R","$","R","B",null,"M","M","M","?","M","R","$","E"],"character_chosen":"THE_SILENT","items_purchased":["All Out Attack","Frozen Eye","Crippling Poison","SpeedPotion"],"campfire_rested":2,"item_purchase_floors":[4,14,24,24],"current_hp_per_floor":[59,52,52,52,52,52,28,28,28,28,28,18,39,39,39,5,54,43,35,21,21,4,25,25,0],"gold":22,"neow_bonus":"ONE_RANDOM_RARE_CARD","is_prod":false,"is_daily":false,"chose_seed":false,"campfire_upgraded":2,"win_rate":0,"timestamp":1562067279,"path_taken":["M","?","?","?","?","R","E","M","T","?","M","E","R","$","R","BOSS","M","M","M","?","M","R","$","E"],"build_version":"2019-07-01","purchased_purges":0,"victory":false,"max_hp_per_floor":[70,70,70,70,70,70,70,70,70,70,70,70,70,70,70,70,70,70,70,70,70,70,70,70,70],"card_choices":[{"not_picked":["Prepared","Endless Agony"],"picked":"Sucker Punch","floor":1},{"not_picked":["Reflex","Concentrate"],"picked":"Dagger Throw","floor":7},{"not_picked":["Accuracy","Blade Dance"],"picked":"Leg Sweep","floor":8},{"not_picked":["Setup","All Out Attack"],"picked":"Choke","floor":10},{"not_picked":["Dagger Throw","Prepared","Sucker Punch"],"picked":"SKIP","floor":11},{"not_picked":["Setup","Underhanded Strike"],"picked":"Malaise","floor":12},{"not_picked":["Doppelganger","Unload"],"picked":"Venomology","floor":16},{"not_picked":["Dagger Throw","Masterful Stab"],"picked":"Dagger Spray","floor":18},{"not_picked":["Bane","Sucker Punch"],"picked":"PiercingWail","floor":19},{"not_picked":["Deadly Poison","Poisoned Stab"],"picked":"Backstab","floor":20},{"not_picked":["Deflect","PiercingWail"],"picked":"Cloak And Dagger","floor":22}],"player_experience":903258,"relics_obtained":[{"floor":7,"key":"FossilizedHelix"},{"floor":9,"key":"Bag of Preparation"},{"floor":12,"key":"Blood Vial"}],"event_choices":[{"cards_removed":["Strike_G"],"damage_healed":0,"gold_gain":0,"player_choice":"Card Removal","damage_taken":7,"max_hp_gain":0,"max_hp_loss":0,"event_name":"Golden Wing","floor":2,"gold_loss":0},{"damage_healed":0,"gold_gain":0,"player_choice":"Take Wound","damage_taken":0,"relics_obtained":["Golden Idol"],"max_hp_gain":0,"max_hp_loss":0,"event_name":"Golden Idol","floor":3,"gold_loss":0,"cards_obtained":["Injury"]},{"damage_healed":0,"gold_gain":0,"player_choice":"2 cards matched","damage_taken":0,"max_hp_gain":0,"max_hp_loss":0,"event_name":"Match and Keep!","floor":5,"gold_loss":0,"cards_obtained":["Noxious Fumes","Burst"]},{"damage_healed":0,"gold_gain":0,"player_choice":"Trade","damage_taken":0,"relics_obtained":["SsserpentHead"],"max_hp_gain":0,"max_hp_loss":0,"event_name":"FaceTrader","floor":21,"gold_loss":0}],"is_beta":false,"boss_relics":[{"not_picked":["Philosopher\u0027s Stone","Pandora\u0027s Box"],"picked":"Astrolabe"}],"items_purged_floors":[],"is_endless":false,"potions_floor_spawned":[7,10,11,20],"killed_by":"Slavers","ascension_level":12}