{"gold_per_floor":[115,35,35,46,56,56,74,74,100,100,114,114,39,69,69,140,140,157,25,39,59,25,25,40,40,67,79,119,148,160,185,197,282,294,324,355,367,389,401,470,482,508,565,182,282,329,354,5,5,5],"floor_reached":51,"playtime":2124,"items_purged":["Strike_R"],"score":1231,"play_id":"d6f107b7-22bb-4297-92b3-3102162ed7ba","local_time":"20190716235257","is_ascension_mode":true,"campfire_choices":[{"data":"Whirlwind","floor":6,"key":"SMITH"},{"data":"Seeing Red","floor":8,"key":"SMITH"},{"data":"Intimidate","floor":10,"key":"SMITH"},{"data":"Bash","floor":12,"key":"SMITH"},{"data":"Blood for Blood","floor":15,"key":"SMITH"},{"data":"Spot Weakness","floor":23,"key":"SMITH"},{"floor":27,"key":"REST"},{"data":"Blind","floor":32,"key":"SMITH"},{"data":"Shockwave","floor":41,"key":"SMITH"},{"data":"Double Tap","floor":49,"key":"SMITH"}],"neow_cost":"TEN_PERCENT_HP_LOSS","seed_source_timestamp":464439900490666,"circlet_count":0,"master_deck":["AscendersBane","Strike_R+1","Strike_R+1","Strike_R+1","Defend_R+1","Defend_R+1","Defend_R+1","Defend_R+1","Bash+1","Whirlwind+1","Seeing Red+1","Reaper","Intimidate+1","Iron Wave","Blood for Blood+1","Double Tap+1","Ghostly Armor","Blind+1","Shrug It Off+1","Spot Weakness+1","Necronomicurse","Clothesline+1","Reaper","Shockwave+1"],"relics":["Burning Blood","Ice Cream","Art of War","Anchor","Eternal Feather","Necronomicon","MawBank","Ornamental Fan","Coffee Dripper","Tiny Chest","Red Skull","Juzu Bracelet","Lee\u0027s Waffle","Champion Belt","Bag of Preparation","Potion Belt","Bronze Scales","Happy Flower"],"potions_floor_usage":[14,14,16,28,33,35,50,50,50,50],"damage_taken":[{"damage":12,"enemies":"Small Slimes","floor":1,"turns":4},{"damage":1,"enemies":"Cultist","floor":4,"turns":4},{"damage":2,"enemies":"Jaw Worm","floor":5,"turns":3},{"damage":9,"enemies":"Blue Slaver","floor":7,"turns":4},{"damage":13,"enemies":"Large Slime","floor":11,"turns":4},{"damage":7,"enemies":"Gremlin Nob","floor":14,"turns":3},{"damage":44,"enemies":"Hexaghost","floor":16,"turns":9},{"damage":2,"enemies":"Shell Parasite","floor":18,"turns":4},{"damage":0,"enemies":"Chosen","floor":20,"turns":3},{"damage":43,"enemies":"Sentry and Sphere","floor":21,"turns":6},{"damage":17,"enemies":"Centurion and Healer","floor":24,"turns":4},{"damage":1,"enemies":"Gremlin Leader","floor":28,"turns":5},{"damage":24,"enemies":"Snake Plant","floor":29,"turns":4},{"damage":10,"enemies":"Cultist and Chosen","floor":31,"turns":5},{"damage":11,"enemies":"Champ","floor":33,"turns":8},{"damage":0,"enemies":"3 Shapes","floor":35,"turns":4},{"damage":0,"enemies":"3 Darklings","floor":36,"turns":3},{"damage":19,"enemies":"Sphere and 2 Shapes","floor":38,"turns":4},{"damage":40,"enemies":"Reptomancer","floor":40,"turns":6},{"damage":29,"enemies":"Jaw Worm Horde","floor":42,"turns":4},{"damage":0,"enemies":"Mind Bloom Boss Battle","floor":45,"turns":5},{"damage":32,"enemies":"Giant Head","floor":47,"turns":7},{"damage":53,"enemies":"Time Eater","floor":50,"turns":9}],"seed_played":"7083191478267130029","potions_obtained":[{"floor":1,"key":"GamblersBrew"},{"floor":4,"key":"Swift Potion"},{"floor":14,"key":"EssenceOfSteel"},{"floor":20,"key":"Regen Potion"},{"floor":21,"key":"SteroidPotion"},{"floor":31,"key":"EssenceOfSteel"},{"floor":38,"key":"Ancient Potion"},{"floor":47,"key":"SteroidPotion"}],"is_trial":false,"path_per_floor":["M","$","?","M","M","R","M","R","T","R","M","R","$","E","R","B",null,"M","$","M","M","$","R","M","?","T","R","E","M","?","M","R","B",null,"M","M","?","M","?","E","R","M","T","$","?","T","E","$","R","B",null],"character_chosen":"IRONCLAD","items_purchased":["Seeing Red","Ghostly Armor","Blind","Spot Weakness","Juzu Bracelet","PowerPotion","Lee\u0027s Waffle","Strength Potion","Bronze Scales","Happy Flower"],"campfire_rested":1,"item_purchase_floors":[2,19,19,22,44,44,44,48,48,48],"current_hp_per_floor":[62,62,62,67,68,68,65,65,65,65,64,64,64,63,63,29,58,62,62,68,31,31,43,40,19,19,51,68,50,50,64,68,63,67,68,68,68,55,55,54,66,63,63,75,75,75,49,49,61,69],"gold":5,"neow_bonus":"ONE_RARE_RELIC","is_prod":false,"is_daily":false,"chose_seed":false,"campfire_upgraded":9,"win_rate":0,"timestamp":1563288777,"path_taken":["M","$","?","M","M","R","M","R","T","R","M","R","$","E","R","BOSS","M","$","?","M","$","R","M","?","T","R","E","M","?","?","R","BOSS","M","M","?","M","?","E","R","M","T","$","?","?","E","?","R","BOSS"],"build_version":"2019-07-01","purchased_purges":1,"victory":true,"max_hp_per_floor":[68,68,68,68,68,68,68,68,68,68,68,68,68,68,68,68,68,68,68,68,68,68,68,68,68,68,68,68,68,68,68,68,68,68,68,68,68,68,68,68,68,68,68,75,75,75,75,75,75,75],"card_choices":[{"not_picked":["Body Slam","Shockwave"],"picked":"Whirlwind","floor":1},{"not_picked":["Heavy Blade","Infernal Blade","Rampage"],"picked":"SKIP","floor":4},{"not_picked":["Twin Strike","Heavy Blade"],"picked":"Intimidate","floor":5},{"not_picked":["Twin Strike","Armaments","Flex"],"picked":"SKIP","floor":7},{"not_picked":["Anger","Rage"],"picked":"Iron Wave","floor":11},{"not_picked":["Cleave","Infernal Blade"],"picked":"Blood for Blood","floor":14},{"not_picked":["Dark Embrace","Brutality"],"picked":"Double Tap","floor":16},{"not_picked":["Twin Strike","Anger","Intimidate"],"picked":"SKIP","floor":18},{"not_picked":["Twin Strike","Ghostly Armor","Wild Strike"],"picked":"SKIP","floor":20},{"not_picked":["Sword Boomerang","Clothesline"],"picked":"Shrug It Off+1","floor":21},{"not_picked":["Clash","Heavy Blade","Entrench"],"picked":"SKIP","floor":24},{"not_picked":["Corruption","Wild Strike","Clothesline+1"],"picked":"SKIP","floor":28},{"not_picked":["Corruption","Wild Strike"],"picked":"Clothesline+1","floor":28},{"not_picked":["Havoc","Clothesline+1","Shockwave"],"picked":"SKIP","floor":29},{"not_picked":["Perfected Strike","Whirlwind","Cleave"],"picked":"SKIP","floor":31},{"not_picked":["Perfected Strike","Whirlwind","Cleave"],"picked":"SKIP","floor":31},{"not_picked":["Dark Embrace","Double Tap"],"picked":"Reaper","floor":33},{"not_picked":["Fire Breathing","True Grit","Wild Strike+1"],"picked":"SKIP","floor":35},{"not_picked":["Dual Wield","Infernal Blade","Pommel Strike"],"picked":"SKIP","floor":36},{"not_picked":["Heavy Blade","Bloodletting"],"picked":"Shockwave","floor":38},{"not_picked":["Intimidate","Thunderclap","Shrug It Off"],"picked":"SKIP","floor":40},{"not_picked":["True Grit+1","Shrug It Off","Bloodletting"],"picked":"SKIP","floor":42},{"not_picked":["Havoc","Blood for Blood","Feed"],"picked":"SKIP","floor":47}],"player_experience":1152192,"relics_obtained":[{"floor":9,"key":"Art of War"},{"floor":14,"key":"Anchor"},{"floor":25,"key":"Necronomicon"},{"floor":26,"key":"MawBank"},{"floor":28,"key":"Ornamental Fan"},{"floor":40,"key":"Tiny Chest"},{"floor":43,"key":"Red Skull"},{"floor":45,"key":"Champion Belt"},{"floor":46,"key":"Bag of Preparation"},{"floor":47,"key":"Potion Belt"}],"event_choices":[{"damage_healed":0,"gold_gain":0,"player_choice":"1 cards matched","damage_taken":0,"max_hp_gain":0,"max_hp_loss":0,"event_name":"Match and Keep!","floor":3,"gold_loss":0,"cards_obtained":["Reaper"]},{"damage_healed":0,"gold_gain":0,"player_choice":"Obtained Book","damage_taken":21,"max_hp_gain":0,"max_hp_loss":0,"event_name":"Cursed Tome","floor":25,"gold_loss":0},{"damage_healed":0,"gold_gain":0,"player_choice":"Simplicity","damage_taken":0,"max_hp_gain":0,"max_hp_loss":0,"event_name":"Back to Basics","floor":30,"gold_loss":0,"cards_upgraded":["Strike_R","Strike_R","Strike_R","Strike_R","Defend_R","Defend_R","Defend_R","Defend_R"]},{"cards_removed":["Strike_R"],"damage_healed":0,"gold_gain":0,"player_choice":"Removed Attack","damage_taken":0,"max_hp_gain":0,"max_hp_loss":0,"event_name":"Falling","floor":37,"gold_loss":0},{"damage_healed":0,"gold_gain":0,"player_choice":"Ignored","damage_taken":0,"max_hp_gain":0,"max_hp_loss":0,"event_name":"Tomb of Lord Red Mask","floor":39,"gold_loss":0},{"damage_healed":0,"gold_gain":0,"player_choice":"Fight","damage_taken":0,"max_hp_gain":0,"max_hp_loss":0,"event_name":"MindBloom","floor":45,"gold_loss":0}],"is_beta":false,"boss_relics":[{"not_picked":["Tiny House","Runic Cube"],"picked":"Eternal Feather"},{"not_picked":["Sozu","Mark of Pain"],"picked":"Coffee Dripper"}],"items_purged_floors":[13],"is_endless":false,"potions_floor_spawned":[1,4,11,14,20,21,31,38,45,47],"ascension_level":15}