{"gold_per_floor":[115,115,131,56,56,88,88,263,263,273,303,131,6,6,6,6],"floor_reached":16,"playtime":674,"items_purged":["Strike_B","Doubt","Strike_B"],"score":144,"play_id":"69fe48c4-16c5-4b82-ae0c-572e131f52a9","local_time":"20190126230917","is_ascension_mode":true,"campfire_choices":[{"floor":15,"key":"REST"}],"neow_cost":"NONE","seed_source_timestamp":3597350144489,"circlet_count":0,"master_deck":["Strike_B","Strike_B","Defend_B+1","Defend_B+1","Defend_B","Zap","Dualcast","Gash","Fission","BootSequence+1","Skim+1"],"relics":["Cracked Core","NeowsBlessing","Cables","Potion Belt","War Paint","Toxic Egg 2"],"potions_floor_usage":[],"damage_taken":[{"damage":0,"enemies":"2 Louse","floor":1,"turns":1},{"damage":0,"enemies":"Cultist","floor":3,"turns":1},{"damage":0,"enemies":"Gremlin Nob","floor":6,"turns":1},{"damage":10,"enemies":"Small Slimes","floor":10,"turns":2},{"damage":40,"enemies":"3 Sentries","floor":11,"turns":7},{"damage":44,"enemies":"The Guardian","floor":16,"turns":10}],"seed_played":"2515872665465510844","potions_obtained":[{"floor":10,"key":"FearPotion"}],"is_trial":false,"path_per_floor":["M","?","M","$","T","E","?","?","T","M","E","$","$","?","R","B"],"character_chosen":"DEFECT","items_purchased":["Skim+1"],"campfire_rested":1,"item_purchase_floors":[12],"current_hp_per_floor":[75,75,75,75,75,75,75,75,75,65,25,25,25,18,40,0],"gold":6,"neow_bonus":"THREE_ENEMY_KILL","is_prod":false,"is_daily":false,"chose_seed":false,"campfire_upgraded":0,"win_rate":0,"timestamp":1548565757,"path_taken":["M","?","M","$","?","E","?","?","T","?","E","?","$","?","R","BOSS"],"build_version":"2019-01-23","purchased_purges":3,"victory":false,"max_hp_per_floor":[75,75,75,75,75,75,75,75,75,75,75,75,75,75,75,75],"card_choices":[{"not_picked":["Ball Lightning","Aggregate","Turbo"],"picked":"SKIP","floor":1},{"not_picked":["Cold Snap","Redo"],"picked":"Gash","floor":3},{"not_picked":["Double Energy","Barrage"],"picked":"Fission","floor":6},{"not_picked":["Tempest","Cold Snap","Rebound"],"picked":"SKIP","floor":10},{"not_picked":["Loop","Hologram"],"picked":"BootSequence","floor":11}],"player_experience":345931,"relics_obtained":[{"floor":5,"key":"Cables"},{"floor":6,"key":"Potion Belt"},{"floor":9,"key":"War Paint"},{"floor":11,"key":"Toxic Egg 2"}],"event_choices":[{"damage_healed":0,"gold_gain":0,"player_choice":"Bought 0 Potions","damage_taken":0,"max_hp_gain":0,"max_hp_loss":0,"event_name":"The Woman in Blue","floor":2,"gold_loss":0},{"cards_removed":["Defend_B"],"damage_healed":0,"gold_gain":0,"player_choice":"Forget","damage_taken":0,"max_hp_gain":0,"max_hp_loss":0,"event_name":"Living Wall","floor":7,"gold_loss":0},{"damage_healed":0,"gold_gain":175,"player_choice":"AGREE","damage_taken":0,"max_hp_gain":0,"max_hp_loss":0,"event_name":"Liars Game","floor":8,"gold_loss":0,"cards_obtained":["Doubt"]},{"damage_healed":0,"gold_gain":0,"player_choice":"Damaged","damage_taken":7,"max_hp_gain":0,"max_hp_loss":0,"event_name":"Wheel of Change","floor":14,"gold_loss":0}],"is_beta":false,"boss_relics":[],"items_purged_floors":[4,12,13],"is_endless":false,"potions_floor_spawned":[10],"killed_by":"The Guardian","ascension_level":2}