{"gold_per_floor":[110,127,139,157,12,45,45,60,60,118,118,118,151,28,28,159,159,174,174,68,95,194,209,232,232,232,232,250,290,290,290],"floor_reached":31,"playtime":1290,"items_purged":["Strike_G","Strike_G"],"score":276,"play_id":"4964b648-0739-4649-9cf1-0b371232587b","local_time":"20190420222750","is_ascension_mode":true,"campfire_choices":[{"floor":7,"key":"REST"},{"data":"Infinite Blades","floor":12,"key":"SMITH"},{"floor":15,"key":"REST"},{"data":"Accuracy","floor":25,"key":"SMITH"},{"data":"Bouncing Flask","floor":27,"key":"SMITH"}],"neow_cost":"NONE","seed_source_timestamp":29915735067146,"circlet_count":0,"master_deck":["Defend_G","Defend_G","Defend_G","Defend_G","Defend_G","Strike_G","Strike_G","Strike_G","Survivor","Neutralize","Cloak And Dagger","Backflip","Dagger Throw","Accuracy+1","Infinite Blades+1","Outmaneuver","Blade Dance","Injury","Bouncing Flask+1","Dodge and Roll","Tools of the Trade","Blade Dance+1","Poisoned Stab","Noxious Fumes","Dagger Throw+1","Deflect","Cloak And Dagger+1","Dodge and Roll+1","Parasite","Outmaneuver+1"],"relics":["Black Star","Lantern","Bottled Tornado","Pantograph","Snake Skull","Golden Idol","Ginger","Incense Burner","Sozu","Strawberry","Toxic Egg 2","Boot","Potion Belt"],"potions_floor_usage":[10,13,16],"damage_taken":[{"damage":2,"enemies":"2 Louse","floor":1,"turns":3},{"damage":3,"enemies":"Jaw Worm","floor":2,"turns":5},{"damage":0,"enemies":"Cultist","floor":3,"turns":5},{"damage":3,"enemies":"Looter","floor":4,"turns":5},{"damage":20,"enemies":"3 Sentries","floor":6,"turns":11},{"damage":8,"enemies":"3 Louse","floor":8,"turns":4},{"damage":5,"enemies":"3 Sentries","floor":10,"turns":8},{"damage":22,"enemies":"Gremlin Nob","floor":13,"turns":4},{"damage":43,"enemies":"Hexaghost","floor":16,"turns":10},{"damage":10,"enemies":"Spheric Guardian","floor":18,"turns":5},{"damage":10,"enemies":"2 Thieves","floor":23,"turns":4},{"damage":15,"enemies":"Snecko","floor":24,"turns":4},{"damage":5,"enemies":"Cultist and Chosen","floor":28,"turns":5},{"damage":29,"enemies":"Book of Stabbing","floor":29,"turns":5},{"damage":10,"enemies":"Gremlin Leader","floor":31,"turns":1}],"seed_played":"5548133587226575844","potions_obtained":[{"floor":8,"key":"Weak Potion"},{"floor":10,"key":"Poison Potion"},{"floor":13,"key":"Swift Potion"}],"is_trial":false,"path_per_floor":["M","M","M","M","$","E","R","M","T","?","?","R","E","$","R","B",null,"M","?","$","T","?","M","M","R","T","R","M","E","?","E"],"character_chosen":"THE_SILENT","items_purchased":["Infinite Blades","Dodge and Roll","Poisoned Stab","Noxious Fumes"],"campfire_rested":2,"item_purchase_floors":[5,14,20,20],"current_hp_per_floor":[68,65,65,62,62,42,63,55,55,50,50,50,28,28,49,27,70,60,60,60,67,67,57,42,42,42,42,37,8,8,0],"gold":290,"neow_bonus":"BOSS_RELIC","is_prod":false,"is_daily":false,"chose_seed":false,"campfire_upgraded":3,"win_rate":0,"timestamp":1555763270,"path_taken":["M","M","M","M","$","E","R","M","T","?","?","R","E","?","R","BOSS","M","?","$","?","?","M","M","R","T","R","M","E","?","E"],"build_version":"2019-01-23","purchased_purges":2,"victory":false,"max_hp_per_floor":[70,70,70,70,70,70,70,70,70,70,70,70,70,70,70,70,70,70,70,70,77,77,77,77,77,77,77,77,77,77,77],"card_choices":[{"not_picked":["PiercingWail","Bane"],"picked":"Cloak And Dagger","floor":1},{"not_picked":["Flying Knee","Distraction"],"picked":"Backflip","floor":2},{"not_picked":["Terror","PiercingWail"],"picked":"Dagger Throw","floor":3},{"not_picked":["Crippling Poison","PiercingWail"],"picked":"Accuracy","floor":4},{"not_picked":["Storm of Steel","Expertise"],"picked":"Outmaneuver","floor":6},{"not_picked":["Deadly Poison","PiercingWail"],"picked":"Blade Dance","floor":8},{"not_picked":["Well Laid Plans","Masterful Stab"],"picked":"Bouncing Flask","floor":13},{"not_picked":["Storm of Steel","Phantasmal Killer"],"picked":"Tools of the Trade","floor":16},{"not_picked":["PiercingWail","Finisher"],"picked":"Blade Dance+1","floor":18},{"not_picked":["Endless Agony","Skewer+1"],"picked":"Dagger Throw+1","floor":23},{"not_picked":["Flying Knee+1","Finisher"],"picked":"Deflect","floor":24},{"not_picked":["Quick Slash","Escape Plan+1"],"picked":"Cloak And Dagger+1","floor":28},{"not_picked":["Concentrate+1","Night Terror+1"],"picked":"Dodge and Roll+1","floor":29}],"player_experience":360830,"relics_obtained":[{"floor":6,"key":"Lantern"},{"floor":6,"key":"Bottled Tornado"},{"floor":9,"key":"Pantograph"},{"floor":13,"key":"Ginger"},{"floor":13,"key":"Incense Burner"},{"floor":21,"key":"Strawberry"},{"floor":26,"key":"Toxic Egg 2"},{"floor":29,"key":"Boot"},{"floor":29,"key":"Potion Belt"}],"event_choices":[{"damage_healed":0,"gold_gain":0,"player_choice":"Searched \u00273\u0027 times","damage_taken":0,"relics_obtained":["Snake Skull"],"max_hp_gain":0,"max_hp_loss":0,"event_name":"Dead Adventurer","floor":10,"gold_loss":0},{"damage_healed":0,"gold_gain":0,"player_choice":"Take Wound","damage_taken":0,"relics_obtained":["Golden Idol"],"max_hp_gain":0,"max_hp_loss":0,"event_name":"Golden Idol","floor":11,"gold_loss":0,"cards_obtained":["Injury"]},{"damage_healed":0,"gold_gain":0,"player_choice":"Leave","damage_taken":0,"max_hp_gain":0,"max_hp_loss":0,"event_name":"FaceTrader","floor":19,"gold_loss":0},{"damage_healed":0,"gold_gain":99,"player_choice":"Stole From Cult","damage_taken":0,"max_hp_gain":0,"max_hp_loss":0,"event_name":"Nest","floor":22,"gold_loss":0},{"damage_healed":0,"gold_gain":0,"player_choice":"2 cards matched","damage_taken":0,"max_hp_gain":0,"max_hp_loss":0,"event_name":"Match and Keep!","floor":30,"gold_loss":0,"cards_obtained":["Parasite","Outmaneuver"]}],"is_beta":false,"boss_relics":[{"not_picked":["Pandora\u0027s Box","Snecko Eye"],"picked":"Sozu"}],"items_purged_floors":[5,14],"is_endless":false,"potions_floor_spawned":[8,10,13,23,24],"killed_by":"Gremlin Leader","ascension_level":1}