{"gold_per_floor":[114,126,143,158,158,158,169,188,267,267,267,156,166,190,190,288,338,354,2,16,36,36,36,53,64,64,64,64,75,75,75,75,179,179,195,195,215,215,115,115,142,157,183,102,102,102,102,122,122,122],"floor_reached":51,"playtime":6817,"items_purged":["Strike_B","Defend_B"],"score":694,"play_id":"fd643d0d-1fe9-4cff-8297-b44898e7e4b2","local_time":"20190223102519","is_ascension_mode":false,"campfire_choices":[{"data":"Blizzard","floor":6,"key":"SMITH"},{"floor":11,"key":"REST"},{"floor":15,"key":"REST"},{"data":"Chill","floor":23,"key":"SMITH"},{"data":"Defragment","floor":30,"key":"SMITH"},{"data":"Defragment","floor":32,"key":"SMITH"},{"data":"Apotheosis","floor":40,"key":"SMITH"},{"data":"Seek","floor":45,"key":"SMITH"},{"data":"Loop","floor":47,"key":"SMITH"},{"data":"Loop","floor":49,"key":"SMITH"}],"neow_cost":"NONE","seed_source_timestamp":309069046454010,"circlet_count":0,"master_deck":["Defend_B+1","Defend_B","Zap","Dualcast","Seek+1","Cold Snap","Blizzard+1","Cold Snap","Loop+1","Self Repair","Chill+1","Glacier+1","Loop+1","Capacitor+1","Defragment+1","Defragment+1","Machine Learning","Apotheosis+1","Chill"],"relics":["Cracked Core","Sundial","Boot","Odd Mushroom","Tiny House","FossilizedHelix","Torii","Kunai","Nilry\u0027s Codex","Empty Cage","Art of War","Blood Vial"],"potions_floor_usage":[16,42,42,50],"damage_taken":[{"damage":0,"enemies":"Cultist","floor":1,"turns":3},{"damage":3,"enemies":"Small Slimes","floor":2,"turns":3},{"damage":0,"enemies":"Jaw Worm","floor":3,"turns":4},{"damage":0,"enemies":"3 Louse","floor":4,"turns":3},{"damage":7,"enemies":"Blue Slaver","floor":7,"turns":4},{"damage":1,"enemies":"Red Slaver","floor":8,"turns":5},{"damage":6,"enemies":"2 Fungi Beasts","floor":13,"turns":5},{"damage":23,"enemies":"The Mushroom Lair","floor":14,"turns":6},{"damage":31,"enemies":"Slime Boss","floor":16,"turns":12},{"damage":15,"enemies":"3 Byrds","floor":18,"turns":6},{"damage":0,"enemies":"Chosen","floor":20,"turns":9},{"damage":3,"enemies":"Shelled Parasite and Fungi","floor":21,"turns":8},{"damage":16,"enemies":"Snake Plant","floor":24,"turns":7},{"damage":1,"enemies":"Sentry and Sphere","floor":25,"turns":11},{"damage":1,"enemies":"3 Cultists","floor":29,"turns":6},{"damage":0,"enemies":"Champ","floor":33,"turns":17},{"damage":9,"enemies":"3 Darklings","floor":35,"turns":9},{"damage":0,"enemies":"3 Shapes","floor":37,"turns":6},{"damage":0,"enemies":"Nemesis","floor":41,"turns":13},{"damage":16,"enemies":"Transient","floor":42,"turns":5},{"damage":2,"enemies":"Spire Growth","floor":48,"turns":7},{"damage":8,"enemies":"Time Eater","floor":50,"turns":13}],"seed_played":"-3258214441875833170","potions_obtained":[{"floor":1,"key":"Poison Potion"},{"floor":3,"key":"Ancient Potion"},{"floor":7,"key":"Strength Potion"},{"floor":14,"key":"AttackPotion"},{"floor":17,"key":"Fire Potion"},{"floor":24,"key":"FocusPotion"},{"floor":41,"key":"Fruit Juice"},{"floor":48,"key":"FairyPotion"}],"is_trial":false,"path_per_floor":["M","M","M","M","?","R","M","M","T","?","R","$","M","?","R","B",null,"M","$","M","M","?","R","M","M","T","?","?","M","R","?","R","B",null,"M","?","M","?","$","R","E","M","T","$","R","$","R","M","R","B",null],"character_chosen":"DEFECT","items_purchased":["Self Repair","FossilizedHelix","Loop","Chill"],"campfire_rested":2,"item_purchase_floors":[12,19,19,44],"current_hp_per_floor":[75,72,72,72,72,72,65,64,64,46,68,68,69,53,75,51,80,72,72,79,80,80,80,71,77,77,77,61,67,67,67,67,74,80,78,78,80,80,80,80,80,79,79,79,79,79,79,85,85,85],"gold":122,"neow_bonus":"ONE_RANDOM_RARE_CARD","is_prod":false,"is_daily":false,"chose_seed":false,"campfire_upgraded":8,"win_rate":0,"timestamp":1550939119,"path_taken":["M","M","M","?","?","R","M","M","T","?","R","$","M","?","R","BOSS","M","$","M","M","?","R","M","?","T","?","?","M","R","?","R","BOSS","M","?","M","?","?","R","E","?","T","$","R","?","R","M","R","BOSS"],"build_version":"2019-01-23","purchased_purges":2,"victory":true,"max_hp_per_floor":[75,75,75,75,75,75,75,75,75,75,75,75,75,75,75,75,80,80,80,80,80,80,80,80,80,80,80,80,80,80,80,80,80,80,80,80,80,80,80,80,80,85,85,85,85,85,85,85,85,85],"card_choices":[{"not_picked":["Reinforced Body","Stack"],"picked":"Cold Snap","floor":1},{"not_picked":["Cold Snap","Hologram"],"picked":"Blizzard","floor":2},{"not_picked":["Beam Cell","White Noise"],"picked":"Cold Snap","floor":3},{"not_picked":["Gash","Barrage"],"picked":"Loop","floor":4},{"not_picked":["Redo","Force Field","Leap"],"picked":"SKIP","floor":7},{"not_picked":["Compile Driver","Steam","Gash"],"picked":"SKIP","floor":8},{"not_picked":["Reinforced Body","Electrodynamics","Conserve Battery"],"picked":"SKIP","floor":13},{"not_picked":["Loop","Redo"],"picked":"Chill","floor":14},{"not_picked":["Coolheaded","Storm"],"picked":"Glacier+1","floor":18},{"not_picked":["Storm","Skim","Conserve Battery"],"picked":"SKIP","floor":20},{"not_picked":["Stack+1","Auto Shields+1","Barrage"],"picked":"SKIP","floor":21},{"not_picked":["Hologram","Rebound+1","Sweeping Beam"],"picked":"SKIP","floor":24},{"not_picked":["Scrape+1","Darkness"],"picked":"Capacitor+1","floor":25},{"not_picked":["Scrape","Conserve Battery"],"picked":"Defragment","floor":29},{"not_picked":["Multi-Cast","All For One"],"picked":"Machine Learning","floor":33},{"not_picked":["Sweeping Beam+1","Conserve Battery","Coolheaded+1"],"picked":"SKIP","floor":35},{"not_picked":["The Bomb","Impatience"],"picked":"Apotheosis","floor":36},{"not_picked":["Reprogram+1","Leap+1","Force Field+1"],"picked":"SKIP","floor":37},{"not_picked":["Cold Snap+1","Rip and Tear+1","Turbo+1"],"picked":"SKIP","floor":41},{"not_picked":["Steam","Stack","Barrage"],"picked":"SKIP","floor":42},{"not_picked":["Turbo+1","Force Field","Barrage"],"picked":"SKIP","floor":48}],"player_experience":432286,"relics_obtained":[{"floor":9,"key":"Sundial"},{"floor":14,"key":"Odd Mushroom"},{"floor":26,"key":"Kunai"},{"floor":28,"key":"Nilry\u0027s Codex"},{"floor":41,"key":"Art of War"},{"floor":43,"key":"Blood Vial"}],"event_choices":[{"cards_removed":["Strike_B"],"damage_healed":0,"gold_gain":0,"player_choice":"Forget","damage_taken":0,"max_hp_gain":0,"max_hp_loss":0,"event_name":"Living Wall","floor":5,"gold_loss":0},{"damage_healed":0,"gold_gain":0,"player_choice":"Success","damage_taken":18,"relics_obtained":["Boot"],"max_hp_gain":0,"max_hp_loss":0,"event_name":"Scrap Ooze","floor":10,"gold_loss":0},{"damage_healed":0,"gold_gain":0,"player_choice":"Fought Mushrooms","damage_taken":0,"max_hp_gain":0,"max_hp_loss":0,"event_name":"Mushrooms","floor":14,"gold_loss":0},{"damage_healed":0,"gold_gain":0,"player_choice":"Gave Potion","damage_taken":0,"relics_obtained":["Torii"],"max_hp_gain":0,"max_hp_loss":0,"event_name":"WeMeetAgain","floor":22,"gold_loss":0},{"damage_healed":0,"gold_gain":0,"player_choice":"Read","damage_taken":0,"max_hp_gain":0,"max_hp_loss":0,"event_name":"The Library","floor":27,"gold_loss":0,"cards_obtained":["Defragment"]},{"damage_healed":0,"gold_gain":0,"player_choice":"Obtained Book","damage_taken":16,"max_hp_gain":0,"max_hp_loss":0,"event_name":"Cursed Tome","floor":28,"gold_loss":0},{"damage_healed":0,"gold_gain":0,"player_choice":"Ignored","damage_taken":0,"max_hp_gain":0,"max_hp_loss":0,"event_name":"Ghosts","floor":31,"gold_loss":0},{"damage_healed":0,"gold_gain":0,"player_choice":"Memory 1","damage_taken":0,"max_hp_gain":0,"max_hp_loss":0,"event_name":"SensoryStone","floor":36,"gold_loss":0},{"cards_removed":["Defend_B"],"damage_healed":0,"gold_gain":0,"player_choice":"Removed Skill","damage_taken":0,"max_hp_gain":0,"max_hp_loss":0,"event_name":"Falling","floor":38,"gold_loss":0}],"is_beta":false,"boss_relics":[{"not_picked":["Fusion Hammer","Snecko Eye"],"picked":"Tiny House"},{"not_picked":["Busted Crown","Eternal Feather"],"picked":"Empty Cage"}],"items_purged_floors":[12,39],"is_endless":false,"potions_floor_spawned":[1,3,7,14,24,29,33,41,48],"ascension_level":0}