{"gold_per_floor":[109,120,138,157,157,157,175,190,190,206,238,17,17,34,34,133,133,152,152,171,171,191,191,29,29,29,29,61,80,80,111,111,111],"floor_reached":33,"playtime":6402,"items_purged":[],"score":289,"play_id":"71d96280-377b-4a8f-9109-a289576202fd","local_time":"20190630221358","is_ascension_mode":false,"campfire_choices":[{"data":"Armaments","floor":6.0,"key":"SMITH"},{"floor":13.0,"key":"REST"},{"floor":15.0,"key":"REST"},{"floor":23,"key":"REST"},{"floor":25,"key":"REST"},{"floor":30,"key":"REST"},{"floor":32,"key":"REST"}],"neow_cost":"NONE","seed_source_timestamp":0,"circlet_count":0,"master_deck":["Strike_R+1","Strike_R+1","Strike_R+1","Strike_R+1","Strike_R+1","Defend_R+1","Defend_R+1","Defend_R+1","Defend_R+1","Bash","Dark Embrace","Armaments+1","Cleave","Second Wind","Intimidate","True Grit","Bloodletting","Disarm","Cleave","Shrug It Off","Chrysalis","Second Wind","Impervious","Bloodletting","Feel No Pain","Shrug It Off","Reaper","True Grit","Armaments+1","Whirlwind+1"],"special_seed":0,"relics":["Black Blood","Ornamental Fan","Shuriken","Oddly Smooth Stone","Frozen Egg 2","Question Card","Happy Flower"],"potions_floor_usage":[28,29],"damage_taken":[{"damage":2.0,"enemies":"Small Slimes","floor":1.0,"turns":5.0},{"damage":3.0,"enemies":"Jaw Worm","floor":2.0,"turns":6.0},{"damage":1.0,"enemies":"Cultist","floor":3.0,"turns":3.0},{"damage":12.0,"enemies":"Exordium Wildlife","floor":4.0,"turns":4.0},{"damage":12.0,"enemies":"Gremlin Gang","floor":7.0,"turns":4.0},{"damage":8.0,"enemies":"Red Slaver","floor":8.0,"turns":5.0},{"damage":1.0,"enemies":"Exordium Wildlife","floor":10.0,"turns":3.0},{"damage":37.0,"enemies":"3 Sentries","floor":11.0,"turns":8.0},{"damage":6.0,"enemies":"2 Fungi Beasts","floor":14.0,"turns":4.0},{"damage":19.0,"enemies":"The Guardian","floor":16.0,"turns":9.0},{"damage":13,"enemies":"Shell Parasite","floor":18,"turns":16},{"damage":22,"enemies":"Chosen","floor":20,"turns":7},{"damage":47,"enemies":"Snake Plant","floor":22,"turns":10},{"damage":47,"enemies":"Slavers","floor":28,"turns":11},{"damage":16,"enemies":"Centurion and Healer","floor":29,"turns":13},{"damage":60,"enemies":"Gremlin Leader","floor":31,"turns":16},{"damage":81,"enemies":"Champ","floor":33,"turns":18}],"seed_played":"-4443735807326397732","potions_obtained":[{"floor":3.0,"key":"GamblersBrew"},{"floor":8.0,"key":"Energy Potion"},{"floor":11.0,"key":"SteroidPotion"},{"floor":14.0,"key":"EssenceOfSteel"},{"floor":16.0,"key":"SpeedPotion"},{"floor":28,"key":"Fire Potion"},{"floor":29,"key":"Swift Potion"}],"is_trial":false,"path_per_floor":["M","M","M","M","?","R","M","M","T","M","E","$","R","M","R","B",null,"M","?","M","?","M","R","$","R","T","$","E","M","R","E","R","B"],"character_chosen":"IRONCLAD","items_purchased":["Shrug It Off","Chrysalis","Reaper"],"campfire_rested":6,"item_purchase_floors":[12,12,24],"current_hp_per_floor":[80,80,80,74,71,71,65,63,63,68,37,37,61,61,80,67,80,77,77,65,65,28,52,52,76,76,76,49,51,75,34,58,0],"gold":111,"neow_bonus":"ONE_RANDOM_RARE_CARD","is_prod":false,"is_daily":false,"chose_seed":false,"campfire_upgraded":1,"win_rate":0.0,"timestamp":1561922038,"path_taken":["M","M","M","M","?","R","M","M","T","M","E","$","R","M","R","BOSS","M","?","M","?","M","R","?","R","T","$","E","M","R","E","R","BOSS"],"build_version":"2019-01-23","purchased_purges":0,"victory":false,"max_hp_per_floor":[80,80,80,80,80,80,80,80,80,80,80,80,80,80,80,80,80,80,80,80,80,80,80,80,80,80,80,80,80,80,80,80,80],"card_choices":[{"not_picked":["Havoc","Wild Strike"],"picked":"Armaments","floor":1.0},{"not_picked":["Flex","Flame Barrier"],"picked":"Cleave","floor":2.0},{"not_picked":["Metallicize","Headbutt"],"picked":"Second Wind","floor":3.0},{"not_picked":["Warcry","Demon Form"],"picked":"Intimidate","floor":4.0},{"not_picked":["Anger","Perfected Strike"],"picked":"True Grit","floor":7.0},{"not_picked":["Entrench","Flex"],"picked":"Bloodletting","floor":8.0},{"not_picked":["Intimidate","Iron Wave"],"picked":"Disarm","floor":10.0},{"not_picked":["Warcry","Whirlwind"],"picked":"Cleave","floor":11.0},{"not_picked":["Thunderclap","Pommel Strike"],"picked":"Second Wind","floor":14.0},{"not_picked":["Double Tap","Berserk"],"picked":"Impervious","floor":16.0},{"not_picked":["Iron Wave","Dropkick"],"picked":"Bloodletting","floor":18},{"not_picked":["Warcry","Clothesline+1"],"picked":"Feel No Pain","floor":20},{"not_picked":["Clothesline+1","Wild Strike"],"picked":"Shrug It Off","floor":22},{"not_picked":["Reckless Charge","Wild Strike+1"],"picked":"True Grit","floor":28},{"not_picked":["Dual Wield","Pummel","Blood for Blood"],"picked":"Armaments+1","floor":29},{"not_picked":["Bloodletting","Armaments","Reckless Charge"],"picked":"Whirlwind+1","floor":31}],"player_experience":43528,"relics_obtained":[{"floor":9.0,"key":"Shuriken"},{"floor":11.0,"key":"Oddly Smooth Stone"},{"floor":26,"key":"Frozen Egg 2"},{"floor":28,"key":"Question Card"},{"floor":31,"key":"Happy Flower"}],"event_choices":[{"damage_healed":0.0,"max_hp_gain":0.0,"max_hp_loss":0.0,"gold_gain":0.0,"event_name":"Scrap Ooze","player_choice":"Success","floor":5.0,"gold_loss":0.0,"damage_taken":3.0,"relics_obtained":["Ornamental Fan"]},{"damage_healed":0,"gold_gain":0,"player_choice":"Simplicity","damage_taken":0,"max_hp_gain":0,"max_hp_loss":0,"event_name":"Back to Basics","floor":19,"gold_loss":0,"cards_upgraded":["Strike_R","Strike_R","Strike_R","Strike_R","Strike_R","Defend_R","Defend_R","Defend_R","Defend_R"]},{"damage_healed":0,"gold_gain":0,"player_choice":"Ignored","damage_taken":0,"max_hp_gain":0,"max_hp_loss":0,"event_name":"Beggar","floor":21,"gold_loss":0}],"is_beta":false,"boss_relics":[{"not_picked":["Empty Cage","White Beast Statue"],"picked":"Black Blood"}],"items_purged_floors":[],"is_endless":false,"potions_floor_spawned":[3,8,11,14,16,28,29],"killed_by":"Champ","ascension_level":0}