{"gold_per_floor":[117,117,47,125,142,171,171,205,205,205,205,222,238,238,238,335,335,350,275,291,216,216,243,243,253,253,277,277,309,309,343,343,440,440,458,458,330,344,44,69,69,85,112,112,112,112,127,127,127,127],"floor_reached":51,"playtime":2948,"items_purged":["Defend_B","Defend_B"],"score":1237,"play_id":"f5a74cad-bee6-4b3e-86b9-bc7a8b27ac18","local_time":"20190713233721","is_ascension_mode":true,"campfire_choices":[{"floor":7.0,"key":"REST"},{"floor":10.0,"key":"REST"},{"floor":15.0,"key":"REST"},{"floor":28,"key":"REST"},{"data":"Sunder","floor":30,"key":"SMITH"},{"data":"Force Field","floor":32,"key":"SMITH"},{"data":"Meteor Strike","floor":41,"key":"SMITH"},{"data":"Meteor Strike","floor":44,"key":"SMITH"},{"data":"Force Field","floor":49,"key":"SMITH"}],"neow_cost":"NONE","seed_source_timestamp":113160208374927,"circlet_count":0,"master_deck":["AscendersBane","Force Field+1","Sunder+1","Fusion","Hyperbeam+1","Force Field+1","Meteor Strike+1","Sunder","Meteor Strike+1"],"special_seed":0,"relics":["Snecko Eye","Frozen Egg 2","Bronze Scales","Anchor","Symbiotic Virus","Empty Cage","Enchiridion","Matryoshka","Whetstone","Art of War","Bag of Preparation","Boot","Smiling Mask","Red Mask","Lizard Tail","Calipers","Potion Belt"],"potions_floor_usage":[29,33,33,50],"damage_taken":[{"damage":7.0,"enemies":"Small Slimes","floor":1.0,"turns":6.0},{"damage":1.0,"enemies":"Cultist","floor":5.0,"turns":3.0},{"damage":40.0,"enemies":"Lagavulin","floor":6.0,"turns":6.0},{"damage":5.0,"enemies":"3 Sentries","floor":8.0,"turns":5.0},{"damage":0.0,"enemies":"Jaw Worm","floor":12.0,"turns":1.0},{"damage":9.0,"enemies":"Large Slime","floor":13.0,"turns":4.0},{"damage":33.0,"enemies":"Slime Boss","floor":16.0,"turns":9.0},{"damage":13.0,"enemies":"Shell Parasite","floor":18.0,"turns":3.0},{"damage":3.0,"enemies":"3 Byrds","floor":20.0,"turns":2.0},{"damage":0,"enemies":"Gremlin Leader","floor":23,"turns":4},{"damage":1,"enemies":"Snecko","floor":25,"turns":3},{"damage":0,"enemies":"Book of Stabbing","floor":29,"turns":3},{"damage":0,"enemies":"Masked Bandits","floor":31,"turns":2},{"damage":53,"enemies":"Champ","floor":33,"turns":9},{"damage":0,"enemies":"3 Darklings","floor":35,"turns":2},{"damage":0,"enemies":"3 Shapes","floor":38,"turns":1},{"damage":0,"enemies":"Giant Head","floor":40,"turns":5},{"damage":0,"enemies":"Maw","floor":42,"turns":4},{"damage":0,"enemies":"Jaw Worm Horde","floor":47,"turns":1},{"damage":27,"enemies":"Donu and Deca","floor":50,"turns":4}],"seed_played":"4848348119072153089","potions_obtained":[{"floor":8.0,"key":"GamblersBrew"},{"floor":12.0,"key":"Dexterity Potion"},{"floor":13.0,"key":"SteroidPotion"},{"floor":18.0,"key":"Regen Potion"},{"floor":29,"key":"AttackPotion"},{"floor":31,"key":"Regen Potion"},{"floor":38,"key":"Weak Potion"},{"floor":40,"key":"PowerPotion"}],"is_trial":false,"path_per_floor":["M","?","$","T","M","E","R","E","T","R","?","M","M","?","R","B",null,"M","$","M","?","?","E","?","M","T","T","R","E","R","?","R","B",null,"M","?","$","M","$","E","R","M","T","R","?","?","M","$","R","B",null],"character_chosen":"DEFECT","items_purchased":["Sunder","Sunder","Calipers"],"campfire_rested":4,"item_purchase_floors":[3,37,39],"current_hp_per_floor":[61,61,61,61,60,20,42,37,37,59,52,52,43,43,65,32,64,51,51,53,53,37,37,37,36,36,36,58,58,58,58,58,20,61,61,61,61,61,61,61,61,61,61,61,61,61,61,61,61,34],"gold":127,"neow_bonus":"BOSS_RELIC","is_prod":false,"is_daily":false,"chose_seed":false,"campfire_upgraded":5,"win_rate":0,"timestamp":1563079041,"path_taken":["M","?","$","?","?","E","R","E","T","R","?","M","M","?","R","BOSS","M","$","M","?","?","E","?","?","T","?","R","E","R","?","R","BOSS","M","?","?","M","$","E","R","M","T","R","?","?","?","$","R","BOSS"],"build_version":"2019-07-05","purchased_purges":2,"victory":true,"max_hp_per_floor":[75,75,75,75,75,75,75,75,75,75,75,75,75,75,75,75,75,75,75,75,75,75,75,75,75,75,75,75,75,75,75,75,75,75,75,75,75,75,75,75,75,75,75,75,75,75,75,75,75,75],"card_choices":[{"not_picked":["Go for the Eyes","Coolheaded"],"picked":"Force Field","floor":1.0},{"not_picked":["Chill","Leap","BootSequence"],"picked":"SKIP","floor":5.0},{"not_picked":["Barrage","Streamline","Heatsinks+1"],"picked":"SKIP","floor":6.0},{"not_picked":["Beam Cell","Conserve Battery","Double Energy"],"picked":"SKIP","floor":8.0},{"not_picked":["Gash","Thunder Strike"],"picked":"Fusion","floor":12.0},{"not_picked":["Leap","Barrage","Hologram"],"picked":"SKIP","floor":13.0},{"not_picked":["Biased Cognition+1","Core Surge"],"picked":"Hyperbeam","floor":16.0},{"not_picked":["Conserve Battery+1","Steam"],"picked":"Force Field","floor":18.0},{"not_picked":["Streamline","Blizzard","Melter"],"picked":"SKIP","floor":20},{"not_picked":["Barrage","Chill","Static Discharge+1"],"picked":"SKIP","floor":23},{"not_picked":["Sweeping Beam","Streamline","Cold Snap"],"picked":"SKIP","floor":25},{"not_picked":["Rainbow","Stack","Double Energy"],"picked":"SKIP","floor":29},{"not_picked":["Machine Learning+1","Creative AI+1"],"picked":"Meteor Strike","floor":33},{"not_picked":["Recycle+1","Steam","Ball Lightning"],"picked":"SKIP","floor":35},{"not_picked":["Chill","White Noise","Reprogram"],"picked":"SKIP","floor":38},{"not_picked":["Steam+1","Melter"],"picked":"Meteor Strike","floor":40},{"not_picked":["Genetic Algorithm","Gash+1","Turbo+1"],"picked":"SKIP","floor":42},{"not_picked":["Coolheaded+1","Stack+1","Gash"],"picked":"SKIP","floor":47}],"player_experience":573401,"relics_obtained":[{"floor":4.0,"key":"Frozen Egg 2"},{"floor":6.0,"key":"Bronze Scales"},{"floor":8.0,"key":"Anchor"},{"floor":9.0,"key":"Symbiotic Virus"},{"floor":22,"key":"Enchiridion"},{"floor":23,"key":"Matryoshka"},{"floor":26,"key":"Whetstone"},{"floor":26,"key":"Art of War"},{"floor":27,"key":"Bag of Preparation"},{"floor":27,"key":"Boot"},{"floor":29,"key":"Smiling Mask"},{"floor":31,"key":"Red Mask"},{"floor":43,"key":"Potion Belt"}],"event_choices":[{"damage_healed":0.0,"max_hp_gain":0.0,"max_hp_loss":0.0,"gold_gain":0.0,"event_name":"Match and Keep!","player_choice":"0 cards matched","floor":2.0,"gold_loss":0.0,"damage_taken":0.0,"cards_obtained":[]},{"cards_removed":["Strike_B"],"damage_healed":0.0,"max_hp_gain":0.0,"max_hp_loss":0.0,"gold_gain":0.0,"event_name":"Golden Wing","player_choice":"Card Removal","floor":11.0,"gold_loss":0.0,"damage_taken":7.0},{"damage_healed":0.0,"max_hp_gain":0.0,"max_hp_loss":0.0,"gold_gain":0.0,"event_name":"Liars Game","player_choice":"Ignored","floor":14.0,"gold_loss":0.0,"damage_taken":0.0},{"cards_removed":["Strike_B"],"damage_healed":0,"gold_gain":0,"player_choice":"Gave Gold","damage_taken":0,"max_hp_gain":0,"max_hp_loss":0,"event_name":"Beggar","floor":21,"gold_loss":75},{"damage_healed":0,"gold_gain":0,"player_choice":"Obtained Book","damage_taken":16,"max_hp_gain":0,"max_hp_loss":0,"event_name":"Cursed Tome","floor":22,"gold_loss":0},{"cards_removed":["Zap"],"damage_healed":0,"gold_gain":0,"player_choice":"Offered Basic","damage_taken":0,"max_hp_gain":0,"max_hp_loss":0,"event_name":"Bonfire Elementals","floor":24,"gold_loss":0},{"damage_healed":0,"gold_gain":0,"player_choice":"Fought Bandits","damage_taken":0,"max_hp_gain":0,"max_hp_loss":0,"event_name":"Masked Bandits","floor":31,"gold_loss":0},{"cards_removed":["Strike_B"],"damage_healed":0,"gold_gain":0,"player_choice":"Card Removal","damage_taken":0,"max_hp_gain":0,"max_hp_loss":0,"event_name":"Wheel of Change","floor":36,"gold_loss":0},{"cards_removed":["Defend_B"],"damage_healed":0,"gold_gain":0,"player_choice":"Removed Skill","damage_taken":0,"max_hp_gain":0,"max_hp_loss":0,"event_name":"Falling","floor":45,"gold_loss":0},{"cards_removed":["Dualcast"],"damage_healed":0,"gold_gain":0,"player_choice":"Purged","damage_taken":0,"max_hp_gain":0,"max_hp_loss":0,"event_name":"Purifier","floor":46,"gold_loss":0}],"is_beta":false,"boss_relics":[{"not_picked":["Inserter","Fusion Hammer"],"picked":"Empty Cage"},{"not_picked":["Tiny House","Black Star"],"picked":"Lizard Tail"}],"items_purged_floors":[19,37],"is_endless":false,"potions_floor_spawned":[8,12,13,18,29,31,38,40],"ascension_level":12}