{"gold_per_floor":[113,113,113,127,147,187,207,207,207,207,228,242,271,145,145,244,244,262,262,262,281,295,295,328,126,126,126,126,165,180,194,194,287,350,375,375,394,394,407,407,421,421,421,421,446,446,465,29,29,29],"floor_reached":50,"playtime":1847,"items_purged":["Strike_R","Armaments"],"score":916,"play_id":"cd945910-bd70-458d-a74b-cd1b571ecf10","local_time":"20190714013745","is_ascension_mode":true,"campfire_choices":[{"data":"Cleave","floor":8,"key":"SMITH"},{"data":"Bash","floor":10,"key":"SMITH"},{"data":"True Grit","floor":15,"key":"SMITH"},{"data":"Flame Barrier","floor":23,"key":"SMITH"},{"data":"Feed","floor":28,"key":"SMITH"},{"floor":32,"key":"REST"},{"floor":40,"key":"REST"},{"data":"Heavy Blade","floor":42,"key":"SMITH"},{"floor":44,"key":"REST"},{"floor":46,"key":"REST"},{"floor":49,"key":"REST"}],"neow_cost":"NONE","seed_source_timestamp":211869898601388,"circlet_count":0,"master_deck":["AscendersBane","Strike_R+1","Strike_R+1","Strike_R+1","Strike_R+1","Defend_R+1","Defend_R+1","Defend_R+1","Defend_R+1","Bash+1","Headbutt","Cleave+1","Pommel Strike","Battle Trance","True Grit+1","Flame Barrier+1","Offering","Immolate+1","Spot Weakness","Feed+1","Fiend Fire+1","Ghostly Armor+1","Heavy Blade+1"],"relics":["Burning Blood","NeowsBlessing","Golden Idol","Omamori","Sundial","Odd Mushroom","Sozu","Du-Vu Doll","Lee\u0027s Waffle","Gremlin Horn","Pen Nib","Tiny House","Girya","Bag of Marbles","ClockworkSouvenir"],"potions_floor_usage":[6,13,16,41],"damage_taken":[{"damage":0,"enemies":"Small Slimes","floor":1,"turns":1},{"damage":0,"enemies":"2 Louse","floor":4,"turns":1},{"damage":0,"enemies":"Jaw Worm","floor":5,"turns":1},{"damage":8,"enemies":"Gremlin Nob","floor":6,"turns":3},{"damage":0,"enemies":"Gremlin Gang","floor":7,"turns":3},{"damage":13,"enemies":"Blue Slaver","floor":11,"turns":2},{"damage":0,"enemies":"Exordium Wildlife","floor":12,"turns":3},{"damage":9,"enemies":"The Mushroom Lair","floor":13,"turns":2},{"damage":3,"enemies":"Slime Boss","floor":16,"turns":8},{"damage":18,"enemies":"Shell Parasite","floor":18,"turns":7},{"damage":6,"enemies":"Chosen","floor":21,"turns":3},{"damage":12,"enemies":"Snake Plant","floor":22,"turns":3},{"damage":6,"enemies":"Gremlin Leader","floor":24,"turns":4},{"damage":27,"enemies":"Book of Stabbing","floor":29,"turns":6},{"damage":6,"enemies":"Snecko","floor":30,"turns":2},{"damage":16,"enemies":"Chosen and Byrds","floor":31,"turns":3},{"damage":49,"enemies":"Champ","floor":33,"turns":8},{"damage":22,"enemies":"3 Darklings","floor":35,"turns":6},{"damage":6,"enemies":"Orb Walker","floor":37,"turns":2},{"damage":33,"enemies":"Maw","floor":39,"turns":7},{"damage":31,"enemies":"Spire Growth","floor":41,"turns":4},{"damage":27,"enemies":"Writhing Mass","floor":45,"turns":5},{"damage":22,"enemies":"Sphere and 2 Shapes","floor":47,"turns":9},{"damage":79,"enemies":"Time Eater","floor":50,"turns":6}],"seed_played":"736296975665685380","potions_obtained":[{"floor":4,"key":"SneckoOil"},{"floor":7,"key":"Ancient Potion"},{"floor":11,"key":"Swift Potion"}],"is_trial":false,"path_per_floor":["M","?","?","M","M","E","M","R","T","R","M","M","?","$","R","B",null,"M","?","?","M","M","R","E","$","T","?","R","E","M","M","R","B",null,"M","?","M","?","M","R","M","R","T","R","M","R","M","$","R","B"],"character_chosen":"IRONCLAD","items_purchased":["Strength Potion","Lee\u0027s Waffle","Bag of Marbles","ClockworkSouvenir"],"campfire_rested":5,"item_purchase_floors":[14,25,48,48],"current_hp_per_floor":[74,48,25,31,37,35,41,41,41,41,34,40,37,37,37,40,66,54,54,54,54,48,48,48,82,82,82,82,61,65,59,86,43,83,71,71,71,71,44,73,52,52,52,82,61,91,75,75,103,24],"gold":29,"neow_bonus":"THREE_ENEMY_KILL","is_prod":false,"is_daily":false,"chose_seed":false,"campfire_upgraded":6,"win_rate":0,"timestamp":1563035865,"path_taken":["M","?","?","M","?","E","M","R","T","R","M","?","?","$","R","BOSS","M","?","?","?","?","R","E","$","T","?","R","E","?","M","R","BOSS","M","?","M","?","M","R","M","R","T","R","M","R","M","$","R","BOSS"],"build_version":"2019-07-01","purchased_purges":2,"victory":false,"max_hp_per_floor":[75,75,75,75,75,75,75,75,75,75,75,75,75,75,75,75,75,75,75,75,75,75,75,75,82,82,82,82,82,86,90,90,90,95,99,99,99,99,99,99,103,103,103,103,103,103,103,103,103,103],"card_choices":[{"not_picked":["Perfected Strike","Warcry"],"picked":"Headbutt","floor":1},{"not_picked":["Twin Strike","Wild Strike"],"picked":"Cleave","floor":4},{"not_picked":["Havoc","Heavy Blade"],"picked":"Pommel Strike","floor":5},{"not_picked":["Reckless Charge","Pummel","Heavy Blade"],"picked":"SKIP","floor":6},{"not_picked":["Hemokinesis","Sword Boomerang"],"picked":"Battle Trance","floor":7},{"not_picked":["Twin Strike","Hemokinesis","Sentinel"],"picked":"SKIP","floor":11},{"not_picked":["Brutality","Body Slam"],"picked":"True Grit","floor":12},{"not_picked":["Shrug It Off","Body Slam"],"picked":"Flame Barrier","floor":13},{"not_picked":["Barricade","Exhume"],"picked":"Offering","floor":16},{"not_picked":["Armaments","Havoc","Battle Trance"],"picked":"SKIP","floor":18},{"not_picked":["True Grit","Ghostly Armor","Rage"],"picked":"SKIP","floor":21},{"not_picked":["Headbutt","Heavy Blade"],"picked":"Immolate","floor":22},{"not_picked":["Intimidate","Twin Strike"],"picked":"Spot Weakness","floor":24},{"not_picked":["Armaments","Cleave","Sever Soul"],"picked":"SKIP","floor":29},{"not_picked":["Armaments","Thunderclap","Dark Embrace"],"picked":"SKIP","floor":30},{"not_picked":["Body Slam","Armaments","True Grit"],"picked":"SKIP","floor":31},{"not_picked":["Reaper","Brutality"],"picked":"Fiend Fire","floor":33},{"not_picked":["Havoc","Spot Weakness+1","Pommel Strike"],"picked":"SKIP","floor":35},{"not_picked":["Searing Blow+1","Havoc+1"],"picked":"Ghostly Armor+1","floor":37},{"not_picked":["Headbutt","Cleave"],"picked":"Heavy Blade","floor":39},{"not_picked":["Heavy Blade","Warcry","Dual Wield+1"],"picked":"SKIP","floor":41},{"not_picked":["Armaments+1","Sword Boomerang+1","Pommel Strike"],"picked":"SKIP","floor":45},{"not_picked":["Rupture","Spot Weakness","Second Wind+1"],"picked":"SKIP","floor":47}],"player_experience":1129617,"relics_obtained":[{"floor":6,"key":"Omamori"},{"floor":9,"key":"Sundial"},{"floor":13,"key":"Odd Mushroom"},{"floor":24,"key":"Du-Vu Doll"},{"floor":26,"key":"Gremlin Horn"},{"floor":29,"key":"Pen Nib"},{"floor":43,"key":"Girya"}],"event_choices":[{"damage_healed":0,"gold_gain":0,"player_choice":"Take Damage","damage_taken":26,"relics_obtained":["Golden Idol"],"max_hp_gain":0,"max_hp_loss":0,"event_name":"Golden Idol","floor":2,"gold_loss":0},{"damage_healed":0,"gold_gain":0,"player_choice":"Entered Light","damage_taken":23,"max_hp_gain":0,"max_hp_loss":0,"event_name":"Shining Light","floor":3,"gold_loss":0,"cards_upgraded":["Strike_R","Strike_R"]},{"damage_healed":0,"gold_gain":0,"player_choice":"Fought Mushrooms","damage_taken":0,"max_hp_gain":0,"max_hp_loss":0,"event_name":"Mushrooms","floor":13,"gold_loss":0},{"damage_healed":0,"gold_gain":0,"player_choice":"Ignored","damage_taken":0,"max_hp_gain":0,"max_hp_loss":0,"event_name":"Vampires","floor":19,"gold_loss":0},{"damage_healed":0,"gold_gain":0,"player_choice":"Simplicity","damage_taken":0,"max_hp_gain":0,"max_hp_loss":0,"event_name":"Back to Basics","floor":20,"gold_loss":0,"cards_upgraded":["Strike_R","Strike_R","Defend_R","Defend_R","Defend_R","Defend_R"]},{"damage_healed":0,"gold_gain":0,"player_choice":"4 cards matched","damage_taken":0,"max_hp_gain":0,"max_hp_loss":0,"event_name":"Match and Keep!","floor":27,"gold_loss":0,"cards_obtained":["Bash","Feed","Armaments","Clumsy"]},{"cards_removed":["Bash"],"damage_healed":0,"gold_gain":0,"player_choice":"Removed Attack","damage_taken":0,"max_hp_gain":0,"max_hp_loss":0,"event_name":"Falling","floor":36,"gold_loss":0},{"damage_healed":0,"gold_gain":0,"player_choice":"Forge","damage_taken":0,"max_hp_gain":0,"max_hp_loss":0,"event_name":"Accursed Blacksmith","floor":38,"gold_loss":0,"cards_upgraded":["Fiend Fire"]}],"is_beta":false,"boss_relics":[{"not_picked":["Runic Pyramid","Ectoplasm"],"picked":"Sozu"},{"not_picked":["Orrery","Mark of Pain"],"picked":"Tiny House"}],"items_purged_floors":[14,48],"is_endless":false,"potions_floor_spawned":[4,7,11,18,22,29,30,35,41,47],"killed_by":"Time Eater","ascension_level":15}