{"gold_per_floor":[112,112,124,15,31,61,75,92,92,122,122,122,138,103,103,199,199,209,209,209,209,209,209,224,235,235,235,245,262,294,294,294,294],"floor_reached":33,"playtime":2083,"items_purged":[],"score":302,"play_id":"e9f9403a-175f-44a5-810a-da378e46c4b0","local_time":"20190325035454","is_ascension_mode":false,"campfire_choices":[{"floor":12,"key":"REST"},{"floor":15,"key":"RECALL"},{"data":"J.A.X.","floor":23,"key":"SMITH"},{"data":"Panacea","floor":27,"key":"SMITH"},{"floor":32,"key":"REST"}],"neow_cost":"NONE","seed_source_timestamp":48953590414005,"circlet_count":0,"master_deck":["Defend_G","Defend_G","Defend_G","Defend_G","Survivor","Neutralize+1","Poisoned Stab","Dagger Throw","Dagger Throw","Panacea+1","Deflect","Adrenaline","Flechettes","Slice","PiercingWail","Dagger Spray","A Thousand Cuts","Cloak And Dagger","J.A.X.+1","Bite","Bite","Bite","Bite","Bite","Decay","Cloak And Dagger","Infinite Blades+1","Prepared","Regret","Dodge and Roll","Well Laid Plans+1","Accuracy"],"relics":["Ring of the Snake","Lantern","Boot","Cursed Key","Mercury Hourglass","Bottled Flame"],"potions_floor_usage":[6,10,10,13,25,30,30],"damage_taken":[{"damage":12,"enemies":"Cultist","floor":1,"turns":5},{"damage":0,"enemies":"Jaw Worm","floor":3,"turns":4},{"damage":0,"enemies":"2 Louse","floor":5,"turns":2},{"damage":11,"enemies":"Lagavulin","floor":6,"turns":8},{"damage":1,"enemies":"Blue Slaver","floor":7,"turns":3},{"damage":0,"enemies":"Exordium Wildlife","floor":8,"turns":3},{"damage":14,"enemies":"3 Sentries","floor":10,"turns":10},{"damage":0,"enemies":"Large Slime","floor":13,"turns":5},{"damage":28,"enemies":"Slime Boss","floor":16,"turns":13},{"damage":15,"enemies":"Spheric Guardian","floor":18,"turns":4},{"damage":7,"enemies":"3 Byrds","floor":24,"turns":4},{"damage":9,"enemies":"Snecko","floor":25,"turns":5},{"damage":4,"enemies":"Chosen and Byrds","floor":28,"turns":4},{"damage":22,"enemies":"Snake Plant","floor":29,"turns":4},{"damage":40,"enemies":"Book of Stabbing","floor":30,"turns":5},{"damage":25,"enemies":"Collector","floor":33,"turns":2}],"seed_played":"-302402639937390782","potions_obtained":[{"floor":3,"key":"Dexterity Potion"},{"floor":5,"key":"GamblersBrew"},{"floor":8,"key":"GhostInAJar"},{"floor":10,"key":"Dexterity Potion"},{"floor":16,"key":"Block Potion"},{"floor":18,"key":"Regen Potion"},{"floor":29,"key":"Strength Potion"}],"is_trial":false,"path_per_floor":["M","?","M","$","M","E","M","M","T","E","?","R","M","?","R","B",null,"M","?","?","?","?","R","M","M","T","R","M","M","E","?","R","B"],"character_chosen":"THE_SILENT","items_purchased":["Dagger Throw","Panacea"],"campfire_rested":2,"item_purchase_floors":[4,4],"current_hp_per_floor":[58,58,58,58,58,47,46,46,46,32,32,53,53,70,70,42,70,55,55,49,49,49,49,44,42,42,42,48,27,7,7,21,0],"gold":294,"neow_bonus":"UPGRADE_CARD","is_prod":false,"is_daily":false,"chose_seed":false,"campfire_upgraded":2,"win_rate":0,"timestamp":1553450094,"path_taken":["M","?","?","$","M","E","M","M","T","E","?","R","M","?","R","BOSS","M","?","?","?","?","R","M","M","T","R","?","M","E","?","R","BOSS"],"build_version":"2019-01-23","purchased_purges":0,"victory":false,"max_hp_per_floor":[70,70,70,70,70,70,70,70,70,70,70,70,70,70,70,70,70,70,70,49,49,49,49,49,49,49,49,49,49,49,49,49,49],"card_choices":[{"not_picked":["Bane","Dodge and Roll"],"picked":"Poisoned Stab","floor":1},{"not_picked":["Prepared","Slice"],"picked":"Dagger Throw","floor":3},{"not_picked":["Slice","Bane"],"picked":"Deflect","floor":5},{"not_picked":["Flying Knee","Slice"],"picked":"Adrenaline","floor":6},{"not_picked":["Noxious Fumes","Flying Knee"],"picked":"Flechettes","floor":7},{"not_picked":["Poisoned Stab","Eviscerate"],"picked":"Slice","floor":8},{"not_picked":["Bouncing Flask","Slice"],"picked":"PiercingWail","floor":10},{"not_picked":["Sucker Punch","Riddle With Holes"],"picked":"Dagger Spray","floor":13},{"not_picked":["Unload","Phantasmal Killer"],"picked":"A Thousand Cuts","floor":16},{"not_picked":["Deadly Poison","Sucker Punch"],"picked":"Cloak And Dagger","floor":18},{"not_picked":["Dodge and Roll","Cloak And Dagger"],"picked":"Infinite Blades+1","floor":24},{"not_picked":["Endless Agony+1","Flying Knee"],"picked":"Prepared","floor":25},{"not_picked":["Predator","Dagger Throw"],"picked":"Dodge and Roll","floor":28},{"not_picked":["Bouncing Flask","Deflect"],"picked":"Well Laid Plans+1","floor":29},{"not_picked":["Well Laid Plans","Storm of Steel"],"picked":"Accuracy","floor":30}],"player_experience":114112,"relics_obtained":[{"floor":6,"key":"Lantern"},{"floor":10,"key":"Boot"},{"floor":26,"key":"Mercury Hourglass"},{"floor":30,"key":"Bottled Flame"}],"event_choices":[{"cards_removed":["Defend_G"],"damage_healed":0,"gold_gain":0,"player_choice":"Took Card","damage_taken":0,"max_hp_gain":0,"max_hp_loss":0,"event_name":"NoteForYourself","floor":2,"gold_loss":0,"cards_obtained":["Strike_G"]},{"damage_healed":0,"gold_gain":0,"player_choice":"Ignored","damage_taken":0,"max_hp_gain":0,"max_hp_loss":0,"event_name":"Golden Wing","floor":11,"gold_loss":0},{"damage_healed":17,"gold_gain":0,"player_choice":"Healed","damage_taken":0,"max_hp_gain":0,"max_hp_loss":0,"event_name":"The Cleric","floor":14,"gold_loss":35},{"damage_healed":0,"gold_gain":0,"player_choice":"Obtain J.A.X.","damage_taken":0,"max_hp_gain":0,"max_hp_loss":0,"event_name":"Drug Dealer","floor":19,"gold_loss":0,"cards_obtained":["J.A.X."]},{"damage_healed":0,"gold_gain":0,"player_choice":"Became a vampire","damage_taken":0,"max_hp_gain":0,"max_hp_loss":21,"event_name":"Vampires","floor":20,"gold_loss":0,"cards_obtained":["Bite","Bite","Bite","Bite","Bite"]},{"damage_healed":0,"gold_gain":0,"player_choice":"Smashed Altar","damage_taken":0,"max_hp_gain":0,"max_hp_loss":0,"event_name":"Forgotten Altar","floor":21,"gold_loss":0,"cards_obtained":["Decay"]},{"damage_healed":0,"gold_gain":0,"player_choice":"Copied","damage_taken":0,"max_hp_gain":0,"max_hp_loss":0,"event_name":"Duplicator","floor":22,"gold_loss":0,"cards_obtained":["Cloak And Dagger"]},{"damage_healed":0,"gold_gain":0,"player_choice":"Ignored","damage_taken":0,"max_hp_gain":0,"max_hp_loss":0,"event_name":"Cursed Tome","floor":31,"gold_loss":0}],"is_beta":false,"boss_relics":[{"not_picked":["Tiny House","Eternal Feather"],"picked":"Cursed Key"}],"items_purged_floors":[],"is_endless":false,"potions_floor_spawned":[3,5,8,10,16,18,29],"killed_by":"Collector","ascension_level":0}