{"gold_per_floor":[114,114,64,239,250,250,77,77,77,77,102,2,17,36,36,136,136,150,65,82,82,116,116,147,162,162,174,206,233,275,212,224,340,402,427,539,93,93,315,315,335,347,347,382,382],"floor_reached":45,"playtime":8844,"items_purged":["Doubt","Strike_B","Strike_B"],"score":817,"play_id":"3e4add73-230a-4bb3-842d-df71a299b550","local_time":"20190708225826","is_ascension_mode":true,"campfire_choices":[{"floor":6,"key":"REST"},{"data":"Discovery","floor":8,"key":"SMITH"},{"data":"Scrape","floor":10,"key":"SMITH"},{"data":"Dualcast","floor":15,"key":"SMITH"},{"floor":23,"key":"REST"},{"floor":32,"key":"REST"},{"data":"Gash","floor":40,"key":"SMITH"}],"neow_cost":"NONE","seed_source_timestamp":216424099097074,"circlet_count":0,"master_deck":["AscendersBane","Defend_B","Defend_B","Defend_B","Defend_B","Zap","Dualcast+1","FTL","Scrape+1","Discovery+1","Chill","Gash+1","Reboot","Reprogram+1","Gash","Gash","Capacitor","Chaos+1","All For One","Glacier","Chrysalis","Chrysalis","Gash","Defragment+1","Auto Shields+1"],"special_seed":0,"relics":["Cracked Core","Happy Flower","Pantograph","Calipers","Sundial","Orrery","Symbiotic Virus","Pocketwatch","Red Mask","DataDisk","MawBank","Bottled Flame","Tiny House","Lantern","Molten Egg 2","Bronze Scales"],"potions_floor_usage":[18,24,29,30,41,44],"damage_taken":[{"damage":6,"enemies":"Jaw Worm","floor":1,"turns":4},{"damage":1,"enemies":"2 Louse","floor":5,"turns":3},{"damage":25,"enemies":"Lagavulin","floor":11,"turns":6},{"damage":0,"enemies":"Small Slimes","floor":13,"turns":2},{"damage":4,"enemies":"2 Fungi Beasts","floor":14,"turns":3},{"damage":8,"enemies":"Slime Boss","floor":16,"turns":6},{"damage":13,"enemies":"Chosen","floor":18,"turns":5},{"damage":26,"enemies":"Shell Parasite","floor":20,"turns":3},{"damage":22,"enemies":"Masked Bandits","floor":22,"turns":6},{"damage":16,"enemies":"Slavers","floor":24,"turns":5},{"damage":8,"enemies":"Snake Plant","floor":25,"turns":4},{"damage":21,"enemies":"Snecko","floor":28,"turns":5},{"damage":7,"enemies":"Centurion and Healer","floor":29,"turns":6},{"damage":38,"enemies":"Gremlin Leader","floor":30,"turns":5},{"damage":61,"enemies":"Automaton","floor":33,"turns":9},{"damage":6,"enemies":"Orb Walker","floor":35,"turns":3},{"damage":8,"enemies":"3 Shapes","floor":41,"turns":4},{"damage":17,"enemies":"Maw","floor":42,"turns":6},{"damage":46,"enemies":"Nemesis","floor":44,"turns":9},{"damage":27,"enemies":"Spire Growth","floor":45,"turns":3}],"seed_played":"6714071388094771328","potions_obtained":[{"floor":1,"key":"Weak Potion"},{"floor":11,"key":"SteroidPotion"},{"floor":22,"key":"Swift Potion"},{"floor":28,"key":"Swift Potion"},{"floor":29,"key":"Explosive Potion"},{"floor":30,"key":"Energy Potion"},{"floor":34,"key":"Regen Potion"}],"is_trial":false,"path_per_floor":["M","?","?","?","M","R","$","R","T","R","E","$","M","M","R","B",null,"M","?","M","?","?","R","E","M","T","?","M","M","E","?","R","B",null,"M","?","$","?","?","R","M","M","T","E","M"],"character_chosen":"DEFECT","items_purchased":["Discovery","Chrysalis","Lantern"],"campfire_rested":3,"item_purchase_floors":[7,37,37],"current_hp_per_floor":[62,44,44,44,43,65,65,65,65,65,40,40,40,36,36,53,70,57,57,31,31,9,31,15,7,7,85,64,57,19,19,44,8,71,65,65,65,65,65,65,69,52,52,6,0],"gold":382,"neow_bonus":"RANDOM_COMMON_RELIC","is_prod":false,"is_daily":false,"chose_seed":false,"campfire_upgraded":4,"win_rate":0,"timestamp":1562644706,"path_taken":["M","?","?","?","M","R","$","R","T","R","E","$","M","M","R","BOSS","M","?","M","?","?","R","E","M","T","?","M","?","E","?","R","BOSS","M","?","?","?","?","R","M","M","T","E","M"],"build_version":"2019-07-05","purchased_purges":3,"victory":false,"max_hp_per_floor":[75,75,75,75,75,75,75,75,75,75,75,75,75,75,75,75,75,75,75,75,75,75,75,75,75,75,85,85,85,85,85,85,85,90,90,90,90,90,90,90,90,90,90,90,90],"card_choices":[{"not_picked":["Ball Lightning","Conserve Battery"],"picked":"FTL","floor":1},{"not_picked":["Ball Lightning","Beam Cell"],"picked":"Scrape","floor":5},{"not_picked":["Undo","Coolheaded"],"picked":"Chill","floor":11},{"not_picked":["Fusion","Compile Driver","Auto Shields"],"picked":"SKIP","floor":13},{"not_picked":["Hologram","Chaos","Streamline"],"picked":"SKIP","floor":14},{"not_picked":["Fission","Biased Cognition"],"picked":"Seek","floor":16},{"not_picked":["Auto Shields","Compile Driver"],"picked":"Gash","floor":17},{"not_picked":["FTL","Beam Cell"],"picked":"Reboot","floor":17},{"not_picked":["Doom and Gloom","Rip and Tear"],"picked":"Reprogram","floor":17},{"not_picked":["Hello World","Aggregate"],"picked":"Gash","floor":18},{"not_picked":["Steam","Chaos","Beam Cell"],"picked":"SKIP","floor":20},{"not_picked":["Compile Driver+1","Turbo"],"picked":"Gash","floor":22},{"not_picked":["Conserve Battery","Go for the Eyes+1","Double Energy"],"picked":"SKIP","floor":24},{"not_picked":["Double Energy","Fusion","Stack"],"picked":"SKIP","floor":25},{"not_picked":["Sweeping Beam","Multi-Cast"],"picked":"Capacitor","floor":28},{"not_picked":["Redo","Stack+1"],"picked":"Chaos+1","floor":29},{"not_picked":["Beam Cell","Consume+1","Go for the Eyes+1"],"picked":"SKIP","floor":30},{"not_picked":["Reboot","Electrodynamics"],"picked":"All For One","floor":33},{"not_picked":["Consume+1","Sweeping Beam+1"],"picked":"Glacier","floor":35},{"not_picked":["Transmutation","Deep Breath"],"picked":"Chrysalis","floor":38},{"not_picked":["Sweeping Beam+1","Beam Cell+1"],"picked":"Gash","floor":41},{"not_picked":["Beam Cell","Streamline+1"],"picked":"Defragment+1","floor":42},{"not_picked":["Go for the Eyes+1","Multi-Cast"],"picked":"Auto Shields+1","floor":44}],"player_experience":559628,"relics_obtained":[{"floor":9,"key":"Calipers"},{"floor":11,"key":"Sundial"},{"floor":22,"key":"Red Mask"},{"floor":24,"key":"DataDisk"},{"floor":26,"key":"MawBank"},{"floor":30,"key":"Bottled Flame"},{"floor":43,"key":"Molten Egg 2"},{"floor":44,"key":"Bronze Scales"}],"event_choices":[{"damage_healed":0,"gold_gain":0,"player_choice":"Success","damage_taken":18,"relics_obtained":["Pantograph"],"max_hp_gain":0,"max_hp_loss":0,"event_name":"Scrap Ooze","floor":2,"gold_loss":0},{"cards_removed":["Strike_B"],"damage_healed":0,"gold_gain":0,"player_choice":"Card Removal","damage_taken":0,"max_hp_gain":0,"max_hp_loss":0,"event_name":"The Cleric","floor":3,"gold_loss":50},{"damage_healed":0,"gold_gain":175,"player_choice":"AGREE","damage_taken":0,"max_hp_gain":0,"max_hp_loss":0,"event_name":"Liars Game","floor":4,"gold_loss":0,"cards_obtained":["Doubt"]},{"damage_healed":0,"gold_gain":0,"player_choice":"Obtained Relic","damage_taken":0,"relics_obtained":["Symbiotic Virus"],"max_hp_gain":0,"max_hp_loss":0,"event_name":"Addict","floor":19,"gold_loss":85},{"damage_healed":0,"gold_gain":0,"player_choice":"Opened","damage_taken":0,"relics_obtained":["Pocketwatch"],"max_hp_gain":0,"max_hp_loss":0,"event_name":"The Mausoleum","floor":21,"gold_loss":0},{"damage_healed":0,"gold_gain":0,"player_choice":"Fought Bandits","damage_taken":0,"max_hp_gain":0,"max_hp_loss":0,"event_name":"Masked Bandits","floor":22,"gold_loss":0},{"cards_removed":["Seek"],"damage_healed":68,"gold_gain":0,"player_choice":"Offered Rare","damage_taken":0,"max_hp_gain":10,"max_hp_loss":0,"event_name":"Bonfire Elementals","floor":27,"gold_loss":0},{"cards_removed":["Strike_B"],"damage_healed":0,"gold_gain":0,"player_choice":"Gave Gold","damage_taken":0,"max_hp_gain":0,"max_hp_loss":0,"event_name":"Beggar","floor":31,"gold_loss":75},{"damage_healed":0,"gold_gain":100,"player_choice":"Pray","damage_taken":0,"max_hp_gain":0,"max_hp_loss":0,"event_name":"Golden Shrine","floor":36,"gold_loss":0},{"damage_healed":0,"gold_gain":0,"player_choice":"Memory 1","damage_taken":0,"max_hp_gain":0,"max_hp_loss":0,"event_name":"SensoryStone","floor":38,"gold_loss":0},{"damage_healed":0,"gold_gain":222,"player_choice":"Wore Mask","damage_taken":0,"max_hp_gain":0,"max_hp_loss":0,"event_name":"Tomb of Lord Red Mask","floor":39,"gold_loss":0}],"is_beta":false,"boss_relics":[{"not_picked":["Lizard Tail","Fusion Hammer"],"picked":"Orrery"},{"not_picked":["Inserter","Eternal Feather"],"picked":"Tiny House"}],"items_purged_floors":[7,12,37],"is_endless":false,"potions_floor_spawned":[1,11,22,28,29,30],"killed_by":"Spire Growth","ascension_level":11}