{"gold_per_floor":[111,111,123,85,97,109,153,191,203,243,267,289,320,332,344,452,464,486,498,510,59,59,89,89,89,113,13,13,13,47,62,62,62],"floor_reached":33,"playtime":1408,"items_purged":["Strike_B","Defend_B"],"score":497,"play_id":"f0b2ba2d-3f10-498f-9e6c-6ab1b58d6dc2","local_time":"20190309213131","is_ascension_mode":true,"campfire_choices":[{"data":"Defend_B","floor":6,"key":"SMITH"},{"data":"Sunder","floor":15,"key":"SMITH"},{"data":"Master of Strategy","floor":24,"key":"SMITH"},{"data":"Zap","floor":29,"key":"SMITH"},{"floor":32,"key":"REST"}],"neow_cost":"NONE","seed_source_timestamp":565004407078541,"circlet_count":0,"master_deck":["Strike_B","Defend_B","Defend_B+1","Defend_B","Zap+1","Dualcast","BootSequence","Sunder+1","Master of Strategy+1"],"relics":["Cracked Core","NeowsBlessing","MawBank","Bottled Lightning","Anchor","Art of War","Pear","Busted Crown","Lee\u0027s Waffle","Gremlin Horn","Happy Flower","Question Card","Darkstone Periapt"],"potions_floor_usage":[11,16,23,30],"damage_taken":[{"damage":0,"enemies":"Jaw Worm","floor":1,"turns":1},{"damage":0,"enemies":"Gremlin Nob","floor":7,"turns":1},{"damage":0,"enemies":"Lagavulin","floor":10,"turns":1},{"damage":0,"enemies":"Small Slimes","floor":11,"turns":2},{"damage":1,"enemies":"2 Louse","floor":12,"turns":3},{"damage":0,"enemies":"Blue Slaver","floor":13,"turns":2},{"damage":30,"enemies":"The Guardian","floor":16,"turns":9},{"damage":9,"enemies":"3 Byrds","floor":18,"turns":5},{"damage":15,"enemies":"Slavers","floor":23,"turns":6},{"damage":37,"enemies":"Book of Stabbing","floor":30,"turns":5},{"damage":0,"enemies":"2 Thieves","floor":31,"turns":2},{"damage":79,"enemies":"Automaton","floor":33,"turns":8}],"seed_played":"5183894731610213816","potions_obtained":[{"floor":1,"key":"Fire Potion"},{"floor":11,"key":"SpeedPotion"},{"floor":12,"key":"Swift Potion"},{"floor":13,"key":"Fire Potion"},{"floor":23,"key":"Ancient Potion"},{"floor":30,"key":"Fire Potion"}],"is_trial":false,"path_per_floor":["M","?","?","?","$","R","E","T","T","E","M","M","M","?","R","B",null,"M","?","?","$","?","E","R","?","T","$","T","R","E","M","R","B"],"character_chosen":"DEFECT","items_purchased":["Master of Strategy","Lee\u0027s Waffle"],"campfire_rested":1,"item_purchase_floors":[21,21],"current_hp_per_floor":[68,65,65,65,65,65,65,65,65,75,75,74,74,74,74,44,75,66,50,50,97,97,82,82,82,82,82,82,82,45,45,74,0],"gold":62,"neow_bonus":"THREE_ENEMY_KILL","is_prod":false,"is_daily":false,"chose_seed":false,"campfire_upgraded":4,"win_rate":0,"timestamp":1552188691,"path_taken":["M","?","?","?","?","R","E","?","T","E","M","M","?","?","R","BOSS","M","?","?","$","?","E","R","?","T","?","?","R","E","M","R","BOSS"],"build_version":"2019-01-23","purchased_purges":2,"victory":false,"max_hp_per_floor":[75,75,75,75,75,75,75,75,75,85,85,85,85,85,85,85,85,85,90,90,97,97,97,97,97,97,97,97,97,97,97,97,97],"card_choices":[{"not_picked":["Force Field","Reprogram","Redo"],"picked":"SKIP","floor":1},{"not_picked":["Barrage","BootSequence","Reinforced Body"],"picked":"SKIP","floor":7},{"not_picked":["Barrage","Reinforced Body"],"picked":"BootSequence","floor":7},{"not_picked":["Coolheaded","Conserve Battery","Beam Cell"],"picked":"SKIP","floor":10},{"not_picked":["Darkness","Go for the Eyes"],"picked":"Sunder","floor":11},{"not_picked":["Beam Cell","Chaos","Undo"],"picked":"SKIP","floor":12},{"not_picked":["Heatsinks","Turbo","Redo"],"picked":"SKIP","floor":13},{"not_picked":["Stack+1"],"picked":"SKIP","floor":18},{"not_picked":["Loop"],"picked":"SKIP","floor":23},{"not_picked":["Force Field","Leap"],"picked":"SKIP","floor":30},{"not_picked":["Loop","Aggregate"],"picked":"SKIP","floor":31}],"player_experience":464548,"relics_obtained":[{"floor":7,"key":"Bottled Lightning"},{"floor":8,"key":"Anchor"},{"floor":9,"key":"Art of War"},{"floor":10,"key":"Pear"},{"floor":23,"key":"Gremlin Horn"},{"floor":26,"key":"Happy Flower"},{"floor":28,"key":"Question Card"},{"floor":30,"key":"Darkstone Periapt"}],"event_choices":[{"damage_healed":0,"gold_gain":0,"player_choice":"Success","damage_taken":3,"relics_obtained":["MawBank"],"max_hp_gain":0,"max_hp_loss":0,"event_name":"Scrap Ooze","floor":2,"gold_loss":0},{"damage_healed":0,"gold_gain":0,"player_choice":"Ignored","damage_taken":0,"max_hp_gain":0,"max_hp_loss":0,"event_name":"Shining Light","floor":3,"gold_loss":0},{"cards_removed":["Strike_B"],"damage_healed":0,"gold_gain":0,"player_choice":"Card Removal","damage_taken":0,"max_hp_gain":0,"max_hp_loss":0,"event_name":"The Cleric","floor":4,"gold_loss":50},{"cards_removed":["Strike_B"],"damage_healed":0,"gold_gain":0,"player_choice":"Forget","damage_taken":0,"max_hp_gain":0,"max_hp_loss":0,"event_name":"Living Wall","floor":14,"gold_loss":0},{"damage_healed":0,"gold_gain":0,"player_choice":"Shed Blood","damage_taken":21,"max_hp_gain":5,"max_hp_loss":0,"event_name":"Forgotten Altar","floor":19,"gold_loss":0},{"damage_healed":0,"gold_gain":0,"player_choice":"Ignored","damage_taken":0,"max_hp_gain":0,"max_hp_loss":0,"event_name":"Ghosts","floor":20,"gold_loss":0},{"damage_healed":0,"gold_gain":0,"player_choice":"Ignored","damage_taken":0,"max_hp_gain":0,"max_hp_loss":0,"event_name":"Vampires","floor":25,"gold_loss":0}],"is_beta":false,"boss_relics":[{"not_picked":["White Beast Statue","Eternal Feather"],"picked":"Busted Crown"}],"items_purged_floors":[21,27],"is_endless":false,"potions_floor_spawned":[1,11,12,13,23,30],"killed_by":"Automaton","ascension_level":8}