{"gold_per_floor":[114,128,128,128,128,147,147,178,178,198,123,123,162,162,162,286,286,305,305,328,328,353,353,366,366,439,439,463,463,476,340,340,460,460,480,480,355,369,369,369,369],"floor_reached":41,"playtime":3995,"items_purged":["Strike_B","Strike_B","Defend_B"],"score":439,"play_id":"e3c60dc0-ee60-4152-902f-f07cac4d3dd5","local_time":"20190220182302","is_ascension_mode":false,"campfire_choices":[{"data":"Cold Snap","floor":7,"key":"SMITH"},{"floor":15,"key":"REST"},{"floor":23,"key":"REST"},{"floor":25,"key":"REST"},{"floor":27,"key":"REST"},{"floor":32,"key":"REST"},{"floor":40,"key":"REST"}],"neow_cost":"NONE","seed_source_timestamp":81353203948050,"circlet_count":0,"master_deck":["Strike_B+1","Defend_B","Defend_B","Zap","Dualcast","Cold Snap+1","BootSequence","Chaos","Sweeping Beam","Static Discharge","Echo Form","Barrage+1","Barrage+1","Doom and Gloom","Coolheaded+1","Ball Lightning+1"],"relics":["Philosopher\u0027s Stone","Mercury Hourglass","Golden Idol","Odd Mushroom","Shuriken","Ancient Tea Set","Potion Belt","Inserter","Darkstone Periapt","White Beast Statue"],"potions_floor_usage":[13,13,21,22,30,38,41,41],"damage_taken":[{"damage":2,"enemies":"Cultist","floor":1,"turns":3},{"damage":4,"enemies":"Small Slimes","floor":2,"turns":4},{"damage":0,"enemies":"Jaw Worm","floor":6,"turns":2},{"damage":12,"enemies":"The Mushroom Lair","floor":8,"turns":5},{"damage":0,"enemies":"Exordium Wildlife","floor":10,"turns":4},{"damage":2,"enemies":"Lagavulin","floor":13,"turns":6},{"damage":59,"enemies":"Hexaghost","floor":16,"turns":9},{"damage":16,"enemies":"Shell Parasite","floor":18,"turns":5},{"damage":15,"enemies":"2 Thieves","floor":20,"turns":4},{"damage":29,"enemies":"Colosseum Slavers","floor":21,"turns":3},{"damage":5,"enemies":"Shelled Parasite and Fungi","floor":22,"turns":5},{"damage":13,"enemies":"Centurion and Healer","floor":24,"turns":4},{"damage":2,"enemies":"Cultist and Chosen","floor":28,"turns":4},{"damage":15,"enemies":"Snecko","floor":30,"turns":5},{"damage":0,"enemies":"Champ","floor":33,"turns":8},{"damage":46,"enemies":"3 Darklings","floor":35,"turns":4},{"damage":14,"enemies":"Orb Walker","floor":38,"turns":3},{"damage":36,"enemies":"3 Darklings","floor":41,"turns":3}],"seed_played":"7517528264613913436","potions_obtained":[{"floor":2,"key":"Energy Potion"},{"floor":8,"key":"EssenceOfSteel"},{"floor":16,"key":"PowerPotion"},{"floor":20,"key":"Strength Potion"},{"floor":28,"key":"PowerPotion"},{"floor":33,"key":"SkillPotion"},{"floor":35,"key":"Dexterity Potion"},{"floor":38,"key":"SkillPotion"}],"is_trial":false,"path_per_floor":["M","M","T","?","?","M","R","?","T","M","$","T","E","?","R","B",null,"M","?","M","?","M","R","M","R","T","R","M","?","M","$","R","B",null,"M","?","$","M","?","R","M"],"character_chosen":"DEFECT","items_purchased":["Doom and Gloom"],"campfire_rested":6,"item_purchase_floors":[31],"current_hp_per_floor":[73,69,69,69,69,69,69,57,57,57,57,57,55,41,61,2,69,53,53,38,9,4,24,11,31,31,51,49,49,34,34,54,54,69,23,23,23,9,9,29,0],"gold":369,"neow_bonus":"BOSS_RELIC","is_prod":false,"is_daily":false,"chose_seed":false,"campfire_upgraded":1,"win_rate":0,"timestamp":1550708582,"path_taken":["M","?","?","?","?","?","R","?","T","M","?","?","E","?","R","BOSS","M","?","M","?","M","R","M","R","T","R","M","?","M","$","R","BOSS","M","?","$","M","?","R","M"],"build_version":"2019-01-23","purchased_purges":3,"victory":false,"max_hp_per_floor":[75,75,75,75,69,69,69,69,69,69,69,69,69,69,69,69,69,69,69,69,69,69,69,69,69,69,69,69,69,69,69,69,69,69,69,69,69,69,69,69,69],"card_choices":[{"not_picked":["Undo","Gash"],"picked":"Cold Snap","floor":1},{"not_picked":["Steam","Barrage"],"picked":"BootSequence","floor":2},{"not_picked":["Undo","Sweeping Beam","Turbo"],"picked":"SKIP","floor":6},{"not_picked":["Barrage","Redo"],"picked":"Chaos","floor":8},{"not_picked":["Steam Power","Conserve Battery"],"picked":"Sweeping Beam","floor":10},{"not_picked":["Undo","Hyperbeam"],"picked":"Static Discharge","floor":13},{"not_picked":["Multi-Cast","Meteor Strike"],"picked":"Echo Form","floor":16},{"not_picked":["Doom and Gloom","Cold Snap"],"picked":"Barrage+1","floor":18},{"not_picked":["Rip and Tear","Reprogram","Streamline"],"picked":"SKIP","floor":20},{"not_picked":["Streamline","Force Field+1","Rip and Tear"],"picked":"SKIP","floor":22},{"not_picked":["Reprogram","Heatsinks+1"],"picked":"Barrage+1","floor":24},{"not_picked":["Undo","Conserve Battery","Sunder"],"picked":"SKIP","floor":28},{"not_picked":["Streamline","Auto Shields","Sweeping Beam"],"picked":"SKIP","floor":30},{"not_picked":["Gash+1","Turbo"],"picked":"Coolheaded+1","floor":35},{"not_picked":["BootSequence","Hologram"],"picked":"Ball Lightning+1","floor":38}],"player_experience":424242,"relics_obtained":[{"floor":3,"key":"Mercury Hourglass"},{"floor":8,"key":"Odd Mushroom"},{"floor":9,"key":"Shuriken"},{"floor":12,"key":"Ancient Tea Set"},{"floor":13,"key":"Potion Belt"},{"floor":26,"key":"Darkstone Periapt"}],"event_choices":[{"cards_removed":["Strike_B"],"damage_healed":0,"gold_gain":0,"player_choice":"Forget","damage_taken":0,"max_hp_gain":0,"max_hp_loss":0,"event_name":"Living Wall","floor":4,"gold_loss":0},{"damage_healed":0,"gold_gain":0,"player_choice":"Lose Max HP","damage_taken":0,"relics_obtained":["Golden Idol"],"max_hp_gain":0,"max_hp_loss":6,"event_name":"Golden Idol","floor":5,"gold_loss":0},{"damage_healed":0,"gold_gain":0,"player_choice":"Fought Mushrooms","damage_taken":0,"max_hp_gain":0,"max_hp_loss":0,"event_name":"Mushrooms","floor":8,"gold_loss":0},{"damage_healed":0,"gold_gain":0,"player_choice":"Entered Light","damage_taken":14,"max_hp_gain":0,"max_hp_loss":0,"event_name":"Shining Light","floor":14,"gold_loss":0,"cards_upgraded":["Defend_B","Strike_B"]},{"damage_healed":0,"gold_gain":0,"player_choice":"Ignored","damage_taken":0,"max_hp_gain":0,"max_hp_loss":0,"event_name":"The Mausoleum","floor":19,"gold_loss":0},{"damage_healed":0,"gold_gain":0,"player_choice":"Fight","damage_taken":0,"max_hp_gain":0,"max_hp_loss":0,"event_name":"Colosseum","floor":21,"gold_loss":0},{"damage_healed":0,"gold_gain":0,"player_choice":"Fled From Nobs","damage_taken":0,"max_hp_gain":0,"max_hp_loss":0,"event_name":"Colosseum","floor":21,"gold_loss":0},{"damage_healed":0,"gold_gain":0,"player_choice":"Ignored","damage_taken":0,"max_hp_gain":0,"max_hp_loss":0,"event_name":"Vampires","floor":29,"gold_loss":0},{"damage_healed":0,"gold_gain":0,"player_choice":"Ignored","damage_taken":0,"max_hp_gain":0,"max_hp_loss":0,"event_name":"Mysterious Sphere","floor":36,"gold_loss":0},{"cards_removed":["Defend_B"],"damage_healed":0,"gold_gain":0,"player_choice":"Removed Skill","damage_taken":0,"max_hp_gain":0,"max_hp_loss":0,"event_name":"Falling","floor":39,"gold_loss":0}],"is_beta":false,"boss_relics":[{"not_picked":["Calling Bell","Ectoplasm"],"picked":"Inserter"},{"not_picked":["Runic Dome","Coffee Dripper"],"picked":"White Beast Statue"}],"items_purged_floors":[11,31,37],"is_endless":false,"potions_floor_spawned":[2,8,16,20,21,28,33,35,38],"killed_by":"3 Darklings","ascension_level":0}