{"gold_per_floor":[113,10,10,10,28,28,58,58,58,77,92,92,120,175,175,270,270,288,300,319,319],"floor_reached":21,"playtime":790,"items_purged":[],"score":300,"play_id":"aebf4eb8-f626-41ff-9d82-d73f0cdbc8a5","local_time":"20190601194527","is_ascension_mode":true,"campfire_choices":[{"data":"Neutralize","floor":6,"key":"SMITH"},{"data":"Dodge and Roll","floor":8,"key":"SMITH"},{"floor":15,"key":"REST"}],"neow_cost":"NONE","seed_source_timestamp":4715398638811,"circlet_count":0,"master_deck":["Defend_G","Defend_G","Defend_G","Defend_G","Defend_G","Strike_G+1","Strike_G","Strike_G+1","Strike_G","Strike_G","Survivor","Neutralize+1","Dagger Throw","Quick Slash","Dodge and Roll+1","PiercingWail","Dagger Spray","Backstab","Backflip","Corpse Explosion","Cloak And Dagger","PiercingWail","Bullet Time","Predator","Noxious Fumes+1","Underhanded Strike","Deadly Poison","Prepared+1","Leg Sweep"],"relics":["Ring of the Snake","NeowsBlessing","PreservedInsect","Lantern","Prayer Wheel","Happy Flower","Eternal Feather"],"potions_floor_usage":[13,16],"damage_taken":[{"damage":0,"enemies":"Jaw Worm","floor":1,"turns":1},{"damage":0,"enemies":"Small Slimes","floor":5,"turns":1},{"damage":0,"enemies":"Gremlin Nob","floor":7,"turns":1},{"damage":0,"enemies":"Cultist","floor":10,"turns":3},{"damage":4,"enemies":"2 Fungi Beasts","floor":11,"turns":3},{"damage":5,"enemies":"Lagavulin","floor":13,"turns":5},{"damage":36,"enemies":"Hexaghost","floor":16,"turns":17},{"damage":2,"enemies":"Chosen","floor":18,"turns":6},{"damage":3,"enemies":"Shell Parasite","floor":19,"turns":7},{"damage":8,"enemies":"Shelled Parasite and Fungi","floor":20,"turns":9},{"damage":52,"enemies":"Masked Bandits","floor":21,"turns":5}],"seed_played":"7341722700321918005","potions_obtained":[{"floor":1,"key":"FearPotion"},{"floor":7,"key":"Dexterity Potion"},{"floor":13,"key":"Block Potion"},{"floor":20,"key":"Ancient Potion"}],"is_trial":false,"path_per_floor":["M","$","?","?","M","R","E","R","T","M","M","?","E","?","R","B",null,"M","M","M","?"],"character_chosen":"THE_SILENT","items_purchased":["Quick Slash","Dodge and Roll"],"campfire_rested":1,"item_purchase_floors":[2,2],"current_hp_per_floor":[63,63,49,49,49,49,49,49,49,49,45,45,40,40,61,25,59,57,54,46,0],"gold":319,"neow_bonus":"THREE_ENEMY_KILL","is_prod":false,"is_daily":false,"chose_seed":false,"campfire_upgraded":2,"win_rate":0,"timestamp":1559382327,"path_taken":["M","$","?","?","M","R","E","R","T","M","?","?","E","?","R","BOSS","M","M","M","?"],"build_version":"2019-01-23","purchased_purges":0,"victory":false,"max_hp_per_floor":[70,70,70,70,70,70,70,70,70,70,70,70,70,70,70,70,70,70,70,70,70],"card_choices":[{"not_picked":["Poisoned Stab","Slice"],"picked":"Dagger Throw","floor":1},{"not_picked":["Slice","Choke"],"picked":"PiercingWail","floor":5},{"not_picked":["Infinite Blades","Flying Knee"],"picked":"Dagger Spray","floor":7},{"not_picked":["Cloak And Dagger","Slice"],"picked":"Backstab","floor":10},{"not_picked":["Blur","Dagger Spray"],"picked":"Backflip","floor":10},{"not_picked":["Acrobatics","Poisoned Stab"],"picked":"Corpse Explosion","floor":11},{"not_picked":["Backstab","Flying Knee"],"picked":"Cloak And Dagger","floor":11},{"not_picked":["Quick Slash","Slice"],"picked":"PiercingWail","floor":13},{"not_picked":["Unload","Doppelganger"],"picked":"Bullet Time","floor":16},{"not_picked":["Cloak And Dagger","Dagger Throw+1"],"picked":"Predator","floor":18},{"not_picked":["Underhanded Strike","Burst"],"picked":"Noxious Fumes+1","floor":18},{"not_picked":["Skewer","Backflip"],"picked":"Underhanded Strike","floor":19},{"not_picked":["Slice","Bane"],"picked":"Deadly Poison","floor":19},{"not_picked":["Quick Slash","Flying Knee"],"picked":"Prepared+1","floor":20},{"not_picked":["Skewer","Bane"],"picked":"Leg Sweep","floor":20}],"player_experience":772457,"relics_obtained":[{"floor":7,"key":"Lantern"},{"floor":9,"key":"Prayer Wheel"},{"floor":13,"key":"Happy Flower"}],"event_choices":[{"damage_healed":0,"gold_gain":0,"player_choice":"Entered Light","damage_taken":14,"max_hp_gain":0,"max_hp_loss":0,"event_name":"Shining Light","floor":3,"gold_loss":0,"cards_upgraded":["Strike_G","Strike_G"]},{"damage_healed":0,"gold_gain":0,"player_choice":"Gave Potion","damage_taken":0,"relics_obtained":["PreservedInsect"],"max_hp_gain":0,"max_hp_loss":0,"event_name":"WeMeetAgain","floor":4,"gold_loss":0},{"damage_healed":0,"gold_gain":0,"player_choice":"Ignored","damage_taken":0,"max_hp_gain":0,"max_hp_loss":0,"event_name":"Liars Game","floor":12,"gold_loss":0},{"damage_healed":0,"gold_gain":55,"player_choice":"Gained Gold","damage_taken":0,"max_hp_gain":0,"max_hp_loss":0,"event_name":"Golden Wing","floor":14,"gold_loss":0},{"damage_healed":0,"gold_gain":0,"player_choice":"Fought Bandits","damage_taken":0,"max_hp_gain":0,"max_hp_loss":0,"event_name":"Masked Bandits","floor":21,"gold_loss":0}],"is_beta":false,"boss_relics":[{"not_picked":["Ectoplasm","Busted Crown"],"picked":"Eternal Feather"}],"items_purged_floors":[],"is_endless":false,"potions_floor_spawned":[1,7,13,20],"killed_by":"Masked Bandits","ascension_level":8}