{"gold_per_floor":[113,79,90,265,280,309,27,39,64,64,12,22,22,35,35,106,106,121,134,134,134],"floor_reached":21,"playtime":930,"items_purged":["Doubt"],"score":308,"play_id":"87e10b0d-6b9a-401b-865d-7044fd56784f","local_time":"20190707030437","is_ascension_mode":true,"campfire_choices":[{"data":"Neutralize","floor":10,"key":"SMITH"},{"floor":13,"key":"REST"},{"floor":15,"key":"REST"}],"neow_cost":"NONE","seed_source_timestamp":1627702746332,"circlet_count":0,"master_deck":["AscendersBane","Strike_G","Strike_G","Strike_G","Strike_G","Strike_G","Defend_G","Defend_G","Defend_G","Defend_G","Defend_G","Survivor","Neutralize+1","Backstab","Dagger Throw","Dagger Spray","Sucker Punch","Noxious Fumes","PiercingWail","Quick Slash","Blur","Blade Dance","Backflip","PiercingWail","Dodge and Roll","Tools of the Trade","PiercingWail+1","Riddle With Holes+1"],"relics":["Ring of the Snake","Bag of Marbles","MawBank","Pen Nib","Eternal Feather"],"potions_floor_usage":[6,16,18],"damage_taken":[{"damage":11,"enemies":"Small Slimes","floor":1,"turns":3},{"damage":0,"enemies":"Cultist","floor":3,"turns":2},{"damage":0,"enemies":"Jaw Worm","floor":5,"turns":1},{"damage":17,"enemies":"Lagavulin","floor":6,"turns":8},{"damage":1,"enemies":"Blue Slaver","floor":8,"turns":2},{"damage":3,"enemies":"3 Louse","floor":12,"turns":4},{"damage":7,"enemies":"Lots of Slimes","floor":14,"turns":2},{"damage":32,"enemies":"Hexaghost","floor":16,"turns":13},{"damage":18,"enemies":"3 Byrds","floor":18,"turns":5},{"damage":19,"enemies":"Shell Parasite","floor":19,"turns":7},{"damage":19,"enemies":"Sentry and Sphere","floor":21,"turns":4}],"seed_played":"4493523816690513784","potions_obtained":[{"floor":1,"key":"EssenceOfSteel"},{"floor":5,"key":"SpeedPotion"},{"floor":14,"key":"Strength Potion"},{"floor":16,"key":"Energy Potion"},{"floor":19,"key":"Strength Potion"}],"is_trial":false,"path_per_floor":["M","?","M","?","M","E","$","M","T","R","$","M","R","M","R","B",null,"M","M","?","M"],"character_chosen":"THE_SILENT","items_purchased":["Noxious Fumes","PiercingWail","Quick Slash","Blur","Backflip"],"campfire_rested":2,"item_purchase_floors":[7,7,7,7,11],"current_hp_per_floor":[48,48,48,48,48,31,31,30,30,30,30,27,46,39,58,26,56,38,19,19,0],"gold":134,"neow_bonus":"RANDOM_COMMON_RELIC","is_prod":false,"is_daily":false,"chose_seed":false,"campfire_upgraded":1,"win_rate":0,"timestamp":1562432677,"path_taken":["M","?","M","?","M","E","$","M","T","R","$","M","R","M","R","BOSS","M","M","?","M"],"build_version":"2019-07-05","purchased_purges":1,"victory":false,"max_hp_per_floor":[66,66,66,66,66,66,66,66,66,66,66,66,66,66,66,66,66,66,66,66,66],"card_choices":[{"not_picked":["Flechettes","Infinite Blades"],"picked":"Backstab","floor":1},{"not_picked":["Choke","Deadly Poison"],"picked":"Dagger Throw","floor":3},{"not_picked":["Choke","Finisher"],"picked":"Dagger Spray","floor":5},{"not_picked":["Outmaneuver","Slice"],"picked":"Sucker Punch","floor":6},{"not_picked":["Calculated Gamble","Dash"],"picked":"Blade Dance","floor":8},{"not_picked":["Outmaneuver","Tactician"],"picked":"PiercingWail","floor":12},{"not_picked":["Prepared","Backstab"],"picked":"Dodge and Roll","floor":14},{"not_picked":["Wraith Form v2","Burst"],"picked":"Tools of the Trade","floor":16},{"not_picked":["Dodge and Roll","Infinite Blades"],"picked":"PiercingWail+1","floor":18},{"not_picked":["Finisher","Sucker Punch+1"],"picked":"Riddle With Holes","floor":19}],"player_experience":948622,"relics_obtained":[{"floor":6,"key":"MawBank"},{"floor":9,"key":"Pen Nib"}],"event_choices":[{"damage_healed":0,"gold_gain":0,"player_choice":"Left Gold","damage_taken":0,"max_hp_gain":0,"max_hp_loss":0,"event_name":"World of Goop","floor":2,"gold_loss":34},{"damage_healed":0,"gold_gain":175,"player_choice":"AGREE","damage_taken":0,"max_hp_gain":0,"max_hp_loss":0,"event_name":"Liars Game","floor":4,"gold_loss":0,"cards_obtained":["Doubt"]},{"damage_healed":0,"gold_gain":0,"player_choice":"Upgraded","damage_taken":0,"max_hp_gain":0,"max_hp_loss":0,"event_name":"Upgrade Shrine","floor":20,"gold_loss":0,"cards_upgraded":["Riddle With Holes"]}],"is_beta":false,"boss_relics":[{"not_picked":["Runic Dome","Fusion Hammer"],"picked":"Eternal Feather"}],"items_purged_floors":[7],"is_endless":false,"potions_floor_spawned":[1,5,14,16,19],"killed_by":"Sentry and Sphere","ascension_level":14}