{"gold_per_floor":[113,113,126,49,63,63,89,89,89,106,126,160,175,186,186,283,283,300,319,319],"floor_reached":20,"playtime":5596,"items_purged":[],"score":213,"play_id":"01942aef-cd91-429d-b9be-845a2cb0b135","local_time":"20190712142716","is_ascension_mode":false,"campfire_choices":[{"data":"Loop","floor":6,"key":"SMITH"},{"data":"Reinforced Body","floor":8,"key":"SMITH"},{"floor":15,"key":"REST"}],"neow_cost":"NONE","seed_source_timestamp":259246040544700,"circlet_count":0,"master_deck":["Strike_B","Strike_B","Strike_B","Defend_B","Defend_B+1","Defend_B","Defend_B","Zap","Dualcast+1","Reinforced Body+1","Storm","Loop+1","Gash","Gash","Chill","Gash","Defragment","Gash","Hologram","Machine Learning","Storm","Gash"],"relics":["Cracked Core","NeowsBlessing","Matryoshka","War Paint","Sundial","Lantern","Eternal Feather"],"potions_floor_usage":[],"damage_taken":[{"damage":0,"enemies":"Jaw Worm","floor":1,"turns":1},{"damage":0,"enemies":"Cultist","floor":3,"turns":1},{"damage":0,"enemies":"Small Slimes","floor":5,"turns":1},{"damage":25,"enemies":"3 Sentries","floor":7,"turns":7},{"damage":8,"enemies":"2 Fungi Beasts","floor":10,"turns":4},{"damage":2,"enemies":"Exordium Wildlife","floor":11,"turns":6},{"damage":21,"enemies":"Lagavulin","floor":12,"turns":6},{"damage":1,"enemies":"Exordium Thugs","floor":13,"turns":3},{"damage":2,"enemies":"Gremlin Gang","floor":14,"turns":4},{"damage":14,"enemies":"Hexaghost","floor":16,"turns":9},{"damage":3,"enemies":"Spheric Guardian","floor":18,"turns":4},{"damage":23,"enemies":"2 Thieves","floor":19,"turns":5},{"damage":58,"enemies":"Masked Bandits","floor":20,"turns":4}],"seed_played":"-4960594835861993285","potions_obtained":[{"floor":3,"key":"SkillPotion"},{"floor":5,"key":"AttackPotion"},{"floor":12,"key":"EssenceOfSteel"},{"floor":14,"key":"Block Potion"},{"floor":19,"key":"Dexterity Potion"}],"is_trial":false,"path_per_floor":["M","?","M","$","M","R","E","R","T","M","M","E","M","M","R","B",null,"M","M","?"],"character_chosen":"DEFECT","items_purchased":["Loop"],"campfire_rested":1,"item_purchase_floors":[4],"current_hp_per_floor":[75,75,75,75,75,75,50,50,50,42,40,19,18,16,38,24,75,72,49,0],"gold":319,"neow_bonus":"THREE_ENEMY_KILL","is_prod":false,"is_daily":false,"chose_seed":false,"campfire_upgraded":2,"win_rate":0.0,"timestamp":1562956036,"path_taken":["M","?","M","$","M","R","E","R","T","M","M","E","M","?","R","BOSS","M","M","?"],"build_version":"2019-07-05","purchased_purges":0,"victory":false,"max_hp_per_floor":[75,75,75,75,75,75,75,75,75,75,75,75,75,75,75,75,75,75,75,75],"card_choices":[{"not_picked":["Conserve Battery","Streamline"],"picked":"Reinforced Body","floor":1},{"not_picked":["Streamline","Beam Cell"],"picked":"Storm","floor":3},{"not_picked":["Steam","Beam Cell"],"picked":"Gash","floor":5},{"not_picked":["Beam Cell","Compile Driver"],"picked":"Gash","floor":7},{"not_picked":["Heatsinks","FTL"],"picked":"Chill","floor":10},{"not_picked":["Reprogram","Steam"],"picked":"Gash","floor":11},{"not_picked":["Leap","Thunder Strike"],"picked":"Defragment","floor":12},{"not_picked":["Hello World","Beam Cell"],"picked":"Gash","floor":13},{"not_picked":["Reinforced Body","Gash"],"picked":"Hologram","floor":14},{"not_picked":["Reboot","Fission"],"picked":"Machine Learning","floor":16},{"not_picked":["Double Energy","Lockon+1"],"picked":"Storm","floor":18},{"not_picked":["Ball Lightning+1","Stack"],"picked":"Gash","floor":19}],"player_experience":12635,"relics_obtained":[{"floor":7,"key":"Matryoshka"},{"floor":9,"key":"War Paint"},{"floor":9,"key":"Sundial"},{"floor":12,"key":"Lantern"}],"event_choices":[{"cards_removed":["Strike_B"],"damage_healed":0,"gold_gain":0,"player_choice":"Offered Basic","damage_taken":0,"max_hp_gain":0,"max_hp_loss":0,"event_name":"Bonfire Elementals","floor":2,"gold_loss":0},{"damage_healed":0,"gold_gain":0,"player_choice":"Fought Bandits","damage_taken":0,"max_hp_gain":0,"max_hp_loss":0,"event_name":"Masked Bandits","floor":20,"gold_loss":0}],"is_beta":false,"boss_relics":[{"not_picked":["Lizard Tail","Fusion Hammer"],"picked":"Eternal Feather"}],"items_purged_floors":[],"is_endless":false,"potions_floor_spawned":[3,5,12,14,19],"killed_by":"Masked Bandits","ascension_level":0}