{"gold_per_floor":[110,122,54,67,67,92,110,110,133,178,103,103,119,130,130,232,232,243,254,254,254,254],"floor_reached":22,"playtime":2005,"items_purged":["Strike_B"],"score":186,"play_id":"c2623aba-360d-4a6b-95ed-1e1a3248dcd2","local_time":"20190223083119","is_ascension_mode":false,"campfire_choices":[{"floor":8,"key":"REST"},{"floor":12,"key":"REST"},{"floor":15,"key":"REST"}],"neow_cost":"NONE","seed_source_timestamp":307014162666353,"circlet_count":0,"master_deck":["Strike_B","Defend_B","Defend_B","Defend_B","Defend_B","Zap","Dualcast","Capacitor","Capacitor","Coolheaded","Machine Learning","Thunder Strike","Underhanded Strike+1"],"special_seed":0,"relics":["Cracked Core","Boot","Dream Catcher","Bag of Preparation","Art of War","Nuclear Battery"],"potions_floor_usage":[6,18],"damage_taken":[{"damage":0.0,"enemies":"2 Louse","floor":1.0,"turns":2.0},{"damage":2.0,"enemies":"Jaw Worm","floor":2.0,"turns":4.0},{"damage":5.0,"enemies":"Cultist","floor":4.0,"turns":4.0},{"damage":34,"enemies":"Lagavulin","floor":6,"turns":7},{"damage":31,"enemies":"Gremlin Gang","floor":7,"turns":6},{"damage":12,"enemies":"Blue Slaver","floor":13,"turns":5},{"damage":4,"enemies":"Large Slime","floor":14,"turns":8},{"damage":27,"enemies":"The Guardian","floor":16,"turns":16},{"damage":5,"enemies":"3 Byrds","floor":18,"turns":3},{"damage":22,"enemies":"Chosen","floor":19,"turns":7},{"damage":59,"enemies":"3 Cultists","floor":22,"turns":5}],"seed_played":"6488843700814629631","potions_obtained":[{"floor":2.0,"key":"LiquidBronze"},{"floor":4.0,"key":"Poison Potion"},{"floor":6,"key":"Swift Potion"},{"floor":19,"key":"Poison Potion"}],"is_trial":false,"path_per_floor":["M","M","$","M","?","E","M","R","T","T","$","R","M","M","R","B",null,"M","M","?","?","M"],"character_chosen":"DEFECT","items_purchased":["Capacitor"],"campfire_rested":3,"item_purchase_floors":[3],"current_hp_per_floor":[75,73,73,68,73,39,8,32,32,32,32,56,44,40,64,37,80,75,53,53,53,0],"gold":254,"neow_bonus":"RANDOM_COMMON_RELIC","is_prod":false,"is_daily":false,"chose_seed":false,"campfire_upgraded":0,"win_rate":0,"timestamp":1550932279,"path_taken":["M","M","$","M","?","E","M","R","T","?","?","R","?","?","R","BOSS","M","M","?","?","?"],"build_version":"2019-01-23","purchased_purges":1,"victory":false,"max_hp_per_floor":[75,75,75,75,80,80,80,80,80,80,80,80,80,80,80,80,80,80,80,80,80,80],"card_choices":[{"not_picked":["Turbo","Rebound","Tempest"],"picked":"SKIP","floor":1.0},{"not_picked":["Go for the Eyes","Stack"],"picked":"Capacitor","floor":2.0},{"not_picked":["Redo","Hello World","Beam Cell"],"picked":"SKIP","floor":4.0},{"not_picked":["Ball Lightning","Reinforced Body"],"picked":"Coolheaded","floor":6},{"not_picked":["Steam","Hello World","Melter"],"picked":"SKIP","floor":7},{"not_picked":["Auto Shields","Redo","Undo"],"picked":"SKIP","floor":13},{"not_picked":["Barrage","Streamline","Tempest"],"picked":"SKIP","floor":14},{"not_picked":["Reboot","Multi-Cast"],"picked":"Machine Learning","floor":16},{"not_picked":["Streamline","Stack","Coolheaded"],"picked":"SKIP","floor":18},{"not_picked":["Rebound","Beam Cell","Streamline"],"picked":"SKIP","floor":19}],"player_experience":430281,"relics_obtained":[{"floor":6,"key":"Dream Catcher"},{"floor":9,"key":"Bag of Preparation"},{"floor":10,"key":"Art of War"}],"event_choices":[{"damage_healed":0.0,"max_hp_gain":5.0,"max_hp_loss":0.0,"gold_gain":0.0,"event_name":"Big Fish","player_choice":"Donut","floor":5.0,"gold_loss":0.0,"damage_taken":0.0},{"damage_healed":0,"gold_gain":0,"cards_transformed":["Strike_B","Strike_B"],"player_choice":"Became Test Subject","damage_taken":0,"max_hp_gain":0,"max_hp_loss":0,"event_name":"Drug Dealer","floor":20,"gold_loss":0,"cards_obtained":["Thunder Strike","All For One"]},{"cards_removed":["All For One"],"damage_healed":0,"gold_gain":0,"player_choice":"Took Card","damage_taken":0,"max_hp_gain":0,"max_hp_loss":0,"event_name":"NoteForYourself","floor":21,"gold_loss":0,"cards_obtained":["Underhanded Strike"]}],"is_beta":false,"boss_relics":[{"not_picked":["Lizard Tail","Philosopher\u0027s Stone"],"picked":"Nuclear Battery"}],"items_purged_floors":[11],"is_endless":false,"potions_floor_spawned":[2,4,6,19],"killed_by":"3 Cultists","ascension_level":0}