{"gold_per_floor":[113,113,113,126,147,147,191,37,60,60,60,60,60,60,60,181,181,206,231,31,231,255,255,255,269,296,221,234,234,257,257,257,377,377,396,496,208,333,333,333,353,353,353,212,212,212,212,227,227,227],"floor_reached":50,"playtime":1694,"items_purged":[],"score":459,"play_id":"d38f3782-ad5f-421c-99c6-d0ec30eabcc7","local_time":"20190717083947","is_ascension_mode":false,"campfire_choices":[{"data":"Spot Weakness","floor":6,"key":"SMITH"},{"floor":10,"key":"REST"},{"data":"Heavy Blade","floor":12,"key":"SMITH"},{"data":"Bash","floor":15,"key":"SMITH"},{"floor":23,"key":"REST"},{"floor":32,"key":"REST"},{"data":"Berserk","floor":40,"key":"SMITH"},{"data":"Warcry","floor":42,"key":"SMITH"},{"data":"Double Tap","floor":45,"key":"SMITH"},{"data":"Apotheosis","floor":49,"key":"SMITH"}],"neow_cost":"NONE","seed_source_timestamp":569959952064700,"circlet_count":0,"master_deck":["Strike_R+1","Strike_R+1","Strike_R+1","Defend_R+1","Defend_R+1","Defend_R+1","Defend_R+1","Bash+1","Spot Weakness+1","Iron Wave","Cleave","Heavy Blade+1","Berserk+1","Rage","Flex","Heavy Blade+1","Shrug It Off+1","Headbutt","Inflame","Reaper","J.A.X.","Warcry","Reaper","Flex","Sword Boomerang","Warcry+1","Inflame","Double Tap+1","Madness","Madness","Apotheosis+1","Twin Strike+1","Inflame+1"],"relics":["Black Blood","Regal Pillow","Golden Idol","Happy Flower","Juzu Bracelet","Bag of Marbles","Velvet Choker","DollysMirror","Enchiridion","Lantern","Prayer Wheel","Incense Burner","Molten Egg 2"],"potions_floor_usage":[16,16,18,48,48,50],"damage_taken":[{"damage":4,"enemies":"2 Louse","floor":1,"turns":3},{"damage":1,"enemies":"Jaw Worm","floor":4,"turns":5},{"damage":2,"enemies":"Small Slimes","floor":5,"turns":4},{"damage":49,"enemies":"Gremlin Nob","floor":7,"turns":5},{"damage":27,"enemies":"The Guardian","floor":16,"turns":6},{"damage":10,"enemies":"Chosen","floor":18,"turns":4},{"damage":14,"enemies":"3 Byrds","floor":19,"turns":5},{"damage":37,"enemies":"Cultist and Chosen","floor":22,"turns":5},{"damage":14,"enemies":"Snecko","floor":25,"turns":4},{"damage":26,"enemies":"Centurion and Healer","floor":28,"turns":4},{"damage":0,"enemies":"Cultist and Chosen","floor":30,"turns":3},{"damage":87,"enemies":"Automaton","floor":33,"turns":8},{"damage":5,"enemies":"Orb Walker","floor":35,"turns":2},{"damage":52,"enemies":"Mind Bloom Boss Battle","floor":38,"turns":6},{"damage":17,"enemies":"3 Shapes","floor":41,"turns":2},{"damage":22,"enemies":"Maw","floor":48,"turns":6},{"damage":156,"enemies":"Awakened One","floor":50,"turns":7}],"seed_played":"-9157914871058888240","potions_obtained":[{"floor":5,"key":"SkillPotion"},{"floor":7,"key":"Energy Potion"},{"floor":18,"key":"Fruit Juice"},{"floor":22,"key":"Swift Potion"},{"floor":30,"key":"Fire Potion"},{"floor":33,"key":"EssenceOfSteel"},{"floor":38,"key":"Energy Potion"}],"is_trial":false,"path_per_floor":["M","?","?","M","M","R","E","$","T","R","$","R","?","?","R","B",null,"M","M","$","?","M","R","?","M","T","$","M","?","M","?","R","B",null,"M","?","$","?","?","R","M","R","T","$","R","?","?","M","R","B"],"character_chosen":"IRONCLAD","items_purchased":["Juzu Bracelet","DollysMirror","Inflame","Prayer Wheel","Inflame","Double Tap"],"campfire_rested":3,"item_purchase_floors":[8,20,27,37,44,44],"current_hp_per_floor":[80,60,60,65,69,69,26,26,26,65,65,65,65,70,70,49,85,86,78,78,78,47,89,73,65,65,65,45,45,51,51,90,21,90,90,90,90,87,87,87,80,80,80,80,80,69,69,84,84,0],"gold":227,"neow_bonus":"RANDOM_COMMON_RELIC","is_prod":false,"is_daily":false,"chose_seed":false,"campfire_upgraded":7,"win_rate":0,"timestamp":1563370787,"path_taken":["M","?","?","M","M","R","E","?","T","R","$","R","?","?","R","BOSS","M","M","$","?","M","R","?","M","T","$","M","?","M","?","R","BOSS","M","?","$","?","?","R","M","R","T","$","R","?","?","M","R","BOSS"],"build_version":"2019-07-05","purchased_purges":0,"victory":false,"max_hp_per_floor":[80,80,80,80,80,80,80,80,80,80,80,80,80,85,85,85,85,90,90,90,90,90,90,90,90,90,90,90,90,90,90,90,90,90,90,90,90,90,90,90,90,90,90,90,90,90,90,90,90,90],"card_choices":[{"not_picked":["Cleave","Fire Breathing"],"picked":"Spot Weakness","floor":1},{"not_picked":["Battle Trance","Thunderclap"],"picked":"Iron Wave","floor":4},{"not_picked":["Iron Wave","Clothesline"],"picked":"Cleave","floor":5},{"not_picked":["Barricade","Evolve"],"picked":"Heavy Blade","floor":7},{"not_picked":["Juggernaut","Immolate"],"picked":"Berserk","floor":16},{"not_picked":["Armaments","Sword Boomerang"],"picked":"Rage","floor":18},{"not_picked":["Anger","Infernal Blade"],"picked":"Flex","floor":19},{"not_picked":["Havoc+1","Clothesline+1"],"picked":"Shrug It Off+1","floor":22},{"not_picked":["Feel No Pain+1","Body Slam"],"picked":"Headbutt","floor":25},{"not_picked":["Uppercut","Bloodletting+1"],"picked":"Reaper","floor":28},{"not_picked":["Perfected Strike+1","Dropkick"],"picked":"Warcry","floor":30},{"not_picked":["Offering","Bludgeon"],"picked":"Reaper","floor":33},{"not_picked":["Anger","Iron Wave"],"picked":"Flex","floor":35},{"not_picked":["Headbutt","Havoc+1"],"picked":"Sword Boomerang","floor":41},{"not_picked":["Wild Strike","Seeing Red+1"],"picked":"Warcry","floor":41},{"not_picked":["Magnetism","Master of Strategy"],"picked":"Apotheosis","floor":47},{"not_picked":["Clothesline+1","Intimidate"],"picked":"Twin Strike+1","floor":48},{"not_picked":["Infernal Blade","Shrug It Off+1"],"picked":"Inflame+1","floor":48}],"player_experience":44739,"relics_obtained":[{"floor":7,"key":"Happy Flower"},{"floor":9,"key":"Bag of Marbles"},{"floor":24,"key":"Enchiridion"},{"floor":26,"key":"Lantern"},{"floor":38,"key":"Incense Burner"},{"floor":43,"key":"Molten Egg 2"}],"event_choices":[{"damage_healed":0,"gold_gain":0,"player_choice":"Take Damage","damage_taken":20,"relics_obtained":["Golden Idol"],"max_hp_gain":0,"max_hp_loss":0,"event_name":"Golden Idol","floor":2,"gold_loss":0},{"damage_healed":0,"gold_gain":0,"player_choice":"Ignored","damage_taken":0,"max_hp_gain":0,"max_hp_loss":0,"event_name":"Liars Game","floor":3,"gold_loss":0},{"cards_removed":["Strike_R"],"damage_healed":0,"gold_gain":0,"player_choice":"Card Removal","damage_taken":0,"max_hp_gain":0,"max_hp_loss":0,"event_name":"Wheel of Change","floor":13,"gold_loss":0},{"damage_healed":0,"gold_gain":0,"player_choice":"Donut","damage_taken":0,"max_hp_gain":5,"max_hp_loss":0,"event_name":"Big Fish","floor":14,"gold_loss":0},{"damage_healed":0,"gold_gain":200,"player_choice":"Gold","damage_taken":0,"max_hp_gain":0,"max_hp_loss":0,"event_name":"Wheel of Change","floor":21,"gold_loss":0},{"damage_healed":0,"gold_gain":0,"player_choice":"Obtained Book","damage_taken":16,"max_hp_gain":0,"max_hp_loss":0,"event_name":"Cursed Tome","floor":24,"gold_loss":0},{"damage_healed":0,"gold_gain":0,"player_choice":"Obtain J.A.X.","damage_taken":0,"max_hp_gain":0,"max_hp_loss":0,"event_name":"Drug Dealer","floor":29,"gold_loss":0,"cards_obtained":["J.A.X."]},{"damage_healed":0,"gold_gain":0,"player_choice":"Simplicity","damage_taken":0,"max_hp_gain":0,"max_hp_loss":0,"event_name":"Back to Basics","floor":31,"gold_loss":0,"cards_upgraded":["Strike_R","Strike_R","Strike_R","Strike_R","Defend_R","Defend_R","Defend_R","Defend_R"]},{"damage_healed":0,"gold_gain":100,"player_choice":"Pray","damage_taken":0,"max_hp_gain":0,"max_hp_loss":0,"event_name":"Golden Shrine","floor":36,"gold_loss":0},{"damage_healed":0,"gold_gain":0,"player_choice":"Fight","damage_taken":0,"max_hp_gain":0,"max_hp_loss":0,"event_name":"MindBloom","floor":38,"gold_loss":0},{"cards_removed":["Strike_R"],"damage_healed":0,"gold_gain":0,"player_choice":"Removed Attack","damage_taken":0,"max_hp_gain":0,"max_hp_loss":0,"event_name":"Falling","floor":39,"gold_loss":0},{"damage_healed":0,"gold_gain":0,"player_choice":"Embrace Madness","damage_taken":11,"max_hp_gain":0,"max_hp_loss":0,"event_name":"Winding Halls","floor":46,"gold_loss":0,"cards_obtained":["Madness","Madness"]},{"damage_healed":0,"gold_gain":0,"player_choice":"Memory 1","damage_taken":0,"max_hp_gain":0,"max_hp_loss":0,"event_name":"SensoryStone","floor":47,"gold_loss":0}],"is_beta":false,"boss_relics":[{"not_picked":["Empty Cage","Fusion Hammer"],"picked":"Velvet Choker"},{"not_picked":["Orrery","Philosopher\u0027s Stone"],"picked":"Black Blood"}],"items_purged_floors":[],"is_endless":false,"potions_floor_spawned":[5,7,18,22,30,33,38],"killed_by":"Awakened One","ascension_level":0}