{"gold_per_floor":[116,116,3,3,3,3,3,3,55,66,98,98,130,141,141,239,239,255,255,255],"floor_reached":20,"playtime":518,"items_purged":["Pain"],"score":254,"play_id":"f4f6b9e3-0780-4927-861f-3ac461a26ae3","local_time":"20190516023610","is_ascension_mode":true,"campfire_choices":[{"data":"Bash","floor":6,"key":"SMITH"},{"floor":7,"key":"REST"},{"floor":8,"key":"REST"},{"data":"Wild Strike","floor":12,"key":"SMITH"},{"data":"Warcry","floor":15,"key":"SMITH"}],"neow_cost":"CURSE","seed_source_timestamp":29241677875144,"circlet_count":0,"master_deck":["Strike_R","Strike_R","Strike_R","Strike_R+1","Defend_R","Defend_R","Defend_R","Defend_R","Bash+1","Warcry","Whirlwind+1","Warcry+1","Burning Pact","Wild Strike+1","Shrug It Off","Dropkick","Fiend Fire","Spot Weakness"],"relics":["Burning Blood","WingedGreaves","Magic Flower","Vajra","Omamori","Unceasing Top","Black Star"],"potions_floor_usage":[13,16,16],"damage_taken":[{"damage":12,"enemies":"Jaw Worm","floor":1,"turns":4},{"damage":0,"enemies":"2 Louse","floor":10,"turns":1},{"damage":30,"enemies":"Gremlin Nob","floor":11,"turns":4},{"damage":0,"enemies":"3 Sentries","floor":13,"turns":2},{"damage":0,"enemies":"Small Slimes","floor":14,"turns":2},{"damage":66,"enemies":"Hexaghost","floor":16,"turns":11},{"damage":20,"enemies":"Chosen","floor":18,"turns":5},{"damage":55,"enemies":"Colosseum Slavers","floor":20,"turns":4}],"seed_played":"5330897974246457974","potions_obtained":[{"floor":1,"key":"SteroidPotion"},{"floor":11,"key":"SpeedPotion"},{"floor":13,"key":"Weak Potion"},{"floor":18,"key":"Ancient Potion"}],"is_trial":false,"path_per_floor":["M","?","$","?","?","R","R","R","T","M","E","R","E","M","R","B",null,"M","?","?"],"character_chosen":"IRONCLAD","items_purchased":["Whirlwind"],"campfire_rested":2,"item_purchase_floors":[3],"current_hp_per_floor":[74,49,49,49,33,33,57,80,80,80,59,59,68,77,77,20,65,54,54,0],"gold":255,"neow_bonus":"ONE_RARE_RELIC","is_prod":false,"is_daily":false,"chose_seed":false,"campfire_upgraded":3,"win_rate":0,"timestamp":1557938170,"path_taken":["M","?","$","?","?","R","R","R","T","M","E","R","E","M","R","BOSS","M","?","?"],"build_version":"2019-01-23","purchased_purges":1,"victory":false,"max_hp_per_floor":[80,80,80,80,80,80,80,80,80,80,80,80,80,80,80,80,80,80,80,80],"card_choices":[{"not_picked":["Clash","Sword Boomerang"],"picked":"Warcry","floor":1},{"not_picked":["Thunderclap","Searing Blow"],"picked":"Burning Pact","floor":10},{"not_picked":["Rage","Intimidate"],"picked":"Wild Strike","floor":11},{"not_picked":["Hemokinesis","Sword Boomerang"],"picked":"Shrug It Off","floor":13},{"not_picked":["Rupture","Feed"],"picked":"Dropkick","floor":14},{"not_picked":["Reaper","Impervious"],"picked":"Fiend Fire","floor":16},{"not_picked":["Perfected Strike","Headbutt"],"picked":"Spot Weakness","floor":18}],"player_experience":618650,"relics_obtained":[{"floor":9,"key":"Vajra"},{"floor":11,"key":"Omamori"},{"floor":13,"key":"Unceasing Top"}],"event_choices":[{"damage_healed":0,"gold_gain":0,"player_choice":"Success","damage_taken":25,"relics_obtained":["Magic Flower"],"max_hp_gain":0,"max_hp_loss":0,"event_name":"Scrap Ooze","floor":2,"gold_loss":0},{"damage_healed":0,"gold_gain":0,"cards_transformed":["Strike_R"],"player_choice":"Change","damage_taken":0,"max_hp_gain":0,"max_hp_loss":0,"event_name":"Living Wall","floor":4,"gold_loss":0,"cards_obtained":["Warcry"]},{"damage_healed":0,"gold_gain":0,"player_choice":"Entered Light","damage_taken":16,"max_hp_gain":0,"max_hp_loss":0,"event_name":"Shining Light","floor":5,"gold_loss":0,"cards_upgraded":["Strike_R","Whirlwind"]},{"damage_healed":0,"gold_gain":0,"player_choice":"Ignored","damage_taken":0,"max_hp_gain":0,"max_hp_loss":0,"event_name":"Vampires","floor":19,"gold_loss":0},{"damage_healed":0,"gold_gain":0,"player_choice":"Fight","damage_taken":0,"max_hp_gain":0,"max_hp_loss":0,"event_name":"Colosseum","floor":20,"gold_loss":0}],"is_beta":false,"boss_relics":[{"not_picked":["Ectoplasm","Coffee Dripper"],"picked":"Black Star"}],"items_purged_floors":[3],"is_endless":false,"potions_floor_spawned":[1,11,13,18],"killed_by":"Colosseum Slavers","ascension_level":5}