{"gold_per_floor":[111,111,111,36,51,51,80,80,132,132,148,225,258,276,276,367,367,388,388,303,139,163,163,194,194,194,237,237,277,295,310,310,408,408,423,423,205,205,205,248,266,305,330,330,350,350,385,718,718,718,718,718,718,267,295,295],"floor_reached":57,"playtime":3947,"items_purged":["Strike_G","Strike_G"],"score":2929,"play_id":"57f0b347-6b14-4c78-a87c-03d261ba01b3","local_time":"20190620222042","is_ascension_mode":true,"campfire_choices":[{"floor":6.0,"key":"REST"},{"data":"Noxious Fumes","floor":15.0,"key":"SMITH"},{"floor":23.0,"key":"REST"},{"data":"Catalyst","floor":25.0,"key":"SMITH"},{"data":"After Image","floor":28.0,"key":"SMITH"},{"floor":32.0,"key":"REST"},{"floor":46.0,"key":"RECALL"},{"data":"Night Terror","floor":49.0,"key":"SMITH"},{"data":"Wraith Form v2","floor":53.0,"key":"SMITH"}],"neow_cost":"NONE","seed_source_timestamp":0,"circlet_count":0,"master_deck":["AscendersBane","Strike_G","Strike_G","Defend_G","Defend_G","Defend_G","Defend_G","Survivor","Neutralize","Dash","Slice","Dodge and Roll","Noxious Fumes+1","Bouncing Flask","Night Terror+1","Dash","Corpse Explosion","Neutralize","Catalyst+1","Infinite Blades+1","Acrobatics+1","After Image+1","Wraith Form v2+1","Blur","Adrenaline","Wraith Form v2","Leg Sweep","Dodge and Roll+1","Madness","Madness","Acrobatics+1","Blur","Acrobatics"],"special_seed":0,"relics":["Ring of the Snake","Juzu Bracelet","WarpedTongs","Blood Vial","Orichalcum","Meat on the Bone","Runic Dome","Dream Catcher","Pocketwatch","Ninja Scroll","Darkstone Periapt","Shuriken","Busted Crown","MawBank","OrangePellets","Molten Egg 2","Kunai","Boot","Cauldron","Dead Branch"],"potions_floor_usage":[56,56],"damage_taken":[{"damage":21.0,"enemies":"Jaw Worm","floor":1.0,"turns":6.0},{"damage":2.0,"enemies":"Cultist","floor":5.0,"turns":5.0},{"damage":30.0,"enemies":"Gremlin Nob","floor":7.0,"turns":6.0},{"damage":0.0,"enemies":"Small Slimes","floor":11.0,"turns":3.0},{"damage":17.0,"enemies":"3 Sentries","floor":13.0,"turns":12.0},{"damage":0.0,"enemies":"2 Fungi Beasts","floor":14.0,"turns":4.0},{"damage":6.0,"enemies":"Hexaghost","floor":16.0,"turns":9.0},{"damage":20.0,"enemies":"Chosen","floor":18.0,"turns":6.0},{"damage":16.0,"enemies":"2 Thieves","floor":22.0,"turns":3.0},{"damage":0.0,"enemies":"Gremlin Leader","floor":24.0,"turns":5.0},{"damage":28.0,"enemies":"Book of Stabbing","floor":27.0,"turns":7.0},{"damage":30.0,"enemies":"Slavers","floor":29.0,"turns":6.0},{"damage":14.0,"enemies":"Snake Plant","floor":30.0,"turns":4.0},{"damage":12.0,"enemies":"Centurion and Healer","floor":31.0,"turns":4.0},{"damage":39.0,"enemies":"Collector","floor":33.0,"turns":10.0},{"damage":17.0,"enemies":"3 Shapes","floor":35.0,"turns":5.0},{"damage":0.0,"enemies":"Reptomancer","floor":40.0,"turns":7.0},{"damage":19.0,"enemies":"3 Darklings","floor":41.0,"turns":5.0},{"damage":0.0,"enemies":"Giant Head","floor":42.0,"turns":9.0},{"damage":0.0,"enemies":"Maw","floor":45.0,"turns":10.0},{"damage":22.0,"enemies":"Nemesis","floor":47.0,"turns":9.0},{"damage":11.0,"enemies":"Donu and Deca","floor":50.0,"turns":10.0},{"damage":32.0,"enemies":"Time Eater","floor":51.0,"turns":15.0},{"damage":23.0,"enemies":"Shield and Spear","floor":55.0,"turns":12.0},{"damage":53,"enemies":"The Heart","floor":56,"turns":11}],"seed_played":"908556972218951","potions_obtained":[{"floor":7.0,"key":"SteroidPotion"},{"floor":11.0,"key":"GhostInAJar"},{"floor":22.0,"key":"Poison Potion"},{"floor":40.0,"key":"Ancient Potion"},{"floor":47.0,"key":"Fire Potion"},{"floor":54.0,"key":"Regen Potion"},{"floor":54.0,"key":"Dexterity Potion"}],"is_trial":false,"path_per_floor":["M","?","?","?","M","R","E","?","T","?","M","?","E","M","R","B",null,"M","?","?","$","M","R","E","R","T","E","R","E","M","M","R","B",null,"M","?","$","?","?","E","M","E","T","?","M","R","E","?","R","B","B",null,"R","$","E","B",null],"character_chosen":"THE_SILENT","items_purchased":["Catalyst","OrangePellets","Blur","Cauldron","Acrobatics"],"campfire_rested":3,"item_purchase_floors":[21,37,54,54,54],"current_hp_per_floor":[38,38,38,38,36,55,25,25,25,25,27,27,12,26,26,34,54,36,36,36,36,34,52,54,54,54,40,40,24,24,26,44,19,50,35,35,35,35,35,37,32,34,34,23,37,37,29,29,29,32,14,49,49,49,40,16],"gold":295,"neow_bonus":"RANDOM_COMMON_RELIC","is_prod":false,"is_daily":false,"chose_seed":false,"campfire_upgraded":5,"win_rate":0,"timestamp":1561083642,"path_taken":["M","?","?","?","M","R","E","?","T","?","M","?","E","M","R","BOSS","M","?","?","$","M","R","E","R","T","E","R","E","M","M","R","BOSS","M","?","?","?","?","E","M","E","T","?","M","R","E","?","R","BOSS","BOSS","R","$","E","BOSS"],"build_version":"2019-06-18","purchased_purges":2,"victory":true,"max_hp_per_floor":[66,66,66,66,66,66,66,66,66,60,60,60,60,60,60,60,60,60,60,60,60,60,60,60,60,60,60,60,60,60,60,60,60,60,60,60,60,60,60,60,60,60,60,60,60,60,60,60,60,60,60,60,60,60,60,60],"card_choices":[{"not_picked":["Sucker Punch","Flying Knee"],"picked":"Dash","floor":1.0},{"not_picked":["Dagger Spray","Distraction"],"picked":"Slice","floor":5.0},{"not_picked":["All Out Attack","Caltrops","Tactician"],"picked":"SKIP","floor":7.0},{"not_picked":["Caltrops","Deflect"],"picked":"Dodge and Roll","floor":11.0},{"not_picked":["Concentrate","Bane"],"picked":"Noxious Fumes","floor":13.0},{"not_picked":["Deadly Poison","Eviscerate"],"picked":"Bouncing Flask","floor":14.0},{"not_picked":["Glass Knife","Bullet Time"],"picked":"Night Terror","floor":16.0},{"not_picked":["Setup","Outmaneuver"],"picked":"Dash","floor":18.0},{"not_picked":["Flying Knee","Eviscerate"],"picked":"Infinite Blades+1","floor":22.0},{"not_picked":["Slice","Bane"],"picked":"Acrobatics+1","floor":23.0},{"not_picked":["Bane","Slice","Eviscerate"],"picked":"SKIP","floor":24.0},{"not_picked":["Quick Slash","Slice"],"picked":"After Image","floor":27.0},{"not_picked":["Masterful Stab+1","Well Laid Plans"],"picked":"Wraith Form v2","floor":29.0},{"not_picked":["Bouncing Flask","Blade Dance"],"picked":"Blur","floor":30.0},{"not_picked":["Poisoned Stab","Outmaneuver","Skewer"],"picked":"SKIP","floor":31.0},{"not_picked":["A Thousand Cuts","Die Die Die"],"picked":"Adrenaline","floor":33.0},{"not_picked":["Slice+1"],"picked":"SKIP","floor":35.0},{"not_picked":[],"picked":"Wraith Form v2","floor":40.0},{"not_picked":[],"picked":"Leg Sweep","floor":41.0},{"not_picked":[],"picked":"Dodge and Roll+1","floor":42.0},{"not_picked":["Riddle With Holes+1"],"picked":"SKIP","floor":45.0},{"not_picked":[],"picked":"Acrobatics+1","floor":47.0},{"not_picked":["Riddle With Holes+1"],"picked":"SKIP","floor":55.0}],"player_experience":3004502,"relics_obtained":[{"floor":7.0,"key":"Blood Vial"},{"floor":9.0,"key":"Orichalcum"},{"floor":13.0,"key":"Meat on the Bone"},{"floor":24.0,"key":"Pocketwatch"},{"floor":26.0,"key":"Ninja Scroll"},{"floor":27.0,"key":"Darkstone Periapt"},{"floor":29.0,"key":"Shuriken"},{"floor":36.0,"key":"MawBank"},{"floor":40.0,"key":"Molten Egg 2"},{"floor":42.0,"key":"Kunai"},{"floor":47.0,"key":"Boot"},{"floor":55.0,"key":"Dead Branch"}],"event_choices":[{"cards_removed":["Strike_G"],"damage_healed":0.0,"max_hp_gain":0.0,"max_hp_loss":0.0,"gold_gain":0.0,"event_name":"Purifier","player_choice":"Purged","floor":2.0,"gold_loss":0.0,"damage_taken":0.0},{"damage_healed":0.0,"max_hp_gain":0.0,"max_hp_loss":0.0,"gold_gain":0.0,"event_name":"Accursed Blacksmith","player_choice":"Rummage","floor":3.0,"gold_loss":0.0,"damage_taken":0.0,"relics_obtained":["WarpedTongs"],"cards_obtained":["Pain"]},{"cards_removed":["Pain"],"damage_healed":0.0,"max_hp_gain":0.0,"max_hp_loss":0.0,"gold_gain":0.0,"event_name":"The Cleric","player_choice":"Card Removal","floor":4.0,"gold_loss":75.0,"damage_taken":0.0},{"damage_healed":0.0,"max_hp_gain":0.0,"max_hp_loss":0.0,"gold_gain":0.0,"event_name":"Dead Adventurer","player_choice":"Searched \u00270\u0027 times","floor":8.0,"gold_loss":0.0,"damage_taken":0.0},{"damage_healed":0.0,"max_hp_gain":0.0,"max_hp_loss":6.0,"gold_gain":0.0,"event_name":"Golden Idol","player_choice":"Lose Max HP","floor":10.0,"gold_loss":0.0,"damage_taken":0.0,"relics_obtained":["Golden Idol"]},{"damage_healed":0.0,"max_hp_gain":0.0,"max_hp_loss":0.0,"gold_gain":77.0,"event_name":"Golden Wing","player_choice":"Gained Gold","floor":12.0,"gold_loss":0.0,"damage_taken":0.0},{"damage_healed":0.0,"max_hp_gain":0.0,"max_hp_loss":0.0,"gold_gain":0.0,"event_name":"Match and Keep!","player_choice":"2 cards matched","floor":19.0,"gold_loss":0.0,"damage_taken":0.0,"cards_obtained":["Corpse Explosion","Neutralize"]},{"damage_healed":0.0,"max_hp_gain":0.0,"max_hp_loss":0.0,"gold_gain":0.0,"event_name":"Addict","player_choice":"Obtained Relic","floor":20.0,"gold_loss":85.0,"damage_taken":0.0,"relics_obtained":["Dream Catcher"]},{"damage_healed":0.0,"max_hp_gain":0.0,"max_hp_loss":0.0,"gold_gain":0.0,"event_name":"Wheel of Change","player_choice":"Relic","floor":36.0,"gold_loss":0.0,"damage_taken":0.0},{"damage_healed":0.0,"max_hp_gain":0.0,"max_hp_loss":0.0,"gold_gain":0.0,"event_name":"SecretPortal","player_choice":"Ignored","floor":38.0,"gold_loss":0.0,"damage_taken":0.0},{"cards_removed":["Defend_G"],"damage_healed":0.0,"max_hp_gain":0.0,"max_hp_loss":0.0,"gold_gain":0.0,"event_name":"Falling","player_choice":"Removed Skill","floor":39.0,"gold_loss":0.0,"damage_taken":0.0},{"damage_healed":0.0,"max_hp_gain":0.0,"max_hp_loss":0.0,"gold_gain":0.0,"event_name":"Winding Halls","player_choice":"Embrace Madness","floor":44.0,"gold_loss":0.0,"damage_taken":11.0,"cards_obtained":["Madness","Madness"]},{"damage_healed":0.0,"max_hp_gain":0.0,"max_hp_loss":0.0,"gold_gain":333.0,"event_name":"The Moai Head","player_choice":"Gave Idol","floor":48.0,"relics_lost":["Golden Idol"],"gold_loss":0.0,"damage_taken":0.0}],"is_beta":true,"boss_relics":[{"not_picked":["Astrolabe","WristBlade"],"picked":"Runic Dome"},{"not_picked":["HoveringKite","Eternal Feather"],"picked":"Busted Crown"}],"items_purged_floors":[21,54],"is_endless":false,"potions_floor_spawned":[7,11,14,18,22,40,47],"ascension_level":20}