{"gold_per_floor":[111,123,137,137,137,137,168,168,168,168,186,200,218,218,218,295,295,307,307,20,20,37,37,372,390,390,390,408,428,440,472,472,549,549,567,567,667,240,258,258,291,291,314,333,30,30,30,61,61,61],"floor_reached":51,"playtime":2418,"items_purged":["Strike_R","Strike_R"],"score":1404,"play_id":"7945be2d-eda4-44bc-987e-90aaf0b719db","local_time":"20190713171659","is_ascension_mode":true,"campfire_choices":[{"data":"Whirlwind","floor":6,"key":"SMITH"},{"data":"Uppercut","floor":8,"key":"SMITH"},{"floor":10,"key":"REST"},{"data":"Dark Embrace","floor":15,"key":"SMITH"},{"floor":23,"key":"REST"},{"data":"Feed","floor":27,"key":"SMITH"},{"data":"Feel No Pain","floor":32,"key":"SMITH"},{"floor":40,"key":"REST"},{"floor":42,"key":"REST"},{"data":"Whirlwind","floor":49,"key":"SMITH"}],"neow_cost":"NONE","seed_source_timestamp":181115274803093,"circlet_count":0,"master_deck":["AscendersBane","Defend_R","Defend_R","Defend_R","Defend_R","Dark Embrace+1","Whirlwind+1","Headbutt","Uppercut+1","Havoc+1","Feel No Pain+1","True Grit+1","Feed+1","Warcry+1","Inflame","Disarm+1","Spot Weakness+1","True Grit+1","Barricade+1","Rampage+1","Wild Strike+1","Cleave+1","Whirlwind+1","Apotheosis+1","Blind+1","Transmutation+1","Warcry+1","Madness+1","Madness+1"],"relics":["Burning Blood","Question Card","Bird Faced Urn","Toxic Egg 2","Mark of Pain","Chemical X","Enchiridion","Old Coin","Frozen Egg 2","PreservedInsect","Astrolabe","Nunchaku","Medical Kit","Pen Nib","Meat on the Bone","Dream Catcher","Lee\u0027s Waffle","Oddly Smooth Stone"],"potions_floor_usage":[3,7,24,31,33,50,50],"damage_taken":[{"damage":7,"enemies":"2 Louse","floor":1,"turns":4},{"damage":7,"enemies":"Small Slimes","floor":2,"turns":3},{"damage":6,"enemies":"Cultist","floor":3,"turns":3},{"damage":56,"enemies":"Lagavulin","floor":7,"turns":7},{"damage":0,"enemies":"2 Fungi Beasts","floor":11,"turns":2},{"damage":8,"enemies":"Blue Slaver","floor":12,"turns":2},{"damage":0,"enemies":"3 Louse","floor":13,"turns":1},{"damage":31,"enemies":"The Guardian","floor":16,"turns":13},{"damage":19,"enemies":"Chosen","floor":18,"turns":8},{"damage":13,"enemies":"Spheric Guardian","floor":22,"turns":4},{"damage":0,"enemies":"Gremlin Leader","floor":24,"turns":5},{"damage":8,"enemies":"Chosen and Byrds","floor":25,"turns":6},{"damage":20,"enemies":"Snecko","floor":28,"turns":6},{"damage":12,"enemies":"Snake Plant","floor":29,"turns":6},{"damage":6,"enemies":"Cultist and Chosen","floor":30,"turns":3},{"damage":23,"enemies":"Slavers","floor":31,"turns":4},{"damage":36,"enemies":"Automaton","floor":33,"turns":10},{"damage":16,"enemies":"3 Shapes","floor":35,"turns":7},{"damage":13,"enemies":"Mind Bloom Boss Battle","floor":37,"turns":6},{"damage":14,"enemies":"3 Darklings","floor":39,"turns":3},{"damage":48,"enemies":"Reptomancer","floor":41,"turns":6},{"damage":80,"enemies":"Writhing Mass","floor":44,"turns":6},{"damage":0,"enemies":"Giant Head","floor":48,"turns":5},{"damage":89,"enemies":"Donu and Deca","floor":50,"turns":8}],"seed_played":"623476201279965771","potions_obtained":[{"floor":1,"key":"Regen Potion"},{"floor":2,"key":"Poison Potion"},{"floor":7,"key":"AttackPotion"},{"floor":11,"key":"Dexterity Potion"},{"floor":13,"key":"LiquidBronze"},{"floor":18,"key":"Block Potion"},{"floor":29,"key":"Regen Potion"},{"floor":30,"key":"BloodPotion"},{"floor":33,"key":"Dexterity Potion"},{"floor":37,"key":"Ancient Potion"}],"is_trial":false,"path_per_floor":["M","M","M","$","?","R","E","R","T","R","M","M","M","?","R","B",null,"M","?","$","?","M","R","E","M","T","R","M","M","M","E","R","B",null,"M","?","?","$","M","R","E","R","T","M","$","?","$","E","R","B",null],"character_chosen":"IRONCLAD","items_purchased":["Chemical X","Warcry+1","Inflame","Medical Kit","Pen Nib","Lee\u0027s Waffle"],"campfire_rested":4,"item_purchase_floors":[20,20,20,38,38,45],"current_hp_per_floor":[67,66,66,66,61,61,26,26,26,48,54,52,58,58,58,37,66,57,36,36,15,16,40,54,63,63,63,59,65,73,84,84,66,94,98,88,91,91,85,111,81,115,115,59,122,100,100,118,118,57],"gold":61,"neow_bonus":"ONE_RANDOM_RARE_CARD","is_prod":false,"is_daily":false,"chose_seed":false,"campfire_upgraded":6,"win_rate":0,"timestamp":1563005819,"path_taken":["M","M","M","$","?","R","E","R","T","R","M","M","M","?","R","BOSS","M","?","$","?","M","R","E","M","T","R","M","M","M","E","R","BOSS","M","?","?","$","M","R","E","R","T","M","$","?","$","E","R","BOSS"],"build_version":"2019-07-01","purchased_purges":2,"victory":true,"max_hp_per_floor":[75,75,75,75,75,75,75,75,75,75,75,75,75,75,75,75,75,75,80,80,80,80,80,80,83,83,83,87,91,95,99,99,103,103,107,107,111,111,111,111,115,115,115,115,122,122,122,122,122,122],"card_choices":[{"not_picked":["Flex","Clothesline"],"picked":"Whirlwind","floor":1},{"not_picked":["Body Slam","Havoc"],"picked":"Headbutt","floor":2},{"not_picked":["Thunderclap","Twin Strike","Rampage"],"picked":"SKIP","floor":3},{"not_picked":["Entrench","Sword Boomerang","Anger"],"picked":"Uppercut","floor":7},{"not_picked":["Reckless Charge","Heavy Blade","Pummel"],"picked":"Havoc+1","floor":11},{"not_picked":["Body Slam","Sever Soul","Berserk"],"picked":"Feel No Pain","floor":12},{"not_picked":["Wild Strike","Twin Strike","Anger"],"picked":"True Grit+1","floor":13},{"not_picked":["Barricade","Brutality","Fiend Fire"],"picked":"Feed","floor":16},{"not_picked":["Anger","Combust","Rupture","Armaments+1"],"picked":"SKIP","floor":18},{"not_picked":["Clash","Intimidate+1","Sword Boomerang+1"],"picked":"Disarm+1","floor":22},{"not_picked":["Second Wind+1","Clash","Dual Wield+1"],"picked":"Spot Weakness+1","floor":24},{"not_picked":["Perfected Strike","Pommel Strike","Spot Weakness+1","Armaments+1"],"picked":"SKIP","floor":25},{"not_picked":["Reckless Charge","Heavy Blade","Body Slam"],"picked":"True Grit+1","floor":28},{"not_picked":["Clash","Hemokinesis","Perfected Strike","Burning Pact+1"],"picked":"SKIP","floor":29},{"not_picked":["Anger","Sever Soul","Metallicize+1","Headbutt"],"picked":"SKIP","floor":30},{"not_picked":["Anger","Sever Soul","Metallicize+1","Headbutt"],"picked":"SKIP","floor":30},{"not_picked":["Anger","Sever Soul","Metallicize+1","Headbutt"],"picked":"SKIP","floor":30},{"not_picked":["Corruption+1","Pommel Strike","Wild Strike","Pummel"],"picked":"SKIP","floor":31},{"not_picked":["Feed","Exhume+1","Limit Break+1"],"picked":"Barricade+1","floor":33},{"not_picked":["Clothesline","Pommel Strike","Havoc+1"],"picked":"Whirlwind","floor":35},{"not_picked":["Finesse+1","Swift Strike","Flash of Steel"],"picked":"Apotheosis+1","floor":36},{"not_picked":["Panacea+1","Swift Strike","Jack Of All Trades+1"],"picked":"Blind+1","floor":36},{"not_picked":["Violence+1","Swift Strike","Enlightenment+1"],"picked":"Transmutation+1","floor":36},{"not_picked":["Hemokinesis","Bloodletting+1","True Grit+1"],"picked":"Warcry+1","floor":39},{"not_picked":["Burning Pact+1","Sword Boomerang+1","Twin Strike","Armaments+1"],"picked":"SKIP","floor":41},{"not_picked":["Combust+1","Flex+1","Carnage","Sword Boomerang"],"picked":"SKIP","floor":44},{"not_picked":["Thunderclap","Hemokinesis","Pummel","Havoc+1"],"picked":"SKIP","floor":48}],"player_experience":1118851,"relics_obtained":[{"floor":7,"key":"Bird Faced Urn"},{"floor":9,"key":"Toxic Egg 2"},{"floor":21,"key":"Enchiridion"},{"floor":24,"key":"Old Coin"},{"floor":26,"key":"Frozen Egg 2"},{"floor":31,"key":"PreservedInsect"},{"floor":37,"key":"Nunchaku"},{"floor":41,"key":"Meat on the Bone"},{"floor":43,"key":"Dream Catcher"},{"floor":48,"key":"Oddly Smooth Stone"}],"event_choices":[{"damage_healed":0,"gold_gain":0,"player_choice":"Success","damage_taken":5,"relics_obtained":["Question Card"],"max_hp_gain":0,"max_hp_loss":0,"event_name":"Scrap Ooze","floor":5,"gold_loss":0},{"cards_removed":["Strike_R"],"damage_healed":0,"gold_gain":0,"player_choice":"Offered Basic","damage_taken":0,"max_hp_gain":0,"max_hp_loss":0,"event_name":"Bonfire Elementals","floor":14,"gold_loss":0},{"damage_healed":0,"gold_gain":0,"player_choice":"Shed Blood","damage_taken":26,"max_hp_gain":5,"max_hp_loss":0,"event_name":"Forgotten Altar","floor":19,"gold_loss":0},{"damage_healed":0,"gold_gain":0,"player_choice":"Obtained Book","damage_taken":21,"max_hp_gain":0,"max_hp_loss":0,"event_name":"Cursed Tome","floor":21,"gold_loss":0},{"damage_healed":0,"gold_gain":0,"player_choice":"Memory 3","damage_taken":10,"max_hp_gain":0,"max_hp_loss":0,"event_name":"SensoryStone","floor":36,"gold_loss":0},{"damage_healed":0,"gold_gain":0,"player_choice":"Fight","damage_taken":0,"max_hp_gain":0,"max_hp_loss":0,"event_name":"MindBloom","floor":37,"gold_loss":0},{"damage_healed":0,"gold_gain":0,"player_choice":"Embrace Madness","damage_taken":22,"max_hp_gain":0,"max_hp_loss":0,"event_name":"Winding Halls","floor":46,"gold_loss":0,"cards_obtained":["Madness","Madness"]}],"is_beta":false,"boss_relics":[{"not_picked":["White Beast Statue","Runic Cube"],"picked":"Mark of Pain"},{"not_picked":["Pandora\u0027s Box","Cursed Key"],"picked":"Astrolabe"}],"items_purged_floors":[38,45],"is_endless":false,"potions_floor_spawned":[1,2,7,11,13,18,29,30,33,37,41,44],"ascension_level":15}