{"gold_per_floor":[116,116,130,144,159,159,179,214,214,230,230,244,244,244,244,318,318,332,332,113,113,113,113,144,144,144,162,191,201,212,223,223,302,352,370,370,382,428,442,442,467,467,518,518,21,21,32,49,49,49],"floor_reached":51,"playtime":2852,"items_purged":["Strike_R","Doubt"],"score":1246,"play_id":"f17840f4-24f4-4dbf-b95a-bb920296b653","local_time":"20190714162130","is_ascension_mode":true,"campfire_choices":[{"data":"Pommel Strike","floor":6,"key":"SMITH"},{"data":"Seeing Red","floor":11,"key":"SMITH"},{"data":"Feed","floor":13,"key":"SMITH"},{"floor":15,"key":"REST"},{"floor":23,"key":"REST"},{"floor":25,"key":"REST"},{"floor":32,"key":"REST"},{"floor":40,"key":"REST"},{"floor":42,"key":"REST"},{"floor":49,"key":"REST"}],"neow_cost":"NONE","seed_source_timestamp":263863600097848,"circlet_count":0,"master_deck":["AscendersBane","Strike_R","Strike_R","Defend_R","Defend_R+1","Defend_R+1","Defend_R","Bash+1","Shrug It Off","Battle Trance","Pommel Strike+1","Seeing Red+1","Cleave","Feed+1","Headbutt+1","Exhume","Sword Boomerang","Bludgeon","Armaments+1","Whirlwind+1","Flame Barrier","Offering","Flame Barrier+1","Uppercut+1"],"relics":["Burning Blood","Question Card","Self Forming Clay","Fusion Hammer","Nilry\u0027s Codex","Oddly Smooth Stone","Happy Flower","Molten Egg 2","Mercury Hourglass","Tiny House","Du-Vu Doll","Nunchaku","Ancient Tea Set","Centennial Puzzle","HandDrill"],"potions_floor_usage":[8,16,16,24,33,38,41,50,50],"damage_taken":[{"damage":1,"enemies":"Cultist","floor":1,"turns":4},{"damage":2,"enemies":"2 Louse","floor":3,"turns":3},{"damage":2,"enemies":"Small Slimes","floor":4,"turns":4},{"damage":6,"enemies":"Blue Slaver","floor":5,"turns":5},{"damage":14,"enemies":"Looter","floor":7,"turns":3},{"damage":34,"enemies":"Gremlin Nob","floor":8,"turns":5},{"damage":5,"enemies":"2 Fungi Beasts","floor":10,"turns":3},{"damage":11,"enemies":"Lots of Slimes","floor":12,"turns":3},{"damage":35,"enemies":"The Guardian","floor":16,"turns":15},{"damage":6,"enemies":"3 Byrds","floor":18,"turns":7},{"damage":29,"enemies":"Slavers","floor":24,"turns":5},{"damage":15,"enemies":"2 Thieves","floor":27,"turns":3},{"damage":21,"enemies":"Book of Stabbing","floor":28,"turns":5},{"damage":6,"enemies":"3 Cultists","floor":29,"turns":5},{"damage":5,"enemies":"Centurion and Healer","floor":30,"turns":8},{"damage":31,"enemies":"Shelled Parasite and Fungi","floor":31,"turns":6},{"damage":36,"enemies":"Champ","floor":33,"turns":8},{"damage":23,"enemies":"3 Shapes","floor":35,"turns":10},{"damage":16,"enemies":"Orb Walker","floor":37,"turns":5},{"damage":37,"enemies":"2 Orb Walkers","floor":38,"turns":5},{"damage":6,"enemies":"4 Shapes","floor":39,"turns":2},{"damage":57,"enemies":"Nemesis","floor":41,"turns":9},{"damage":11,"enemies":"Spire Growth","floor":47,"turns":4},{"damage":18,"enemies":"Sphere and 2 Shapes","floor":48,"turns":6},{"damage":36,"enemies":"Time Eater","floor":50,"turns":10}],"seed_played":"-5899321560631319888","potions_obtained":[{"floor":7,"key":"SpeedPotion"},{"floor":10,"key":"Weak Potion"},{"floor":12,"key":"Regen Potion"},{"floor":16,"key":"PowerPotion"},{"floor":18,"key":"SkillPotion"},{"floor":28,"key":"SpeedPotion"},{"floor":34,"key":"SteroidPotion"},{"floor":39,"key":"Fire Potion"},{"floor":41,"key":"FairyPotion"}],"is_trial":false,"path_per_floor":["M","?","M","M","M","R","M","E","T","M","R","M","R","?","R","B",null,"M","?","$","?","?","R","E","R","T","M","E","M","M","M","R","B",null,"M","?","M","?","M","R","E","R","T","?","$","?","M","M","R","B",null],"character_chosen":"IRONCLAD","items_purchased":["Oddly Smooth Stone","Strength Potion","Centennial Puzzle","HandDrill"],"campfire_rested":7,"item_purchase_floors":[20,45,45,45],"current_hp_per_floor":[73,69,73,75,75,75,67,39,39,40,40,38,38,15,38,28,69,77,56,56,74,74,90,71,94,94,89,74,78,83,58,89,63,103,98,98,88,61,65,105,58,99,99,139,139,139,134,126,143,113],"gold":49,"neow_bonus":"UPGRADE_CARD","is_prod":false,"is_daily":false,"chose_seed":false,"campfire_upgraded":3,"win_rate":0,"timestamp":1563088890,"path_taken":["M","?","M","?","M","R","M","E","T","?","R","M","R","?","R","BOSS","M","?","$","?","?","R","E","R","T","M","E","M","M","M","R","BOSS","M","?","M","?","M","R","E","R","T","?","$","?","?","M","R","BOSS"],"build_version":"2019-07-01","purchased_purges":2,"victory":true,"max_hp_per_floor":[75,75,75,75,75,75,75,75,75,75,75,78,78,78,78,82,82,90,90,90,90,90,90,94,94,94,98,98,102,106,106,106,110,115,127,127,127,131,135,135,139,139,139,139,139,139,139,143,143,143],"card_choices":[{"not_picked":["Wild Strike","Flex"],"picked":"Shrug It Off","floor":1},{"not_picked":["Sentinel","Rage"],"picked":"Battle Trance","floor":3},{"not_picked":["Fire Breathing","Flex","Armaments"],"picked":"SKIP","floor":4},{"not_picked":["Burning Pact","Rage"],"picked":"Pommel Strike","floor":5},{"not_picked":["Evolve","Body Slam"],"picked":"Seeing Red","floor":7},{"not_picked":["Reckless Charge","Wild Strike"],"picked":"Cleave","floor":8},{"not_picked":["Cleave","Anger","Spot Weakness"],"picked":"Feed","floor":10},{"not_picked":["Wild Strike","Cleave","Dropkick"],"picked":"Headbutt","floor":12},{"not_picked":["Limit Break","Juggernaut","Brutality"],"picked":"Exhume","floor":16},{"not_picked":["Clash","Battle Trance","Flex","Warcry"],"picked":"SKIP","floor":18},{"not_picked":["Barricade","Heavy Blade","Anger"],"picked":"Armaments+1","floor":24},{"not_picked":["Body Slam+1","Flex","Dark Embrace","True Grit"],"picked":"SKIP","floor":27},{"not_picked":["Corruption","Perfected Strike+1","Armaments","Cleave+1"],"picked":"SKIP","floor":28},{"not_picked":["Pummel+1","Cleave+1","Hemokinesis+1","Havoc+1"],"picked":"SKIP","floor":29},{"not_picked":["Battle Trance","Inflame","Fire Breathing"],"picked":"Whirlwind+1","floor":30},{"not_picked":["Anger+1","Headbutt+1","Bloodletting"],"picked":"Flame Barrier","floor":31},{"not_picked":["Impervious","Berserk","Dark Embrace"],"picked":"Offering","floor":33},{"not_picked":["Pummel+1","Flex","Clash+1","Body Slam+1"],"picked":"SKIP","floor":35},{"not_picked":["Sever Soul+1","Heavy Blade+1","Brutality","Armaments"],"picked":"SKIP","floor":37},{"not_picked":["Body Slam+1","Armaments+1","Seeing Red","Havoc"],"picked":"SKIP","floor":39},{"not_picked":["Reckless Charge+1","Sever Soul+1","Combust","Fire Breathing+1"],"picked":"SKIP","floor":41},{"not_picked":["Entrench+1","Wild Strike+1","Clash+1"],"picked":"Flame Barrier+1","floor":47},{"not_picked":["Whirlwind+1","Iron Wave+1","Rampage+1"],"picked":"Uppercut+1","floor":48}],"player_experience":1131464,"relics_obtained":[{"floor":8,"key":"Question Card"},{"floor":9,"key":"Self Forming Clay"},{"floor":19,"key":"Nilry\u0027s Codex"},{"floor":24,"key":"Happy Flower"},{"floor":26,"key":"Molten Egg 2"},{"floor":28,"key":"Mercury Hourglass"},{"floor":38,"key":"Du-Vu Doll"},{"floor":41,"key":"Nunchaku"},{"floor":43,"key":"Ancient Tea Set"}],"event_choices":[{"damage_healed":0,"gold_gain":0,"player_choice":"Bought 0 Potions","damage_taken":0,"max_hp_gain":0,"max_hp_loss":0,"event_name":"The Woman in Blue","floor":2,"gold_loss":0},{"damage_healed":0,"gold_gain":0,"player_choice":"Entered Light","damage_taken":23,"max_hp_gain":0,"max_hp_loss":0,"event_name":"Shining Light","floor":14,"gold_loss":0,"cards_upgraded":["Headbutt","Defend_R"]},{"damage_healed":0,"gold_gain":0,"player_choice":"Obtained Book","damage_taken":21,"max_hp_gain":0,"max_hp_loss":0,"event_name":"Cursed Tome","floor":19,"gold_loss":0},{"damage_healed":18,"gold_gain":0,"player_choice":"Heal","damage_taken":0,"max_hp_gain":0,"max_hp_loss":0,"event_name":"The Library","floor":21,"gold_loss":0},{"damage_healed":0,"gold_gain":0,"cards_transformed":["Strike_R","Strike_R"],"player_choice":"Became Test Subject","damage_taken":0,"max_hp_gain":0,"max_hp_loss":0,"event_name":"Drug Dealer","floor":22,"gold_loss":0,"cards_obtained":["Sword Boomerang","Bludgeon"]},{"damage_healed":0,"gold_gain":0,"player_choice":"Ignored","damage_taken":0,"max_hp_gain":0,"max_hp_loss":0,"event_name":"Tomb of Lord Red Mask","floor":36,"gold_loss":0},{"damage_healed":0,"gold_gain":0,"player_choice":"Fight","damage_taken":0,"max_hp_gain":0,"max_hp_loss":0,"event_name":"Mysterious Sphere","floor":38,"gold_loss":0},{"damage_healed":40,"gold_gain":0,"player_choice":"Heal","damage_taken":0,"max_hp_gain":0,"max_hp_loss":0,"event_name":"MindBloom","floor":44,"gold_loss":0,"cards_obtained":["Doubt"]},{"damage_healed":0,"gold_gain":0,"player_choice":"0 cards matched","damage_taken":0,"max_hp_gain":0,"max_hp_loss":0,"event_name":"Match and Keep!","floor":46,"gold_loss":0,"cards_obtained":[]}],"is_beta":false,"boss_relics":[{"not_picked":["Pandora\u0027s Box","Lizard Tail"],"picked":"Fusion Hammer"},{"not_picked":["Mark of Pain","Sozu"],"picked":"Tiny House"}],"items_purged_floors":[20,45],"is_endless":false,"potions_floor_spawned":[7,10,12,16,18,28,30,39,41,47],"ascension_level":15}