{"gold_per_floor":[117,42,42,42,142,177,193,193,193,193,218,218,236,64,64,64],"floor_reached":16,"playtime":699,"items_purged":["Strike_B","Defend_B"],"score":131,"play_id":"fb4dc813-949c-43a8-8ba4-1d01860fa4fb","local_time":"20190223001734","is_ascension_mode":false,"campfire_choices":[{"floor":15,"key":"REST"}],"neow_cost":"NONE","seed_source_timestamp":278715139056188,"circlet_count":0,"master_deck":["Strike_B","Strike_B","Defend_B","Defend_B","Defend_B","Zap","Dualcast","Defragment+1","FTL"],"special_seed":0,"relics":["Cracked Core","NeowsBlessing","Pantograph","Potion Belt","Frozen Egg 2","Du-Vu Doll","Ornamental Fan"],"potions_floor_usage":[16,16],"damage_taken":[{"damage":0.0,"enemies":"Small Slimes","floor":1.0,"turns":1.0},{"damage":0.0,"enemies":"Lagavulin","floor":6.0,"turns":1.0},{"damage":0.0,"enemies":"Jaw Worm","floor":7.0,"turns":1.0},{"damage":30,"enemies":"Gremlin Nob","floor":11,"turns":4},{"damage":4,"enemies":"Cultist","floor":13,"turns":4},{"damage":76,"enemies":"Hexaghost","floor":16,"turns":9}],"seed_played":"345738800556849369","potions_obtained":[{"floor":11,"key":"Explosive Potion"},{"floor":13,"key":"PowerPotion"}],"is_trial":false,"path_per_floor":["M","$","?","T","?","E","M","?","T","?","E","T","M","$","R","B"],"character_chosen":"DEFECT","items_purchased":["FTL"],"campfire_rested":1,"item_purchase_floors":[14],"current_hp_per_floor":[75,75,75,75,75,75,75,68,68,68,38,38,34,34,56,0],"gold":64,"neow_bonus":"THREE_ENEMY_KILL","is_prod":false,"is_daily":false,"chose_seed":false,"campfire_upgraded":0,"win_rate":0,"timestamp":1550902654,"path_taken":["M","$","?","?","?","E","?","?","T","?","E","?","M","?","R","BOSS"],"build_version":"2019-01-23","purchased_purges":2,"victory":false,"max_hp_per_floor":[75,75,75,75,75,75,75,75,75,75,75,75,75,75,75,75],"card_choices":[{"not_picked":["Turbo","Stack","Sweeping Beam"],"picked":"SKIP","floor":1.0},{"not_picked":["Biased Cognition","Steam Power","Go for the Eyes"],"picked":"SKIP","floor":6.0},{"not_picked":["Rip and Tear","Tempest","Consume"],"picked":"SKIP","floor":7},{"not_picked":["Sunder","Go for the Eyes"],"picked":"Defragment+1","floor":11},{"not_picked":["Steam","Redo","Sweeping Beam"],"picked":"SKIP","floor":13}],"player_experience":429582,"relics_obtained":[{"floor":4.0,"key":"Pantograph"},{"floor":6.0,"key":"Potion Belt"},{"floor":9,"key":"Frozen Egg 2"},{"floor":11,"key":"Du-Vu Doll"},{"floor":12,"key":"Ornamental Fan"}],"event_choices":[{"damage_healed":0.0,"max_hp_gain":0.0,"max_hp_loss":0.0,"gold_gain":0.0,"event_name":"The Cleric","player_choice":"Leave","floor":3.0,"gold_loss":0.0,"damage_taken":0.0},{"damage_healed":0.0,"max_hp_gain":0.0,"max_hp_loss":0.0,"gold_gain":100.0,"event_name":"Golden Shrine","player_choice":"Pray","floor":5.0,"gold_loss":0.0,"damage_taken":0.0},{"cards_removed":["Strike_B"],"damage_healed":0,"gold_gain":0,"player_choice":"Card Removal","damage_taken":7,"max_hp_gain":0,"max_hp_loss":0,"event_name":"Golden Wing","floor":8,"gold_loss":0},{"damage_healed":0,"gold_gain":0,"player_choice":"Ignored","damage_taken":0,"max_hp_gain":0,"max_hp_loss":0,"event_name":"Shining Light","floor":10,"gold_loss":0}],"is_beta":false,"boss_relics":[],"items_purged_floors":[2,14],"is_endless":false,"potions_floor_spawned":[11,13],"killed_by":"Hexaghost","ascension_level":0}