{"gold_per_floor":[109,126,144,155,168,168,203,217,217,244,8,8,34,34,34,133,133,148,168,168],"floor_reached":20,"playtime":972,"items_purged":[],"score":206,"play_id":"917e8275-c597-4ac7-b84e-8fc131a13336","local_time":"20190421011206","is_ascension_mode":true,"campfire_choices":[{"data":"Neutralize","floor":6,"key":"SMITH"},{"floor":12,"key":"REST"},{"floor":15,"key":"REST"}],"neow_cost":"NONE","seed_source_timestamp":40089549276387,"circlet_count":0,"master_deck":["Defend_G","Defend_G","Defend_G","Defend_G","Defend_G","Strike_G","Strike_G","Survivor","Neutralize+1","Noxious Fumes","Noxious Fumes","Blade Dance","Infinite Blades","Dagger Spray","Backflip","Accuracy","Outmaneuver","Parasite","Adrenaline","Catalyst+1","Flying Knee+1","Choke+1","Tactician+1"],"relics":["Ring of the Snake","Bag of Marbles","Peace Pipe","Matryoshka","Oddly Smooth Stone","Juzu Bracelet","Bottled Lightning","Astrolabe"],"potions_floor_usage":[7,7,10,16,19],"damage_taken":[{"damage":0,"enemies":"Jaw Worm","floor":1,"turns":5},{"damage":0,"enemies":"Small Slimes","floor":2,"turns":4},{"damage":1,"enemies":"Cultist","floor":3,"turns":4},{"damage":3,"enemies":"Exordium Wildlife","floor":4,"turns":7},{"damage":8,"enemies":"2 Fungi Beasts","floor":5,"turns":4},{"damage":18,"enemies":"Gremlin Nob","floor":7,"turns":5},{"damage":3,"enemies":"Large Slime","floor":8,"turns":6},{"damage":19,"enemies":"3 Sentries","floor":10,"turns":5},{"damage":8,"enemies":"Lagavulin","floor":13,"turns":6},{"damage":18,"enemies":"Hexaghost","floor":16,"turns":9},{"damage":20,"enemies":"Spheric Guardian","floor":18,"turns":4},{"damage":27,"enemies":"3 Byrds","floor":19,"turns":5},{"damage":25,"enemies":"3 Cultists","floor":20,"turns":4}],"seed_played":"6016301167486970694","potions_obtained":[{"floor":1,"key":"Dexterity Potion"},{"floor":2,"key":"GamblersBrew"},{"floor":5,"key":"Energy Potion"},{"floor":13,"key":"FearPotion"},{"floor":16,"key":"Block Potion"}],"is_trial":false,"path_per_floor":["M","M","M","M","M","R","E","M","T","E","$","R","E","?","R","B",null,"M","M","M"],"character_chosen":"THE_SILENT","items_purchased":["Accuracy","Juzu Bracelet"],"campfire_rested":2,"item_purchase_floors":[11,11],"current_hp_per_floor":[70,70,69,66,58,58,40,37,37,18,18,39,31,48,69,51,70,50,23,0],"gold":168,"neow_bonus":"RANDOM_COMMON_RELIC","is_prod":false,"is_daily":false,"chose_seed":false,"campfire_upgraded":1,"win_rate":0,"timestamp":1555773126,"path_taken":["M","M","M","M","M","R","E","M","T","E","$","R","E","?","R","BOSS","M","M","M"],"build_version":"2019-01-23","purchased_purges":0,"victory":false,"max_hp_per_floor":[70,70,70,70,70,70,70,70,70,70,70,70,70,70,70,70,70,70,70,70],"card_choices":[{"not_picked":["Poisoned Stab","Outmaneuver"],"picked":"Noxious Fumes","floor":1},{"not_picked":["Underhanded Strike","Eviscerate","Concentrate"],"picked":"SKIP","floor":2},{"not_picked":["Predator","Concentrate","Flechettes"],"picked":"SKIP","floor":3},{"not_picked":["Malaise","Dagger Throw"],"picked":"Noxious Fumes","floor":4},{"not_picked":["Slice","Flying Knee"],"picked":"Blade Dance","floor":5},{"not_picked":["Wraith Form v2","Dagger Throw"],"picked":"Infinite Blades","floor":7},{"not_picked":["Quick Slash","Outmaneuver"],"picked":"Dagger Spray","floor":8},{"not_picked":["Backstab","Expertise"],"picked":"Backflip","floor":10},{"not_picked":["Sucker Punch","Acrobatics"],"picked":"Outmaneuver","floor":13},{"not_picked":["Unload","A Thousand Cuts"],"picked":"Adrenaline","floor":16},{"not_picked":["Expertise","Dash"],"picked":"Tactician+1","floor":18},{"not_picked":["Choke","Blade Dance","Quick Slash"],"picked":"SKIP","floor":19}],"player_experience":370829,"relics_obtained":[{"floor":7,"key":"Peace Pipe"},{"floor":9,"key":"Matryoshka"},{"floor":10,"key":"Oddly Smooth Stone"},{"floor":13,"key":"Bottled Lightning"}],"event_choices":[{"damage_healed":17,"gold_gain":0,"player_choice":"Healed and dodged fight","damage_taken":0,"max_hp_gain":0,"max_hp_loss":0,"event_name":"Mushrooms","floor":14,"gold_loss":0,"cards_obtained":["Parasite"]}],"is_beta":false,"boss_relics":[{"not_picked":["Orrery","Pandora\u0027s Box"],"picked":"Astrolabe"}],"items_purged_floors":[],"is_endless":false,"potions_floor_spawned":[1,2,5,13,16],"killed_by":"3 Cultists","ascension_level":1}