{"gold_per_floor":[112,128,140,150,103,164,164,196,223,223,236,256,170,189,189,284,284,294,294,209,226,226,79,79,104,176,176,194,226,238,238,238,343,343,363,363,381,401,415,415,515,531,580,19,32,32,43,43,43,43,43,43,43,68,68],"floor_reached":55,"playtime":2614,"items_purged":[],"score":714,"play_id":"f0e1b630-b888-4bd1-98e0-8b7c656e48ec","local_time":"20190501140037","is_ascension_mode":true,"campfire_choices":[{"data":"Neutralize","floor":7,"key":"SMITH"},{"floor":10,"key":"REST"},{"floor":15,"key":"RECALL"},{"floor":24,"key":"REST"},{"data":"Catalyst","floor":32,"key":"SMITH"},{"floor":40,"key":"REST"},{"data":"Apotheosis","floor":46,"key":"SMITH"},{"floor":49,"key":"REST"},{"data":"After Image","floor":52,"key":"SMITH"}],"neow_cost":"NONE","seed_source_timestamp":636799698742,"circlet_count":0,"master_deck":["Survivor","Neutralize+1","Dagger Spray","Poisoned Stab","Sucker Punch","Cloak And Dagger","Blade Dance","Tools of the Trade","Dagger Throw+1","Deflect","Adrenaline","Accuracy","PiercingWail","Corpse Explosion","Setup","Masterful Stab+1","Blur","Corpse Explosion","Catalyst+1","Catalyst","Deadly Poison","Deflect","Outmaneuver","Cloak And Dagger+1","Catalyst","Backflip+1","Deadly Poison","Dash+1","Necronomicurse","After Image+1","Adrenaline","Acrobatics+1","Deflect+1","Noxious Fumes+1","Cloak And Dagger+1","Sucker Punch+1","Apotheosis+1","Wraith Form v2","Infinite Blades"],"relics":["Ring of the Snake","Tiny Chest","Juzu Bracelet","Dream Catcher","Pandora\u0027s Box","Bronze Scales","PreservedInsect","Ninja Scroll","Red Mask","Necronomicon","Sozu","Peace Pipe","Whetstone","OrangePellets","Snake Skull"],"potions_floor_usage":[6,8,16,16,29,33,33,33],"damage_taken":[{"damage":3,"enemies":"2 Louse","floor":1,"turns":3},{"damage":0,"enemies":"Jaw Worm","floor":2,"turns":3},{"damage":0,"enemies":"Cultist","floor":3,"turns":3},{"damage":3,"enemies":"Exordium Wildlife","floor":4,"turns":3},{"damage":16,"enemies":"Gremlin Nob","floor":6,"turns":5},{"damage":14,"enemies":"3 Sentries","floor":8,"turns":8},{"damage":3,"enemies":"Looter","floor":11,"turns":4},{"damage":2,"enemies":"Large Slime","floor":12,"turns":6},{"damage":5,"enemies":"Blue Slaver","floor":14,"turns":3},{"damage":6,"enemies":"Slime Boss","floor":16,"turns":8},{"damage":11,"enemies":"Chosen","floor":18,"turns":6},{"damage":8,"enemies":"2 Thieves","floor":21,"turns":2},{"damage":6,"enemies":"Centurion and Healer","floor":28,"turns":4},{"damage":4,"enemies":"Masked Bandits","floor":29,"turns":3},{"damage":0,"enemies":"Snecko","floor":30,"turns":4},{"damage":41,"enemies":"Champ","floor":33,"turns":10},{"damage":31,"enemies":"3 Darklings","floor":35,"turns":3},{"damage":0,"enemies":"Orb Walker","floor":37,"turns":2},{"damage":14,"enemies":"Transient","floor":38,"turns":5},{"damage":11,"enemies":"Maw","floor":39,"turns":6},{"damage":1,"enemies":"Mind Bloom Boss Battle","floor":41,"turns":8},{"damage":0,"enemies":"3 Darklings","floor":42,"turns":3},{"damage":0,"enemies":"Jaw Worm Horde","floor":45,"turns":2},{"damage":10,"enemies":"Spire Growth","floor":47,"turns":6},{"damage":48,"enemies":"Awakened One","floor":50,"turns":13},{"damage":46,"enemies":"Shield and Spear","floor":54,"turns":6},{"damage":47,"enemies":"The Heart","floor":55,"turns":5}],"seed_played":"1091925168150630056","potions_obtained":[{"floor":2,"key":"Dexterity Potion"},{"floor":4,"key":"Block Potion"},{"floor":6,"key":"LiquidBronze"},{"floor":8,"key":"AttackPotion"},{"floor":16,"key":"Swift Potion"},{"floor":18,"key":"Poison Potion"},{"floor":28,"key":"Regen Potion"},{"floor":29,"key":"Energy Potion"}],"is_trial":false,"path_per_floor":["M","M","M","M","$","E","R","E","T","R","M","M","$","M","R","B",null,"M","?","?","M","?","$","R","T","T","?","M","?","M","?","R","B",null,"M","?","M","M","M","R","?","M","T","$","M","R","M","?","R","B",null,"R","$","E","B"],"character_chosen":"THE_SILENT","items_purchased":["Blade Dance","Accuracy","Fire Potion","PreservedInsect","OrangePellets","Apotheosis","Wraith Form v2"],"campfire_rested":4,"item_purchase_floors":[5,13,13,23,44,44,44],"current_hp_per_floor":[74,74,74,71,71,55,55,41,41,64,61,59,59,54,54,48,77,66,52,52,44,44,44,68,68,68,68,62,70,70,54,54,13,82,51,51,51,37,26,50,49,49,49,49,49,49,39,39,63,15,82,82,82,36,0],"gold":68,"neow_bonus":"TEN_PERCENT_HP_BONUS","is_prod":false,"is_daily":false,"chose_seed":false,"campfire_upgraded":4,"win_rate":0,"timestamp":1556683237,"path_taken":["M","M","M","M","$","E","R","E","T","R","M","M","$","M","R","BOSS","M","?","?","M","?","?","R","?","T","?","M","?","M","?","R","BOSS","M","?","M","M","M","R","?","M","T","$","M","R","M","?","R","BOSS","R","$","E","BOSS"],"build_version":"2019-01-23","purchased_purges":0,"victory":false,"max_hp_per_floor":[77,77,77,77,77,77,77,77,77,77,77,77,77,77,77,77,77,77,82,82,82,82,82,82,82,82,82,82,82,82,82,82,82,82,82,82,82,82,82,82,82,82,82,82,82,82,82,82,82,82,82,82,82,82,82],"card_choices":[{"not_picked":["Poisoned Stab","Crippling Poison"],"picked":"Dagger Spray","floor":1},{"not_picked":["Cloak And Dagger","Crippling Poison"],"picked":"Poisoned Stab","floor":2},{"not_picked":["Setup","Escape Plan"],"picked":"Sucker Punch","floor":3},{"not_picked":["Quick Slash","Prepared"],"picked":"Cloak And Dagger","floor":4},{"not_picked":["Backflip","Bane"],"picked":"Tools of the Trade","floor":6},{"not_picked":["Glass Knife","Prepared"],"picked":"Dagger Throw","floor":8},{"not_picked":["Catalyst","Dagger Spray"],"picked":"Deflect","floor":10},{"not_picked":["Slice","Reflex","Deflect"],"picked":"SKIP","floor":11},{"not_picked":["Blade Dance","PiercingWail"],"picked":"Adrenaline","floor":12},{"not_picked":["Skewer","Prepared"],"picked":"PiercingWail","floor":14},{"not_picked":["Die Die Die","Grand Finale"],"picked":"Corpse Explosion","floor":16},{"not_picked":["Bane+1","Dodge and Roll"],"picked":"Cloak And Dagger+1","floor":18},{"not_picked":["Cloak And Dagger","Accuracy+1"],"picked":"Catalyst","floor":21},{"not_picked":["Terror+1","Deflect"],"picked":"Backflip+1","floor":24},{"not_picked":["Outmaneuver+1","Quick Slash"],"picked":"Deadly Poison","floor":28},{"not_picked":["Catalyst","Concentrate"],"picked":"Dash+1","floor":29},{"not_picked":["Concentrate+1","Dash","Bane"],"picked":"SKIP","floor":30},{"not_picked":["Unload","Storm of Steel"],"picked":"After Image","floor":33},{"not_picked":["Outmaneuver+1","Quick Slash","Underhanded Strike"],"picked":"SKIP","floor":35},{"not_picked":["Flying Knee+1","PiercingWail"],"picked":"Acrobatics+1","floor":37},{"not_picked":["Blade Dance+1","All Out Attack+1"],"picked":"Deflect+1","floor":38},{"not_picked":["Prepared+1","Backflip+1"],"picked":"Noxious Fumes+1","floor":39},{"not_picked":["Unload","Expertise"],"picked":"Cloak And Dagger+1","floor":40},{"not_picked":["Cloak And Dagger","Heel Hook"],"picked":"Sucker Punch+1","floor":42},{"not_picked":["Underhanded Strike","Blade Dance","Calculated Gamble"],"picked":"SKIP","floor":45},{"not_picked":["Poisoned Stab","Slice+1","Blade Dance"],"picked":"SKIP","floor":47},{"not_picked":["Tactician","Blade Dance"],"picked":"Infinite Blades","floor":54}],"player_experience":551518,"relics_obtained":[{"floor":6,"key":"Tiny Chest"},{"floor":8,"key":"Juzu Bracelet"},{"floor":9,"key":"Dream Catcher"},{"floor":26,"key":"Ninja Scroll"},{"floor":29,"key":"Red Mask"},{"floor":31,"key":"Necronomicon"},{"floor":41,"key":"Peace Pipe"},{"floor":43,"key":"Whetstone"},{"floor":54,"key":"Snake Skull"}],"event_choices":[{"damage_healed":0,"gold_gain":0,"player_choice":"Shed Blood","damage_taken":19,"max_hp_gain":5,"max_hp_loss":0,"event_name":"Forgotten Altar","floor":19,"gold_loss":0},{"damage_healed":0,"gold_gain":0,"player_choice":"Obtained Relic","damage_taken":0,"relics_obtained":["Bronze Scales"],"max_hp_gain":0,"max_hp_loss":0,"event_name":"Addict","floor":20,"gold_loss":85},{"damage_healed":0,"gold_gain":0,"player_choice":"Ignored","damage_taken":0,"max_hp_gain":0,"max_hp_loss":0,"event_name":"NoteForYourself","floor":22,"gold_loss":0},{"cards_removed":["Calculated Gamble"],"damage_healed":0,"gold_gain":0,"player_choice":"Elegance","damage_taken":0,"max_hp_gain":0,"max_hp_loss":0,"event_name":"Back to Basics","floor":27,"gold_loss":0},{"damage_healed":0,"gold_gain":0,"player_choice":"Fought Bandits","damage_taken":0,"max_hp_gain":0,"max_hp_loss":0,"event_name":"Masked Bandits","floor":29,"gold_loss":0},{"damage_healed":0,"gold_gain":0,"player_choice":"Obtained Book","damage_taken":16,"max_hp_gain":0,"max_hp_loss":0,"event_name":"Cursed Tome","floor":31,"gold_loss":0},{"damage_healed":0,"gold_gain":0,"player_choice":"Copied","damage_taken":0,"max_hp_gain":0,"max_hp_loss":0,"event_name":"Duplicator","floor":36,"gold_loss":0,"cards_obtained":["Adrenaline"]},{"damage_healed":0,"gold_gain":0,"player_choice":"Fight","damage_taken":0,"max_hp_gain":0,"max_hp_loss":0,"event_name":"MindBloom","floor":41,"gold_loss":0},{"damage_healed":0,"gold_gain":0,"player_choice":"Memory 1","damage_taken":0,"max_hp_gain":0,"max_hp_loss":0,"event_name":"SensoryStone","floor":48,"gold_loss":0}],"is_beta":false,"boss_relics":[{"not_picked":["Empty Cage","Cursed Key"],"picked":"Pandora\u0027s Box"},{"not_picked":["Busted Crown","Fusion Hammer"],"picked":"Sozu"}],"items_purged_floors":[],"is_endless":false,"potions_floor_spawned":[2,4,6,8,16,18,28,29,35,38,41,42],"killed_by":"The Heart","ascension_level":1}