{"gold_per_floor":[113,131,142,162,7,7,7,17,17,46,62,15,15,32,32,133,133,153,165,176,176],"floor_reached":21,"playtime":3962,"items_purged":["Strike_R"],"score":185,"play_id":"4db327c9-7674-4295-a802-d2dffacc8c8c","local_time":"20190628220122","is_ascension_mode":false,"campfire_choices":[{"floor":6,"key":"REST"},{"floor":13,"key":"REST"},{"floor":15,"key":"REST"}],"neow_cost":"NONE","seed_source_timestamp":23744471767900,"circlet_count":0,"master_deck":["Strike_R","Strike_R","Strike_R","Strike_R","Defend_R","Defend_R","Defend_R","Defend_R","Bash","Barricade","Spot Weakness","Sword Boomerang","Headbutt","Sword Boomerang","Fiend Fire","Burning Pact","Limit Break+1","Heavy Blade","True Grit+1","Disarm+1","Reaper","Clothesline","Infernal Blade+1","Pummel"],"relics":["Burning Blood","Toxic Egg 2","Blood Vial","Lizard Tail"],"potions_floor_usage":[10,16,19,19,20],"damage_taken":[{"damage":4,"enemies":"2 Louse","floor":1,"turns":3},{"damage":11,"enemies":"Small Slimes","floor":2,"turns":5},{"damage":8,"enemies":"Jaw Worm","floor":3,"turns":4},{"damage":28,"enemies":"Lots of Slimes","floor":4,"turns":5},{"damage":9,"enemies":"3 Louse","floor":8,"turns":3},{"damage":18,"enemies":"Lagavulin","floor":10,"turns":3},{"damage":25,"enemies":"Large Slime","floor":11,"turns":8},{"damage":11,"enemies":"Looter","floor":14,"turns":3},{"damage":19,"enemies":"The Guardian","floor":16,"turns":16},{"damage":63,"enemies":"Spheric Guardian","floor":18,"turns":8},{"damage":30,"enemies":"3 Byrds","floor":19,"turns":8},{"damage":29,"enemies":"Centurion and Healer","floor":20,"turns":8},{"damage":70,"enemies":"Sentry and Sphere","floor":21,"turns":5}],"seed_played":"-7578711825272515747","potions_obtained":[{"floor":1,"key":"EssenceOfSteel"},{"floor":2,"key":"SpeedPotion"},{"floor":4,"key":"Swift Potion"},{"floor":16,"key":"Swift Potion"},{"floor":18,"key":"Fire Potion"}],"is_trial":false,"path_per_floor":["M","M","M","M","$","R","?","M","T","E","M","$","R","M","R","B",null,"M","M","M","M"],"character_chosen":"IRONCLAD","items_purchased":["Fiend Fire","True Grit+1"],"campfire_rested":3,"item_purchase_floors":[5,12],"current_hp_per_floor":[80,75,73,51,51,75,75,72,72,60,43,43,67,64,80,67,80,28,15,54,0],"gold":176,"neow_bonus":"ONE_RANDOM_RARE_CARD","is_prod":false,"is_daily":false,"chose_seed":false,"campfire_upgraded":0,"win_rate":0.0,"timestamp":1561748482,"path_taken":["M","M","M","M","$","R","?","M","T","E","M","$","R","M","R","BOSS","M","M","M","M"],"build_version":"2019-01-23","purchased_purges":1,"victory":false,"max_hp_per_floor":[80,80,80,80,80,80,80,80,80,80,80,80,80,80,80,80,80,80,80,80,80],"card_choices":[{"not_picked":["Inflame","Rage"],"picked":"Spot Weakness","floor":1},{"not_picked":["Body Slam","Inflame"],"picked":"Sword Boomerang","floor":2},{"not_picked":["Sword Boomerang","Twin Strike"],"picked":"Headbutt","floor":3},{"not_picked":["Seeing Red","Uppercut"],"picked":"Sword Boomerang","floor":4},{"not_picked":["Thunderclap","Clothesline"],"picked":"Burning Pact","floor":8},{"not_picked":["Carnage","True Grit+1"],"picked":"Limit Break+1","floor":10},{"not_picked":["Clothesline","Shockwave+1"],"picked":"Heavy Blade","floor":11},{"not_picked":["Heavy Blade","Intimidate+1"],"picked":"Disarm+1","floor":14},{"not_picked":["Dark Embrace","Juggernaut"],"picked":"Reaper","floor":16},{"not_picked":["Clash","Anger"],"picked":"Clothesline","floor":18},{"not_picked":["Headbutt","Rupture"],"picked":"Infernal Blade+1","floor":19},{"not_picked":["Sword Boomerang","Anger"],"picked":"Pummel","floor":20}],"player_experience":10427,"relics_obtained":[{"floor":9,"key":"Toxic Egg 2"},{"floor":10,"key":"Blood Vial"}],"event_choices":[{"damage_healed":0,"gold_gain":0,"player_choice":"Leave","damage_taken":0,"max_hp_gain":0,"max_hp_loss":0,"event_name":"The Cleric","floor":7,"gold_loss":0}],"is_beta":false,"boss_relics":[{"not_picked":["Black Blood","Snecko Eye"],"picked":"Lizard Tail"}],"items_purged_floors":[5],"is_endless":false,"potions_floor_spawned":[1,2,4,16,18],"killed_by":"Sentry and Sphere","ascension_level":0}