{"gold_per_floor":[14,28,39,58,73,73,89,89,169,119,144,156,156,171,171,171],"floor_reached":16,"playtime":1108,"items_purged":[],"score":106,"play_id":"2bfc0ab6-827c-4a9c-91d2-2c25fa4b6c3a","local_time":"20190708213148","is_ascension_mode":false,"campfire_choices":[{"data":"Inflame","floor":6,"key":"SMITH"},{"data":"Barricade","floor":8,"key":"SMITH"},{"data":"Rage","floor":15,"key":"SMITH"}],"neow_cost":"NO_GOLD","seed_source_timestamp":39032544968648,"circlet_count":0,"master_deck":["Strike_R","Strike_R","Defend_R","Defend_R","Defend_R","Defend_R","Bash","Flex","Inflame+1","Warcry","Uppercut","Twin Strike","Fire Breathing","Anger","Barricade+1","Flex","Fire Breathing","Regret","Rage+1"],"relics":["Burning Blood","Dodecahedron","Charon\u0027s Ashes","Pocketwatch"],"potions_floor_usage":[16,16],"damage_taken":[{"damage":1,"enemies":"2 Louse","floor":1,"turns":3},{"damage":5,"enemies":"Small Slimes","floor":2,"turns":4},{"damage":5,"enemies":"Jaw Worm","floor":3,"turns":3},{"damage":13,"enemies":"2 Fungi Beasts","floor":4,"turns":3},{"damage":7,"enemies":"Looter","floor":5,"turns":4},{"damage":22,"enemies":"Exordium Thugs","floor":7,"turns":5},{"damage":6,"enemies":"Gremlin Nob","floor":11,"turns":3},{"damage":13,"enemies":"3 Louse","floor":12,"turns":4},{"damage":14,"enemies":"Exordium Wildlife","floor":14,"turns":4},{"damage":42,"enemies":"The Guardian","floor":16,"turns":6}],"seed_played":"-1166931032260685045","potions_obtained":[{"floor":1,"key":"Explosive Potion"},{"floor":4,"key":"Poison Potion"},{"floor":7,"key":"FearPotion"},{"floor":14,"key":"Strength Potion"}],"is_trial":false,"path_per_floor":["M","M","M","M","M","R","M","R","T","?","E","M","?","M","R","B"],"character_chosen":"IRONCLAD","items_purchased":[],"campfire_rested":0,"item_purchase_floors":[],"current_hp_per_floor":[80,80,80,73,72,72,56,56,56,56,56,49,49,41,41,0],"gold":171,"neow_bonus":"TRANSFORM_TWO_CARDS","is_prod":false,"is_daily":false,"chose_seed":false,"campfire_upgraded":3,"win_rate":0.0,"timestamp":1562614308,"path_taken":["M","M","M","M","M","R","M","R","T","?","E","M","?","M","R","BOSS"],"build_version":"2019-07-05","purchased_purges":0,"victory":false,"max_hp_per_floor":[80,80,80,80,80,80,80,80,80,80,80,80,80,80,80,80],"card_choices":[{"not_picked":["Spot Weakness","Feel No Pain"],"picked":"Warcry","floor":1},{"not_picked":["Perfected Strike","Sword Boomerang"],"picked":"Uppercut","floor":2},{"not_picked":["Power Through","Perfected Strike"],"picked":"Twin Strike","floor":3},{"not_picked":["Evolve","Flex"],"picked":"Fire Breathing","floor":4},{"not_picked":["Body Slam","Iron Wave"],"picked":"Anger","floor":5},{"not_picked":["Anger","Flame Barrier"],"picked":"Barricade","floor":7},{"not_picked":["Clash","Wild Strike"],"picked":"Flex","floor":11},{"not_picked":["Shrug It Off","Flex"],"picked":"Fire Breathing","floor":12},{"not_picked":["Anger","Heavy Blade"],"picked":"Rage","floor":14}],"player_experience":27313,"relics_obtained":[{"floor":9,"key":"Dodecahedron"},{"floor":11,"key":"Charon\u0027s Ashes"}],"event_choices":[{"cards_removed":["Strike_R"],"damage_healed":0,"gold_gain":0,"player_choice":"Card Removal","damage_taken":0,"max_hp_gain":0,"max_hp_loss":0,"event_name":"The Cleric","floor":10,"gold_loss":50},{"damage_healed":0,"gold_gain":0,"player_choice":"Box","damage_taken":0,"relics_obtained":["Pocketwatch"],"max_hp_gain":0,"max_hp_loss":0,"event_name":"Big Fish","floor":13,"gold_loss":0,"cards_obtained":["Regret"]}],"is_beta":false,"boss_relics":[],"items_purged_floors":[],"is_endless":false,"potions_floor_spawned":[1,4,7,11,14],"killed_by":"The Guardian","ascension_level":0}