{"gold_per_floor":[209,220,240,260,276,276,308,319,344,362,362,373,373,390,390,390],"floor_reached":16,"playtime":600,"items_purged":[],"score":162,"play_id":"8fc8fb3e-7bd2-449c-bd5e-6eb2ab5b255a","local_time":"20190604095826","is_ascension_mode":true,"campfire_choices":[{"floor":6,"key":"REST"},{"floor":11,"key":"REST"},{"floor":15,"key":"REST"}],"neow_cost":"NONE","seed_source_timestamp":37353244567817,"circlet_count":0,"master_deck":["AscendersBane","Strike_R","Strike_R","Strike_R","Strike_R","Strike_R","Defend_R","Defend_R","Defend_R","Defend_R","Bash","Battle Trance","Heavy Blade","Cleave","Shrug It Off","Shrug It Off","Dual Wield","Inflame","Power Through","Feel No Pain","Seeing Red"],"relics":["Burning Blood","Potion Belt","Bronze Scales"],"potions_floor_usage":[4,5,7,15,16,16],"damage_taken":[{"damage":1,"enemies":"Cultist","floor":1,"turns":3},{"damage":18,"enemies":"Jaw Worm","floor":2,"turns":4},{"damage":4,"enemies":"Small Slimes","floor":3,"turns":3},{"damage":4,"enemies":"Exordium Thugs","floor":4,"turns":4},{"damage":18,"enemies":"3 Louse","floor":5,"turns":3},{"damage":58,"enemies":"Lagavulin","floor":7,"turns":11},{"damage":7,"enemies":"2 Fungi Beasts","floor":8,"turns":6},{"damage":17,"enemies":"Red Slaver","floor":10,"turns":5},{"damage":17,"enemies":"Looter","floor":12,"turns":3},{"damage":3,"enemies":"2 Fungi Beasts","floor":14,"turns":5},{"damage":64,"enemies":"Hexaghost","floor":16,"turns":9}],"seed_played":"-6483655360108002551","potions_obtained":[{"floor":1,"key":"Poison Potion"},{"floor":2,"key":"GamblersBrew"},{"floor":5,"key":"SpeedPotion"},{"floor":10,"key":"SteroidPotion"},{"floor":13,"key":"Fruit Juice"},{"floor":13,"key":"Swift Potion"},{"floor":13,"key":"SpeedPotion"}],"is_trial":false,"path_per_floor":["M","M","M","M","M","R","E","M","T","M","R","M","?","M","R","B"],"character_chosen":"IRONCLAD","items_purchased":[],"campfire_rested":3,"item_purchase_floors":[],"current_hp_per_floor":[77,65,67,69,57,80,28,27,27,16,40,29,29,32,61,0],"gold":390,"neow_bonus":"HUNDRED_GOLD","is_prod":false,"is_daily":false,"chose_seed":false,"campfire_upgraded":0,"win_rate":0,"timestamp":1559606306,"path_taken":["M","M","M","?","M","R","E","M","T","M","R","M","?","?","R","BOSS"],"build_version":"2019-01-23","purchased_purges":0,"victory":false,"max_hp_per_floor":[80,80,80,80,80,80,80,80,80,80,80,80,80,80,85,85],"card_choices":[{"not_picked":["Inflame","Body Slam"],"picked":"Battle Trance","floor":1},{"not_picked":["Iron Wave","Twin Strike"],"picked":"Heavy Blade","floor":2},{"not_picked":["Clash","Combust"],"picked":"Cleave","floor":3},{"not_picked":["Sword Boomerang","Cleave"],"picked":"Shrug It Off","floor":4},{"not_picked":["True Grit","Anger"],"picked":"Shrug It Off","floor":5},{"not_picked":["Limit Break","Clash"],"picked":"Dual Wield","floor":7},{"not_picked":["Flame Barrier","Uppercut"],"picked":"Inflame","floor":8},{"not_picked":["Headbutt","Iron Wave"],"picked":"Power Through","floor":10},{"not_picked":["True Grit","Burning Pact"],"picked":"Feel No Pain","floor":12},{"not_picked":["Heavy Blade","Shrug It Off"],"picked":"Seeing Red","floor":14}],"player_experience":814584,"relics_obtained":[{"floor":7,"key":"Potion Belt"},{"floor":9,"key":"Bronze Scales"}],"event_choices":[{"damage_healed":0,"gold_gain":0,"player_choice":"Got Potions","damage_taken":0,"max_hp_gain":0,"max_hp_loss":0,"event_name":"Lab","floor":13,"gold_loss":0}],"is_beta":false,"boss_relics":[],"items_purged_floors":[],"is_endless":false,"potions_floor_spawned":[1,2,5,10],"killed_by":"Hexaghost","ascension_level":10}