{"gold_per_floor":[114,114,39,52,0,335,335,354,354,366,366,391,391,391],"floor_reached":14,"playtime":1767,"items_purged":["Strike_B"],"score":147,"play_id":"45f9a32a-55d7-46b5-9d5c-48b8af2268b5","local_time":"20190704134112","is_ascension_mode":true,"campfire_choices":[{"floor":7,"key":"REST"},{"floor":11,"key":"REST"},{"floor":13,"key":"REST"}],"neow_cost":"NONE","seed_source_timestamp":93571490333424,"circlet_count":0,"master_deck":["AscendersBane","Strike_B","Strike_B","Defend_B","Defend_B","Defend_B","Defend_B","Zap","Dualcast","Gash","Go for the Eyes","BootSequence","Hologram","Core Surge"],"relics":["Fusion Hammer","FossilizedHelix","Old Coin","Dodecahedron","Bottled Lightning"],"potions_floor_usage":[],"damage_taken":[{"damage":3,"enemies":"Small Slimes","floor":1,"turns":3},{"damage":3,"enemies":"2 Louse","floor":4,"turns":3},{"damage":45,"enemies":"3 Sentries","floor":6,"turns":11},{"damage":0,"enemies":"Cultist","floor":8,"turns":5},{"damage":0,"enemies":"Exordium Wildlife","floor":10,"turns":5},{"damage":40,"enemies":"Lagavulin","floor":12,"turns":11},{"damage":52,"enemies":"3 Sentries","floor":14,"turns":8}],"seed_played":"3072061024459828789","potions_obtained":[{"floor":8,"key":"FairyPotion"}],"is_trial":false,"path_per_floor":["M","?","$","M","?","E","R","M","T","M","R","E","R","E"],"character_chosen":"DEFECT","items_purchased":[],"campfire_rested":3,"item_purchase_floors":[],"current_hp_per_floor":[65,58,58,55,55,10,32,32,32,32,54,14,36,0],"gold":391,"neow_bonus":"BOSS_RELIC","is_prod":false,"is_daily":false,"chose_seed":false,"campfire_upgraded":0,"win_rate":0,"timestamp":1562265672,"path_taken":["M","?","$","M","?","E","R","M","T","M","R","E","R","E"],"build_version":"2019-07-01","purchased_purges":1,"victory":false,"max_hp_per_floor":[75,75,75,75,75,75,75,75,75,75,75,75,75,75],"card_choices":[{"not_picked":["Compile Driver","Fusion"],"picked":"Gash","floor":1},{"not_picked":["Streamline","Beam Cell"],"picked":"Go for the Eyes","floor":4},{"not_picked":["Chaos","Reprogram"],"picked":"BootSequence","floor":6},{"not_picked":["Beam Cell","Streamline"],"picked":"Hologram","floor":8},{"not_picked":["Melter","Redo"],"picked":"Core Surge","floor":10},{"not_picked":["Streamline","Capacitor","Force Field"],"picked":"SKIP","floor":12}],"player_experience":509422,"relics_obtained":[{"floor":6,"key":"Old Coin"},{"floor":9,"key":"Dodecahedron"},{"floor":12,"key":"Bottled Lightning"}],"event_choices":[{"cards_removed":["Strike_B"],"damage_healed":0,"gold_gain":0,"player_choice":"Card Removal","damage_taken":7,"max_hp_gain":0,"max_hp_loss":0,"event_name":"Golden Wing","floor":2,"gold_loss":0},{"damage_healed":0,"gold_gain":0,"player_choice":"Paid Gold","damage_taken":0,"relics_obtained":["FossilizedHelix"],"max_hp_gain":0,"max_hp_loss":0,"event_name":"WeMeetAgain","floor":5,"gold_loss":52}],"is_beta":false,"boss_relics":[],"items_purged_floors":[3],"is_endless":false,"potions_floor_spawned":[8],"killed_by":"3 Sentries","ascension_level":10}