{"gold_per_floor":[17,17,36,36,36,36,52,52,52,52,90,90,123,139,139,233,233,256,272,547,88,101,101,140,29,29,54,54,69,69,69,69,168,231,254,254],"floor_reached":36,"playtime":3778,"items_purged":["Regret"],"score":644,"play_id":"bbdd0029-e7ca-46da-afa7-1965be3f348d","local_time":"20190705013708","is_ascension_mode":true,"campfire_choices":[{"data":"Armaments","floor":6.0,"key":"SMITH"},{"data":"Pommel Strike","floor":8.0,"key":"SMITH"},{"data":"Bash","floor":10.0,"key":"SMITH"},{"floor":15.0,"key":"REST"},{"floor":23.0,"key":"REST"},{"floor":28,"key":"REST"},{"data":"Feel No Pain","floor":30,"key":"SMITH"},{"floor":32,"key":"REST"}],"neow_cost":"NO_GOLD","seed_source_timestamp":0,"circlet_count":0,"master_deck":["AscendersBane","Strike_R+1","Defend_R+1","Defend_R","Defend_R","Bash+1","Armaments+1","Immolate+1","Sever Soul","Pommel Strike+1","Wild Strike+1","Fiend Fire","Impervious","Brutality+1","Havoc+1","Hemokinesis+1","Rupture+1","Body Slam","Evolve","Feel No Pain+1","Exhume","Clothesline+1","Heavy Blade","Impervious","True Grit"],"special_seed":0,"relics":["Burning Blood","Calipers","Golden Idol","WingedGreaves","Ginger","Pen Nib","Astrolabe","Membership Card","Anchor","Whetstone","Nunchaku","Lantern","Tiny House"],"potions_floor_usage":[27,29,33],"damage_taken":[{"damage":11.0,"enemies":"Cultist","floor":1.0,"turns":4.0},{"damage":3.0,"enemies":"Small Slimes","floor":3.0,"turns":3.0},{"damage":0.0,"enemies":"2 Louse","floor":7.0,"turns":1.0},{"damage":16.0,"enemies":"Gremlin Nob","floor":11.0,"turns":3.0},{"damage":25.0,"enemies":"Lagavulin","floor":13.0,"turns":6.0},{"damage":0.0,"enemies":"2 Fungi Beasts","floor":14.0,"turns":2.0},{"damage":57.0,"enemies":"Slime Boss","floor":16.0,"turns":8.0},{"damage":30.0,"enemies":"2 Thieves","floor":18.0,"turns":3.0},{"damage":7.0,"enemies":"Chosen","floor":19.0,"turns":4.0},{"damage":13.0,"enemies":"Snake Plant","floor":22.0,"turns":3.0},{"damage":29.0,"enemies":"Book of Stabbing","floor":24.0,"turns":4.0},{"damage":10,"enemies":"Centurion and Healer","floor":27,"turns":4},{"damage":26,"enemies":"Cultist and Chosen","floor":29,"turns":5},{"damage":75,"enemies":"Automaton","floor":33,"turns":8},{"damage":58,"enemies":"3 Darklings","floor":35,"turns":6},{"damage":13,"enemies":"Mind Bloom Boss Battle","floor":36,"turns":9}],"seed_played":"4250824484030657628","potions_obtained":[{"floor":7.0,"key":"Ancient Potion"},{"floor":11.0,"key":"EssenceOfSteel"},{"floor":22.0,"key":"Regen Potion"},{"floor":24.0,"key":"Weak Potion"},{"floor":29,"key":"BloodPotion"},{"floor":34,"key":"Dexterity Potion"},{"floor":35,"key":"SpeedPotion"}],"is_trial":false,"path_per_floor":["M","?","M","$","?","R","M","R","T","R","E","?","E","M","R","B",null,"M","M","?","$","M","R","E","$","T","M","R","M","R","?","R","B",null,"M","?"],"character_chosen":"IRONCLAD","items_purchased":["Membership Card","Anchor","Evolve","Whetstone","BloodPotion","Feel No Pain","Exhume"],"campfire_rested":4,"item_purchase_floors":[21,21,21,21,21,25,25],"current_hp_per_floor":[67,67,70,70,70,70,74,74,74,74,64,49,30,36,58,7,57,33,32,32,32,25,47,29,29,29,25,47,45,45,45,67,16,65,13,0],"gold":254,"neow_bonus":"ONE_RARE_RELIC","is_prod":false,"is_daily":false,"chose_seed":false,"campfire_upgraded":4,"win_rate":0,"timestamp":1562254628,"path_taken":["M","?","M","$","?","R","M","R","T","R","E","?","E","M","R","BOSS","M","M","?","$","M","R","E","?","T","?","R","M","R","?","R","BOSS","M","?"],"build_version":"2019-07-01","purchased_purges":1,"victory":false,"max_hp_per_floor":[80,74,74,74,74,74,74,74,74,74,74,74,74,74,74,74,74,74,74,74,74,74,74,74,74,74,74,74,74,74,74,74,74,79,79,79],"card_choices":[{"not_picked":["Havoc","Perfected Strike"],"picked":"Armaments","floor":1.0},{"not_picked":["Heavy Blade","Twin Strike"],"picked":"Immolate","floor":3.0},{"not_picked":["Perfected Strike","Seeing Red"],"picked":"Pommel Strike","floor":7.0},{"not_picked":["Bludgeon","Iron Wave"],"picked":"Wild Strike","floor":11.0},{"not_picked":["Twin Strike","Sword Boomerang"],"picked":"Fiend Fire","floor":13.0},{"not_picked":["Second Wind","Wild Strike","Clash"],"picked":"SKIP","floor":14.0},{"not_picked":["Barricade","Bludgeon"],"picked":"Impervious","floor":16.0},{"not_picked":["Pommel Strike","True Grit"],"picked":"Rupture+1","floor":18.0},{"not_picked":["Heavy Blade","Twin Strike"],"picked":"Body Slam","floor":19.0},{"not_picked":["Wild Strike","Whirlwind","Warcry"],"picked":"SKIP","floor":22.0},{"not_picked":["Armaments","Flex","Sword Boomerang+1"],"picked":"SKIP","floor":24.0},{"not_picked":["Iron Wave","Evolve"],"picked":"Clothesline+1","floor":27},{"not_picked":["Havoc","Clash"],"picked":"Heavy Blade","floor":29},{"not_picked":["Berserk","Immolate"],"picked":"Impervious","floor":33},{"not_picked":["Body Slam","Thunderclap+1"],"picked":"True Grit","floor":35}],"player_experience":923868,"relics_obtained":[{"floor":9.0,"key":"WingedGreaves"},{"floor":11.0,"key":"Ginger"},{"floor":13.0,"key":"Pen Nib"},{"floor":24.0,"key":"Nunchaku"},{"floor":26.0,"key":"Lantern"}],"event_choices":[{"damage_healed":0.0,"max_hp_gain":0.0,"max_hp_loss":6.0,"gold_gain":0.0,"event_name":"Golden Idol","player_choice":"Lose Max HP","floor":2.0,"gold_loss":0.0,"damage_taken":0.0,"relics_obtained":["Golden Idol"]},{"damage_healed":0.0,"max_hp_gain":0.0,"max_hp_loss":0.0,"gold_gain":0.0,"cards_transformed":["Strike_R"],"event_name":"Living Wall","player_choice":"Change","floor":5.0,"gold_loss":0.0,"damage_taken":0.0,"cards_obtained":["Sever Soul"]},{"damage_healed":0.0,"max_hp_gain":0.0,"max_hp_loss":0.0,"gold_gain":0.0,"event_name":"Shining Light","player_choice":"Entered Light","floor":12.0,"gold_loss":0.0,"damage_taken":15.0,"cards_upgraded":["Strike_R","Strike_R"]},{"damage_healed":0.0,"max_hp_gain":0.0,"max_hp_loss":0.0,"gold_gain":275.0,"event_name":"Golden Shrine","player_choice":"Desecrate","floor":20.0,"gold_loss":0.0,"damage_taken":0.0,"cards_obtained":["Regret"]},{"cards_removed":["Strike_R"],"damage_healed":0,"gold_gain":0,"player_choice":"Purged","damage_taken":0,"max_hp_gain":0,"max_hp_loss":0,"event_name":"Purifier","floor":31,"gold_loss":0},{"damage_healed":0,"gold_gain":0,"player_choice":"Fight","damage_taken":0,"max_hp_gain":0,"max_hp_loss":0,"event_name":"MindBloom","floor":36,"gold_loss":0}],"is_beta":false,"boss_relics":[{"not_picked":["Runic Dome","Sozu"],"picked":"Astrolabe"},{"not_picked":["Pandora\u0027s Box","Velvet Choker"],"picked":"Tiny House"}],"items_purged_floors":[21],"is_endless":false,"potions_floor_spawned":[7,11,14,22,24,29,35],"killed_by":"Mind Bloom Boss Battle","ascension_level":13}