{"gold_per_floor":[117,127,127,145,157,157,175,175,175,202,222,250,250,261,261,261],"floor_reached":16,"playtime":659,"items_purged":[],"score":166,"play_id":"cff712a3-1770-412e-b415-da66a1de34be","local_time":"20190702030350","is_ascension_mode":true,"campfire_choices":[{"data":"Neutralize","floor":6,"key":"SMITH"},{"floor":8,"key":"REST"},{"floor":15,"key":"REST"}],"neow_cost":"NONE","seed_source_timestamp":52813821098719,"circlet_count":0,"master_deck":["AscendersBane","Defend_G","Defend_G","Defend_G","Defend_G","Defend_G","Strike_G","Strike_G","Strike_G","Strike_G","Strike_G","Survivor","Neutralize+1","Blade Dance","Deadly Poison","Backstab","Dagger Spray","Eviscerate","Dagger Throw","Venomology","Poisoned Stab","Poisoned Stab"],"relics":["Snecko Eye","Art of War","Boot","Shuriken","Odd Mushroom","Letter Opener"],"potions_floor_usage":[12,16,16],"damage_taken":[{"damage":0,"enemies":"Cultist","floor":1,"turns":5},{"damage":2,"enemies":"Jaw Worm","floor":2,"turns":5},{"damage":15,"enemies":"Small Slimes","floor":4,"turns":4},{"damage":7,"enemies":"2 Fungi Beasts","floor":5,"turns":3},{"damage":23,"enemies":"Exordium Thugs","floor":7,"turns":5},{"damage":12,"enemies":"3 Sentries","floor":10,"turns":6},{"damage":12,"enemies":"Looter","floor":11,"turns":3},{"damage":4,"enemies":"The Mushroom Lair","floor":12,"turns":4},{"damage":0,"enemies":"2 Fungi Beasts","floor":14,"turns":2},{"damage":31,"enemies":"Slime Boss","floor":16,"turns":4}],"seed_played":"-8166415708257382546","potions_obtained":[{"floor":4,"key":"FearPotion"},{"floor":10,"key":"Block Potion"},{"floor":12,"key":"Ancient Potion"}],"is_trial":false,"path_per_floor":["M","M","?","M","M","R","M","R","T","E","M","?","T","M","R","B"],"character_chosen":"THE_SILENT","items_purchased":[],"campfire_rested":2,"item_purchase_floors":[],"current_hp_per_floor":[63,61,61,46,39,39,16,37,37,25,13,9,9,9,30,0],"gold":261,"neow_bonus":"BOSS_RELIC","is_prod":false,"is_daily":false,"chose_seed":false,"campfire_upgraded":1,"win_rate":0,"timestamp":1562000630,"path_taken":["M","M","?","M","M","R","M","R","T","E","?","?","?","?","R","BOSS"],"build_version":"2019-01-23","purchased_purges":0,"victory":false,"max_hp_per_floor":[70,70,70,70,70,70,70,70,70,70,70,70,70,70,70,70],"card_choices":[{"not_picked":["Prepared","Escape Plan"],"picked":"Blade Dance","floor":1},{"not_picked":["Blade Dance","Deflect"],"picked":"Deadly Poison","floor":2},{"not_picked":["Deadly Poison","Quick Slash"],"picked":"Backstab","floor":4},{"not_picked":["Sucker Punch","Masterful Stab"],"picked":"Dagger Spray","floor":5},{"not_picked":["Acrobatics","Outmaneuver"],"picked":"Eviscerate","floor":7},{"not_picked":["Bane","Well Laid Plans"],"picked":"Dagger Throw","floor":10},{"not_picked":["Sucker Punch","Infinite Blades"],"picked":"Venomology","floor":11},{"not_picked":["Backflip","Footwork"],"picked":"Poisoned Stab","floor":12},{"not_picked":["Blade Dance","Dagger Spray"],"picked":"Poisoned Stab","floor":14}],"player_experience":886720,"relics_obtained":[{"floor":3,"key":"Art of War"},{"floor":9,"key":"Boot"},{"floor":10,"key":"Shuriken"},{"floor":12,"key":"Odd Mushroom"},{"floor":13,"key":"Letter Opener"}],"event_choices":[{"damage_healed":0,"gold_gain":0,"player_choice":"Relic","damage_taken":0,"max_hp_gain":0,"max_hp_loss":0,"event_name":"Wheel of Change","floor":3,"gold_loss":0},{"damage_healed":0,"gold_gain":0,"player_choice":"Fought Mushrooms","damage_taken":0,"max_hp_gain":0,"max_hp_loss":0,"event_name":"Mushrooms","floor":12,"gold_loss":0}],"is_beta":false,"boss_relics":[],"items_purged_floors":[],"is_endless":false,"potions_floor_spawned":[4,10,12,14],"killed_by":"Slime Boss","ascension_level":12}