{"gold_per_floor":[118,118,118,138,115,115,129,144,144,76,90,114,135,15,15,134,134,148,94,94,115,115,115,37,37],"floor_reached":25,"playtime":1717,"items_purged":[],"score":218,"play_id":"55f66cbb-fb1e-424a-9c78-2b52cc582528","local_time":"20190717044422","is_ascension_mode":false,"campfire_choices":[{"data":"Fire Breathing","floor":6,"key":"SMITH"},{"data":"Armaments","floor":15,"key":"SMITH"},{"data":"Mind Blast","floor":23,"key":"SMITH"}],"neow_cost":"TEN_PERCENT_HP_LOSS","seed_source_timestamp":45904293106306,"circlet_count":0,"master_deck":["Strike_R","Strike_R","Strike_R","Strike_R","Strike_R","Defend_R","Defend_R","Defend_R","Defend_R","Bash","Immolate","Fire Breathing+1","Wild Strike","True Grit","True Grit","Second Wind","Power Through","Armaments+1","Reckless Charge","True Grit","Mind Blast+1","Demon Form","True Grit","Reckless Charge"],"relics":["Black Blood","Golden Idol","MutagenicStrength"],"potions_floor_usage":[],"damage_taken":[{"damage":0,"enemies":"Cultist","floor":1,"turns":2},{"damage":2,"enemies":"Small Slimes","floor":4,"turns":2},{"damage":0,"enemies":"2 Louse","floor":7,"turns":1},{"damage":11,"enemies":"Red Slaver","floor":8,"turns":4},{"damage":5,"enemies":"2 Fungi Beasts","floor":11,"turns":2},{"damage":1,"enemies":"Exordium Wildlife","floor":12,"turns":2},{"damage":9,"enemies":"Blue Slaver","floor":13,"turns":3},{"damage":52,"enemies":"Slime Boss","floor":16,"turns":11},{"damage":40,"enemies":"Spheric Guardian","floor":18,"turns":6},{"damage":36,"enemies":"Shell Parasite","floor":21,"turns":13},{"damage":21,"enemies":"Sentry and Sphere","floor":25,"turns":5}],"seed_played":"7221437136824744824","potions_obtained":[{"floor":7,"key":"Strength Potion"},{"floor":8,"key":"FearPotion"},{"floor":11,"key":"FearPotion"},{"floor":21,"key":"Dexterity Potion"}],"is_trial":false,"path_per_floor":["M","?","?","M","$","R","M","M","T","$","M","M","M","$","R","B",null,"M","$","?","M","?","R","$","M"],"character_chosen":"IRONCLAD","items_purchased":["Wild Strike","Second Wind","True Grit","Mind Blast","True Grit","Reckless Charge"],"campfire_rested":0,"item_purchase_floors":[5,10,14,14,19,24],"current_hp_per_floor":[72,54,59,63,63,63,69,64,64,64,65,70,67,67,67,21,77,47,47,47,21,21,21,21,0],"gold":37,"neow_bonus":"THREE_RARE_CARDS","is_prod":false,"is_daily":false,"chose_seed":false,"campfire_upgraded":3,"win_rate":0,"timestamp":1563331462,"path_taken":["M","?","?","M","$","R","M","M","T","$","M","M","M","$","R","BOSS","M","$","?","?","?","R","?","M"],"build_version":"2019-07-05","purchased_purges":0,"victory":false,"max_hp_per_floor":[72,72,77,77,77,77,77,77,77,77,77,77,77,77,77,77,77,77,77,77,77,77,77,77,77],"card_choices":[{"not_picked":["Impervious","Offering"],"picked":"Immolate","floor":0},{"not_picked":["Clash","Feel No Pain","Flex"],"picked":"SKIP","floor":1},{"not_picked":["Battle Trance","Headbutt"],"picked":"Fire Breathing","floor":4},{"not_picked":["Whirlwind","Thunderclap"],"picked":"True Grit","floor":7},{"not_picked":["Flex","Searing Blow"],"picked":"True Grit","floor":8},{"not_picked":["Clothesline","Pummel"],"picked":"Power Through","floor":11},{"not_picked":["Perfected Strike","Battle Trance"],"picked":"Armaments","floor":12},{"not_picked":["Blood for Blood","Clothesline"],"picked":"Reckless Charge","floor":13},{"not_picked":["Impervious","Limit Break"],"picked":"Demon Form","floor":16},{"not_picked":["Hemokinesis","Heavy Blade","Clash+1"],"picked":"SKIP","floor":18},{"not_picked":["Pommel Strike","Perfected Strike","Body Slam"],"picked":"SKIP","floor":21}],"player_experience":190318,"relics_obtained":[],"event_choices":[{"damage_healed":0,"gold_gain":0,"player_choice":"Take Damage","damage_taken":18,"relics_obtained":["Golden Idol"],"max_hp_gain":0,"max_hp_loss":0,"event_name":"Golden Idol","floor":2,"gold_loss":0},{"damage_healed":0,"gold_gain":0,"player_choice":"Donut","damage_taken":0,"max_hp_gain":5,"max_hp_loss":0,"event_name":"Big Fish","floor":3,"gold_loss":0},{"damage_healed":0,"gold_gain":0,"player_choice":"0 cards matched","damage_taken":0,"max_hp_gain":0,"max_hp_loss":0,"event_name":"Match and Keep!","floor":20,"gold_loss":0,"cards_obtained":[]},{"damage_healed":0,"gold_gain":0,"player_choice":"Inject Mutagens","damage_taken":0,"relics_obtained":["MutagenicStrength"],"max_hp_gain":0,"max_hp_loss":0,"event_name":"Drug Dealer","floor":22,"gold_loss":0}],"is_beta":false,"boss_relics":[{"not_picked":["Ectoplasm","White Beast Statue"],"picked":"Black Blood"}],"items_purged_floors":[],"is_endless":false,"potions_floor_spawned":[7,8,11,13,21],"killed_by":"Sentry and Sphere","ascension_level":0}