{"gold_per_floor":[109,126,301,312,325,353,353,382,382,87,119,132,132],"floor_reached":13,"playtime":879,"items_purged":["Strike_B"],"score":126,"play_id":"55701f01-f737-440a-bca4-454f302054c2","local_time":"20180916201846","is_ascension_mode":true,"campfire_choices":[{"floor":7,"key":"REST"}],"neow_cost":"","seed_source_timestamp":267800025286616,"circlet_count":0,"master_deck":["Strike_B","Strike_B","Strike_B","Defend_B","Defend_B","Defend_B","Defend_B","Zap","Dualcast","Ball Lightning","Leap","Doubt","Storm","Auto Shields","Creative AI","Heatsinks","Go for the Eyes","Lockon"],"relics":["Cracked Core","Cables","Juzu Bracelet","Strawberry","Art of War","Gremlin Horn"],"potions_floor_usage":[8,12],"damage_taken":[{"damage":0,"enemies":"Small Slimes","floor":1,"turns":2},{"damage":12,"enemies":"Jaw Worm","floor":2,"turns":2},{"damage":0,"enemies":"2 Louse","floor":4,"turns":1},{"damage":4,"enemies":"Red Slaver","floor":5,"turns":3},{"damage":25,"enemies":"Gremlin Nob","floor":6,"turns":4},{"damage":30,"enemies":"Lagavulin","floor":8,"turns":5},{"damage":21,"enemies":"Gremlin Nob","floor":11,"turns":4},{"damage":0,"enemies":"Lots of Slimes","floor":12,"turns":3},{"damage":15,"enemies":"3 Louse","floor":13,"turns":3}],"seed_played":"-8779600469187744030","potions_obtained":[{"floor":2,"key":"SpeedPotion"},{"floor":6,"key":"Strength Potion"}],"is_trial":false,"path_per_floor":["M","M","?","M","M","E","R","E","T","$","E","M"],"character_chosen":"DEFECT","items_purchased":["Heatsinks","Art of War"],"campfire_rested":1,"item_purchase_floors":[10,10],"current_hp_per_floor":[75,63,63,63,59,34,56,26,33,33,12,12,0],"gold":132,"neow_bonus":"","is_prod":false,"is_daily":false,"chose_seed":false,"campfire_upgraded":0,"win_rate":0,"timestamp":1537154326,"path_taken":["M","M","?","M","M","E","R","E","T","$","E","M","M"],"build_version":"2018-09-12","purchased_purges":1,"victory":false,"max_hp_per_floor":[75,75,75,75,75,75,75,75,82,82,82,82,82],"card_choices":[{"not_picked":["Coolheaded","Turbo"],"picked":"Ball Lightning","floor":1},{"not_picked":["Cold Snap","Consume"],"picked":"Leap","floor":2},{"not_picked":["Undo","Rebound","Stack"],"picked":"SKIP","floor":4},{"not_picked":["Compile Driver","Blizzard"],"picked":"Storm","floor":5},{"not_picked":["Coolheaded","Go for the Eyes"],"picked":"Auto Shields","floor":6},{"not_picked":["Undo","Melter"],"picked":"Creative AI","floor":8},{"not_picked":["Stack","Beam Cell"],"picked":"Go for the Eyes","floor":11},{"not_picked":["Coolheaded","Reprogram"],"picked":"Lockon","floor":12}],"player_experience":209946,"relics_obtained":[{"floor":6,"key":"Cables"},{"floor":8,"key":"Juzu Bracelet"},{"floor":9,"key":"Strawberry"},{"floor":11,"key":"Gremlin Horn"}],"event_choices":[{"event_name":"Liars Game","player_choice":"agreed","floor":3,"damage_taken":0}],"is_beta":true,"boss_relics":[],"items_purged_floors":[10],"is_endless":false,"potions_floor_spawned":[2,6],"killed_by":"3 Louse","ascension_level":4}