{"gold_per_floor":[113,38,48,48,62,62,90,90,165,165,176,176,191,209,209,309,309,322,322,322,338,253,287,299,170,224,270,282,304,393,418,430,543,555,583,330,345,345,356,356,384,418,418,418,418,225,240,240,240,240],"floor_reached":51,"playtime":3746,"items_purged":["Strike_R","Strike_R","Pain","Regret"],"score":720,"play_id":"3366eb2a-a33e-491e-b106-01f2d7324e46","local_time":"20190307210506","is_ascension_mode":false,"campfire_choices":[{"data":"Juggernaut","floor":6,"key":"SMITH"},{"data":"Armaments","floor":8,"key":"SMITH"},{"data":"Body Slam","floor":10,"key":"SMITH"},{"floor":15,"key":"REST"},{"floor":28,"key":"REST"},{"floor":32,"key":"REST"},{"floor":40,"key":"REST"},{"floor":44,"key":"REST"},{"data":"Armaments","floor":45,"key":"SMITH"},{"data":"Metallicize","floor":49,"key":"SMITH"}],"neow_cost":"NONE","seed_source_timestamp":685345639273475,"circlet_count":0,"master_deck":["Strike_R","Defend_R","Defend_R+1","Defend_R","Bash","Juggernaut+1","Armaments+1","Evolve","Clash","Body Slam+1","Twin Strike","Body Slam","Anger","Juggernaut","Spot Weakness+1","Metallicize+1","Iron Wave","Iron Wave","Metallicize","Injury","Metallicize","Twin Strike","Shrug It Off+1","Armaments+1","Iron Wave","Iron Wave+1","Feed","Iron Wave","Body Slam","Inflame","Pommel Strike"],"relics":["Black Blood","Centennial Puzzle","Blue Candle","Cursed Key","Oddly Smooth Stone","Smiling Mask","WingedGreaves","MawBank","War Paint","Tiny Chest","HandDrill","PreservedInsect","Bottled Lightning","Meat on the Bone"],"potions_floor_usage":[16,16,23,29,33,41,50,50,50],"damage_taken":[{"damage":3,"enemies":"Jaw Worm","floor":1,"turns":5},{"damage":0,"enemies":"Small Slimes","floor":3,"turns":4},{"damage":8,"enemies":"2 Louse","floor":5,"turns":4},{"damage":27,"enemies":"Gremlin Nob","floor":7,"turns":5},{"damage":10,"enemies":"Looter","floor":11,"turns":3},{"damage":10,"enemies":"Large Slime","floor":13,"turns":5},{"damage":13,"enemies":"Lots of Slimes","floor":14,"turns":4},{"damage":31,"enemies":"Slime Boss","floor":16,"turns":6},{"damage":7,"enemies":"Shell Parasite","floor":18,"turns":4},{"damage":0,"enemies":"Chosen","floor":21,"turns":4},{"damage":37,"enemies":"Slavers","floor":23,"turns":5},{"damage":1,"enemies":"Centurion and Healer","floor":24,"turns":5},{"damage":24,"enemies":"Gremlin Leader","floor":27,"turns":7},{"damage":8,"enemies":"Snake Plant","floor":29,"turns":4},{"damage":10,"enemies":"Shelled Parasite and Fungi","floor":31,"turns":5},{"damage":55,"enemies":"Automaton","floor":33,"turns":9},{"damage":44,"enemies":"3 Darklings","floor":35,"turns":6},{"damage":7,"enemies":"Orb Walker","floor":37,"turns":3},{"damage":6,"enemies":"4 Shapes","floor":39,"turns":7},{"damage":42,"enemies":"Reptomancer","floor":41,"turns":7},{"damage":20,"enemies":"Nemesis","floor":42,"turns":7},{"damage":9,"enemies":"Spire Growth","floor":47,"turns":5},{"damage":44,"enemies":"Time Eater","floor":50,"turns":10}],"seed_played":"3363723498794596430","potions_obtained":[{"floor":3,"key":"EssenceOfSteel"},{"floor":5,"key":"GamblersBrew"},{"floor":14,"key":"Dexterity Potion"},{"floor":18,"key":"Energy Potion"},{"floor":27,"key":"Energy Potion"},{"floor":29,"key":"SteroidPotion"},{"floor":35,"key":"Dexterity Potion"},{"floor":39,"key":"Explosive Potion"}],"is_trial":false,"path_per_floor":["M","$","M","$","M","R","E","R","T","R","M","?","M","M","R","B",null,"M","?","?","M","?","E","M","$","T","E","R","M","T","M","R","B",null,"M","$","M","?","M","R","E","E","T","R","R","$","M","?","R","B",null],"character_chosen":"IRONCLAD","items_purchased":["Metallicize","Armaments","HandDrill","Body Slam","Inflame","Strength Potion"],"campfire_rested":5,"item_purchase_floors":[25,36,36,46,46,46],"current_hp_per_floor":[80,80,80,80,78,78,57,57,57,57,53,46,42,35,59,34,80,79,79,79,80,80,49,54,54,54,36,60,58,58,54,78,29,80,46,46,49,49,53,77,45,35,35,59,59,59,60,60,60,38],"gold":240,"neow_bonus":"ONE_RANDOM_RARE_CARD","is_prod":false,"is_daily":false,"chose_seed":false,"campfire_upgraded":5,"win_rate":0,"timestamp":1552021506,"path_taken":["M","$","M","$","M","R","E","R","T","R","M","?","M","M","R","BOSS","M","?","?","M","?","E","M","$","T","E","R","M","?","M","R","BOSS","M","$","M","?","M","R","E","E","T","R","R","$","M","?","R","BOSS"],"build_version":"2019-02-06","purchased_purges":4,"victory":true,"max_hp_per_floor":[80,80,80,80,80,80,80,80,80,80,80,80,80,80,80,80,80,80,80,80,80,80,80,80,80,80,80,80,80,80,80,80,80,80,80,80,80,80,80,80,80,80,80,80,80,80,80,80,80,80],"card_choices":[{"not_picked":["True Grit","Clash"],"picked":"Armaments","floor":1},{"not_picked":["Perfected Strike","Iron Wave"],"picked":"Evolve","floor":3},{"not_picked":["Clothesline","Rupture"],"picked":"Clash","floor":5},{"not_picked":["Sentinel","Sword Boomerang"],"picked":"Body Slam","floor":7},{"not_picked":["Flex","Sever Soul"],"picked":"Twin Strike","floor":11},{"not_picked":["Feel No Pain","Havoc"],"picked":"Body Slam","floor":13},{"not_picked":["True Grit","Clothesline"],"picked":"Anger","floor":14},{"not_picked":["Brutality","Berserk"],"picked":"Juggernaut","floor":16},{"not_picked":["Perfected Strike","Headbutt"],"picked":"Spot Weakness","floor":18},{"not_picked":["Second Wind","Thunderclap+1","Hemokinesis"],"picked":"SKIP","floor":21},{"not_picked":["Exhume","Heavy Blade"],"picked":"Iron Wave","floor":23},{"not_picked":["Uppercut","Heavy Blade"],"picked":"Iron Wave","floor":24},{"not_picked":["Intimidate","Headbutt","Pommel Strike"],"picked":"SKIP","floor":27},{"not_picked":["Cleave","Pommel Strike+1"],"picked":"Metallicize","floor":29},{"not_picked":["Intimidate","Clothesline"],"picked":"Twin Strike","floor":31},{"not_picked":["Feel No Pain","Sword Boomerang+1"],"picked":"Shrug It Off+1","floor":35},{"not_picked":["Thunderclap+1","Twin Strike"],"picked":"Iron Wave","floor":37},{"not_picked":["Pummel+1","Heavy Blade"],"picked":"Iron Wave+1","floor":39},{"not_picked":["Cleave","Clash"],"picked":"Feed","floor":41},{"not_picked":["Body Slam","Feel No Pain+1"],"picked":"Iron Wave","floor":42},{"not_picked":["Heavy Blade+1","Flex+1","Demon Form"],"picked":"SKIP","floor":47}],"player_experience":251221,"relics_obtained":[{"floor":7,"key":"Centennial Puzzle"},{"floor":9,"key":"Blue Candle"},{"floor":23,"key":"WingedGreaves"},{"floor":26,"key":"MawBank"},{"floor":27,"key":"War Paint"},{"floor":30,"key":"Tiny Chest"},{"floor":41,"key":"PreservedInsect"},{"floor":42,"key":"Bottled Lightning"},{"floor":43,"key":"Meat on the Bone"}],"event_choices":[{"cards_removed":["Strike_R"],"damage_healed":0,"gold_gain":0,"player_choice":"Card Removal","damage_taken":7,"max_hp_gain":0,"max_hp_loss":0,"event_name":"Golden Wing","floor":12,"gold_loss":0},{"damage_healed":0,"gold_gain":0,"player_choice":"Opened","damage_taken":0,"relics_obtained":["Oddly Smooth Stone"],"max_hp_gain":0,"max_hp_loss":0,"event_name":"The Mausoleum","floor":19,"gold_loss":0},{"damage_healed":0,"gold_gain":0,"player_choice":"Read","damage_taken":0,"max_hp_gain":0,"max_hp_loss":0,"event_name":"The Library","floor":20,"gold_loss":0,"cards_obtained":["Metallicize"]},{"damage_healed":0,"gold_gain":0,"player_choice":"Obtained Relic","damage_taken":0,"relics_obtained":["Smiling Mask"],"max_hp_gain":0,"max_hp_loss":0,"event_name":"Addict","floor":22,"gold_loss":85},{"cards_removed":["Defend_R"],"damage_healed":0,"gold_gain":0,"player_choice":"Removed Skill","damage_taken":0,"max_hp_gain":0,"max_hp_loss":0,"event_name":"Falling","floor":38,"gold_loss":0},{"damage_healed":0,"gold_gain":0,"cards_transformed":["Strike_R"],"player_choice":"Transformed","damage_taken":0,"max_hp_gain":0,"max_hp_loss":0,"event_name":"Transmorgrifier","floor":48,"gold_loss":0,"cards_obtained":["Pommel Strike"]}],"is_beta":true,"boss_relics":[{"not_picked":["Pandora\u0027s Box","Runic Cube"],"picked":"Cursed Key"},{"not_picked":["Runic Dome","Lizard Tail"],"picked":"Black Blood"}],"items_purged_floors":[2,25,36,46],"is_endless":false,"potions_floor_spawned":[3,5,14,18,27,29,35,39,47],"ascension_level":0}