{"gold_per_floor":[117,217,231,246,265,265,299,314,314,328,344,344,25,42,42,142,142,160,176,275,285,295,295,311,311],"floor_reached":25,"playtime":1329,"items_purged":["Defend_R"],"score":211,"play_id":"8dcbdd31-a33f-43d7-92a7-1e58d0229019","local_time":"20190831103916","is_ascension_mode":false,"campfire_choices":[{"data":"Iron Wave","floor":6,"key":"SMITH"},{"floor":12,"key":"REST"},{"data":"Thinking Ahead","floor":15,"key":"SMITH"},{"data":"Limit Break","floor":23,"key":"SMITH"}],"neow_cost":"NONE","seed_source_timestamp":41074386674994,"circlet_count":0,"master_deck":["Strike_R","Strike_R","Strike_R","Strike_R","Strike_R","Defend_R","Defend_R","Defend_R","Bash+1","Iron Wave+1","Twin Strike","Headbutt","Pommel Strike+1","Rampage+1","Anger+1","Twin Strike+1","Thinking Ahead+1","Searing Blow+1","Limit Break+1","Berserk","Carnage+1","Anger+1","Anger+1","Pummel+1","Reckless Charge+1"],"relics":["Black Blood","Molten Egg 2","Oddly Smooth Stone"],"potions_floor_usage":[5,8,10,16,16,24],"damage_taken":[{"damage":11,"enemies":"Jaw Worm","floor":1,"turns":3},{"damage":1,"enemies":"Cultist","floor":3,"turns":3},{"damage":12,"enemies":"Small Slimes","floor":4,"turns":3},{"damage":14,"enemies":"Exordium Wildlife","floor":5,"turns":4},{"damage":47,"enemies":"3 Sentries","floor":7,"turns":7},{"damage":10,"enemies":"2 Fungi Beasts","floor":8,"turns":3},{"damage":6,"enemies":"Blue Slaver","floor":10,"turns":3},{"damage":5,"enemies":"Exordium Wildlife","floor":11,"turns":3},{"damage":6,"enemies":"Exordium Thugs","floor":14,"turns":3},{"damage":16,"enemies":"Slime Boss","floor":16,"turns":5},{"damage":17,"enemies":"3 Byrds","floor":18,"turns":4},{"damage":10,"enemies":"Chosen","floor":19,"turns":3},{"damage":4,"enemies":"Centurion and Healer","floor":21,"turns":5},{"damage":51,"enemies":"Snake Plant","floor":22,"turns":4},{"damage":23,"enemies":"3 Cultists","floor":24,"turns":5},{"damage":27,"enemies":"Slavers","floor":25,"turns":1}],"seed_played":"6673876077696933455","potions_obtained":[{"floor":4,"key":"Ancient Potion"},{"floor":7,"key":"Weak Potion"},{"floor":8,"key":"Strength Potion"},{"floor":11,"key":"PowerPotion"},{"floor":14,"key":"LiquidBronze"},{"floor":21,"key":"SpeedPotion"}],"is_trial":false,"path_per_floor":["M","?","M","M","M","R","E","M","T","M","M","R","$","M","R","B",null,"M","M","?","M","M","R","M","E"],"character_chosen":"IRONCLAD","items_purchased":["Thinking Ahead","Searing Blow+1"],"campfire_rested":1,"item_purchase_floors":[13,13],"current_hp_per_floor":[75,75,80,74,66,66,25,21,21,21,22,46,46,46,46,36,80,73,73,73,79,38,38,25,0],"gold":311,"neow_bonus":"UPGRADE_CARD","is_prod":false,"is_daily":false,"chose_seed":false,"campfire_upgraded":3,"win_rate":0.0,"timestamp":1567273156,"path_taken":["M","?","M","M","M","R","E","M","T","M","M","R","$","M","R","BOSS","M","M","?","M","M","R","M","E"],"build_version":"2019-07-17","purchased_purges":1,"victory":false,"max_hp_per_floor":[80,80,80,80,80,80,80,80,80,80,80,80,80,80,80,80,80,80,80,80,80,80,80,80,80],"card_choices":[{"not_picked":["True Grit","Seeing Red"],"picked":"Iron Wave","floor":1},{"not_picked":["Intimidate","Perfected Strike"],"picked":"Twin Strike","floor":3},{"not_picked":["Heavy Blade","Bloodletting"],"picked":"Headbutt","floor":4},{"not_picked":["Second Wind","Body Slam","Thunderclap"],"picked":"SKIP","floor":5},{"not_picked":["Dual Wield","Perfected Strike"],"picked":"Pommel Strike","floor":7},{"not_picked":["Pommel Strike+1","Burning Pact"],"picked":"Rampage+1","floor":8},{"not_picked":["Disarm","Perfected Strike+1"],"picked":"Anger+1","floor":10},{"not_picked":["Dual Wield","Feel No Pain"],"picked":"Twin Strike+1","floor":11},{"not_picked":["True Grit","Rupture"],"picked":"Limit Break","floor":14},{"not_picked":["Reaper+1","Dark Embrace"],"picked":"Berserk","floor":16},{"not_picked":["Blood for Blood+1","Thunderclap+1"],"picked":"Carnage+1","floor":18},{"not_picked":["Shrug It Off","Iron Wave+1"],"picked":"Anger+1","floor":19},{"not_picked":["Twin Strike+1","Armaments+1"],"picked":"Anger+1","floor":21},{"not_picked":["Hemokinesis+1","Whirlwind+1"],"picked":"Pummel+1","floor":22},{"not_picked":["Juggernaut","Body Slam+1"],"picked":"Reckless Charge+1","floor":24}],"player_experience":5850,"relics_obtained":[{"floor":7,"key":"Molten Egg 2"},{"floor":9,"key":"Oddly Smooth Stone"}],"event_choices":[{"damage_healed":0,"gold_gain":100,"player_choice":"Pray","damage_taken":0,"max_hp_gain":0,"max_hp_loss":0,"event_name":"Golden Shrine","floor":2,"gold_loss":0},{"damage_healed":0,"gold_gain":99,"player_choice":"Stole From Cult","damage_taken":0,"max_hp_gain":0,"max_hp_loss":0,"event_name":"Nest","floor":20,"gold_loss":0}],"is_beta":false,"boss_relics":[{"not_picked":["Orrery","Empty Cage"],"picked":"Black Blood"}],"items_purged_floors":[13],"is_endless":false,"potions_floor_spawned":[4,7,8,11,14,21],"killed_by":"Slavers","ascension_level":0}