{"gold_per_floor":[113,188,153,168,186,186,213,213,213,226,42,73,88,88,88,192,192,206,186,131,61,61,90,90,90,166,166,185,185,185,199,199,296,296,309,41,41,41,59,85,85,116,116,139,150,161,0,0,0,0],"floor_reached":50,"playtime":3884,"items_purged":["Shame"],"score":626,"play_id":"b60c02a9-231f-46a6-af0c-5373d181b3db","local_time":"20190906185417","is_ascension_mode":false,"campfire_choices":[{"data":"Noxious Fumes","floor":6.0,"key":"SMITH"},{"floor":15.0,"key":"REST"},{"floor":24.0,"key":"REST"},{"floor":27.0,"key":"REST"},{"floor":30.0,"key":"REST"},{"floor":32.0,"key":"REST"},{"floor":41.0,"key":"REST"},{"data":"Wraith Form v2","floor":49.0,"key":"SMITH"}],"neow_cost":"NONE","seed_source_timestamp":1846605442174500,"circlet_count":0,"master_deck":["Strike_G","Strike_G","Strike_G","Strike_G","Strike_G","Defend_G","Defend_G","Defend_G","Defend_G","Defend_G","Survivor","Neutralize","Deflect","Noxious Fumes+1","Noxious Fumes","Expertise","Noxious Fumes","Distraction+1","Escape Plan+1","Phantasmal Killer+1","Deadly Poison+1","Deadly Poison+1","Noxious Fumes","Acrobatics+1","Shame","Deflect+1","All Out Attack","Die Die Die","Deflect+1","Wraith Form v2+1","Calculated Gamble+1","Prepared+1","Deflect+1","Crippling Poison+1","Prepared+1","Crippling Poison+1","Noxious Fumes","Injury","Madness+1","Madness+1","Outmaneuver+1","Dash","Bane+1","Decay","Regret","Slice+1","Die Die Die"],"special_seed":0,"relics":["Ring of the Snake","Mercury Hourglass","Dodecahedron","Regal Pillow","Toxic Egg 2","Cursed Key","Tiny Chest","MutagenicStrength","Boot","Bag of Preparation","Paper Crane","Orrery","PreservedInsect","Letter Opener","Mummified Hand","Bottled Tornado","Shuriken","Centennial Puzzle","Red Mask"],"potions_floor_usage":[50],"damage_taken":[{"damage":0.0,"enemies":"Small Slimes","floor":1.0,"turns":5.0},{"damage":0.0,"enemies":"Jaw Worm","floor":4.0,"turns":5.0},{"damage":2.0,"enemies":"Cultist","floor":5.0,"turns":4.0},{"damage":48.0,"enemies":"Gremlin Nob","floor":7.0,"turns":6.0},{"damage":10.0,"enemies":"Large Slime","floor":10.0,"turns":5.0},{"damage":23.0,"enemies":"Lagavulin","floor":12.0,"turns":7.0},{"damage":12.0,"enemies":"Blue Slaver","floor":13.0,"turns":4.0},{"damage":12.0,"enemies":"Slime Boss","floor":16.0,"turns":8.0},{"damage":0.0,"enemies":"3 Byrds","floor":18.0,"turns":4.0},{"damage":8.0,"enemies":"2 Thieves","floor":19.0,"turns":4.0},{"damage":45.0,"enemies":"Slavers","floor":23.0,"turns":5.0},{"damage":15.0,"enemies":"Snake Plant","floor":28.0,"turns":4.0},{"damage":18.0,"enemies":"Sentry and Sphere","floor":31.0,"turns":5.0},{"damage":45.0,"enemies":"Collector","floor":33.0,"turns":7.0},{"damage":7.0,"enemies":"Orb Walker","floor":35.0,"turns":4.0},{"damage":9.0,"enemies":"3 Darklings","floor":39.0,"turns":3.0},{"damage":12.0,"enemies":"Reptomancer","floor":40.0,"turns":6.0},{"damage":8.0,"enemies":"Giant Head","floor":42.0,"turns":7.0},{"damage":14.0,"enemies":"Sphere and 2 Shapes","floor":45.0,"turns":4.0},{"damage":51.0,"enemies":"Spire Growth","floor":46.0,"turns":6.0},{"damage":71,"enemies":"Time Eater","floor":50,"turns":8}],"seed_played":"7491146294630821828","potions_obtained":[{"floor":4.0,"key":"EssenceOfSteel"},{"floor":5.0,"key":"Fire Potion"},{"floor":10.0,"key":"Energy Potion"},{"floor":12.0,"key":"Swift Potion"},{"floor":18.0,"key":"LiquidBronze"},{"floor":33.0,"key":"PowerPotion"},{"floor":45.0,"key":"Weak Potion"},{"floor":46.0,"key":"PowerPotion"}],"is_trial":false,"path_per_floor":["M","?","?","M","M","R","E","?","T","M","$","E","M","?","R","B",null,"M","M","?","$","?","E","R","T","T","R","M","?","R","M","R","B",null,"M","$","T","?","M","E","R","E","T","T","M","M","?","?","R","B"],"character_chosen":"THE_SILENT","items_purchased":["Noxious Fumes","Regal Pillow","Noxious Fumes","PreservedInsect","Noxious Fumes"],"campfire_rested":6,"item_purchase_floors":[11,11,21,36,36],"current_hp_per_floor":[77,66,77,77,75,75,27,52,52,42,42,19,7,7,45,33,77,77,69,69,69,69,24,62,62,62,77,62,62,77,59,77,32,77,70,70,70,60,51,39,77,69,69,69,55,4,4,67,67,0],"gold":0,"neow_bonus":"TEN_PERCENT_HP_BONUS","is_prod":false,"is_daily":false,"chose_seed":false,"campfire_upgraded":2,"win_rate":0,"timestamp":1567810457,"path_taken":["M","?","?","M","M","R","E","?","T","M","?","E","M","?","R","BOSS","M","M","?","$","?","E","R","?","T","R","M","?","R","M","R","BOSS","M","$","?","?","M","E","R","E","T","?","?","M","?","?","R","BOSS"],"build_version":"2019-07-17","purchased_purges":1,"victory":false,"max_hp_per_floor":[77,77,77,77,77,77,77,77,77,77,77,77,77,77,77,77,77,77,77,77,77,77,77,77,77,77,77,77,77,77,77,77,77,77,77,77,77,77,77,77,77,77,77,77,77,77,77,67,67,67],"card_choices":[{"not_picked":["Dagger Spray","Outmaneuver"],"picked":"Deflect","floor":1.0},{"not_picked":["Underhanded Strike","Prepared"],"picked":"Noxious Fumes","floor":4.0},{"not_picked":["Backflip","PiercingWail"],"picked":"Noxious Fumes","floor":5.0},{"not_picked":["Calculated Gamble","Sucker Punch"],"picked":"Expertise","floor":7.0},{"not_picked":["Blade Dance","Underhanded Strike","Backflip"],"picked":"SKIP","floor":10.0},{"not_picked":["Sucker Punch","Riddle With Holes"],"picked":"Distraction","floor":12.0},{"not_picked":["Flechettes","Sucker Punch"],"picked":"Escape Plan+1","floor":13.0},{"not_picked":["Tools of the Trade","Doppelganger+1"],"picked":"Phantasmal Killer+1","floor":16.0},{"not_picked":["Dagger Spray+1","Dodge and Roll+1"],"picked":"Deadly Poison+1","floor":18.0},{"not_picked":["Dagger Throw","Tactician+1"],"picked":"Deadly Poison+1","floor":19.0},{"not_picked":["Outmaneuver+1","Dagger Throw"],"picked":"Acrobatics+1","floor":23.0},{"not_picked":["Bouncing Flask+1","Sucker Punch"],"picked":"Deflect+1","floor":28.0},{"not_picked":["Quick Slash+1","Die Die Die"],"picked":"Deflect+1","floor":31.0},{"not_picked":["Malaise+1","Doppelganger+1"],"picked":"Wraith Form v2","floor":33.0},{"not_picked":["Poisoned Stab","Sucker Punch+1"],"picked":"Calculated Gamble+1","floor":34.0},{"not_picked":["Slice","Endless Agony+1"],"picked":"Prepared+1","floor":34.0},{"not_picked":["Dagger Spray","Slice"],"picked":"Deflect+1","floor":34.0},{"not_picked":["Outmaneuver+1","Prepared+1"],"picked":"Crippling Poison+1","floor":34.0},{"not_picked":["Dagger Throw","All Out Attack"],"picked":"Prepared+1","floor":34.0},{"not_picked":["Tactician+1","Adrenaline+1"],"picked":"Crippling Poison+1","floor":35.0},{"not_picked":["Dagger Spray","Masterful Stab"],"picked":"Outmaneuver+1","floor":39.0},{"not_picked":["Masterful Stab","Choke+1"],"picked":"Dash","floor":40.0},{"not_picked":["PiercingWail+1","Sucker Punch"],"picked":"Bane+1","floor":42.0},{"not_picked":["Bane+1","Outmaneuver+1"],"picked":"Slice+1","floor":45.0},{"not_picked":["Dagger Throw","Backflip+1"],"picked":"Die Die Die","floor":46.0}],"player_experience":31960,"relics_obtained":[{"floor":7.0,"key":"Mercury Hourglass"},{"floor":9.0,"key":"Dodecahedron"},{"floor":12.0,"key":"Toxic Egg 2"},{"floor":23.0,"key":"Boot"},{"floor":25.0,"key":"Bag of Preparation"},{"floor":26.0,"key":"Paper Crane"},{"floor":37.0,"key":"Letter Opener"},{"floor":40.0,"key":"Mummified Hand"},{"floor":42.0,"key":"Bottled Tornado"},{"floor":43.0,"key":"Shuriken"},{"floor":44.0,"key":"Centennial Puzzle"}],"event_choices":[{"damage_healed":0.0,"max_hp_gain":0.0,"max_hp_loss":0.0,"gold_gain":75.0,"event_name":"World of Goop","player_choice":"Gather Gold","floor":2.0,"gold_loss":0.0,"damage_taken":11.0},{"damage_healed":19.0,"max_hp_gain":0.0,"max_hp_loss":0.0,"gold_gain":0.0,"event_name":"The Cleric","player_choice":"Healed","floor":3.0,"gold_loss":35.0,"damage_taken":0.0},{"damage_healed":25.0,"max_hp_gain":0.0,"max_hp_loss":0.0,"gold_gain":0.0,"event_name":"Big Fish","player_choice":"Banana","floor":8.0,"gold_loss":0.0,"damage_taken":0.0},{"damage_healed":0.0,"max_hp_gain":0.0,"max_hp_loss":0.0,"gold_gain":0.0,"event_name":"NoteForYourself","player_choice":"Ignored","floor":14.0,"gold_loss":0.0,"damage_taken":0.0},{"damage_healed":0.0,"max_hp_gain":0.0,"max_hp_loss":0.0,"gold_gain":0.0,"event_name":"Addict","player_choice":"Obtained Relic","floor":20.0,"gold_loss":85.0,"damage_taken":0.0,"relics_obtained":["Tiny Chest"]},{"damage_healed":0.0,"max_hp_gain":0.0,"max_hp_loss":0.0,"gold_gain":0.0,"event_name":"Drug Dealer","player_choice":"Inject Mutagens","floor":22.0,"gold_loss":0.0,"damage_taken":0.0,"relics_obtained":["MutagenicStrength"]},{"damage_healed":0.0,"max_hp_gain":0.0,"max_hp_loss":0.0,"gold_gain":0.0,"event_name":"Match and Keep!","player_choice":"2 cards matched","floor":29.0,"gold_loss":0.0,"damage_taken":0.0,"cards_obtained":["All Out Attack","Die Die Die"]},{"damage_healed":0.0,"max_hp_gain":0.0,"max_hp_loss":0.0,"gold_gain":0.0,"event_name":"Winding Halls","player_choice":"Embrace Madness","floor":38.0,"gold_loss":0.0,"damage_taken":10.0,"cards_obtained":["Madness","Madness"]},{"damage_healed":0.0,"max_hp_gain":0.0,"max_hp_loss":0.0,"gold_gain":0.0,"event_name":"Tomb of Lord Red Mask","player_choice":"Paid","floor":47.0,"gold_loss":161.0,"damage_taken":0.0,"relics_obtained":["Red Mask"]},{"damage_healed":67.0,"max_hp_gain":0.0,"max_hp_loss":10.0,"gold_gain":0.0,"event_name":"The Moai Head","player_choice":"Heal","floor":48.0,"gold_loss":0.0,"damage_taken":0.0}],"is_beta":false,"boss_relics":[{"not_picked":["Tiny House","Eternal Feather"],"picked":"Cursed Key"},{"not_picked":["Snecko Eye","Sozu"],"picked":"Orrery"}],"items_purged_floors":[36],"is_endless":false,"potions_floor_spawned":[4,5,10,12,18,33,45,46],"killed_by":"Time Eater","ascension_level":0}