{"gold_per_floor":[119,132,9,9,19,47,60,60,60,60,70,97,108,140,140,238,238,255,180,180,193,193,220,220,220,220,240,10,10,29,42,42,147,147,163,176,194,194,194,228,198,227,252,135,135,135,135,164,164,164],"floor_reached":51,"playtime":3922,"items_purged":["Decay","Strike_G"],"score":985,"play_id":"014bf4d8-f91b-479c-bb0b-730945353fed","local_time":"20190914020459","is_ascension_mode":true,"campfire_choices":[{"data":"Poisoned Stab","floor":8,"key":"SMITH"},{"data":"Cloak And Dagger","floor":10,"key":"SMITH"},{"floor":15,"key":"REST"},{"floor":25,"key":"REST"},{"data":"Venomology","floor":32,"key":"SMITH"},{"floor":45,"key":"REST"},{"data":"Cloak And Dagger","floor":47,"key":"SMITH"},{"data":"Glass Knife","floor":49,"key":"SMITH"}],"neow_cost":"NONE","seed_source_timestamp":415056364352300,"circlet_count":0,"master_deck":["Strike_G","Strike_G","Defend_G","Defend_G","Defend_G","Defend_G","Defend_G","Survivor","Neutralize","Riddle With Holes","Footwork","Poisoned Stab+1","PiercingWail","Cloak And Dagger+1","Bane","Glass Knife+1","Poisoned Stab","Poisoned Stab","Venomology+1","Prepared","Riddle With Holes","RitualDagger","Catalyst+1","Leg Sweep","Riddle With Holes+1","Deflect+1","Adrenaline","Blur","Dodge and Roll","Backflip+1","Dark Shackles","Cloak And Dagger+1","Cloak And Dagger+1","Poisoned Stab","Terror+1"],"relics":["Ring of the Snake","Gremlin Horn","Kunai","Vajra","White Beast Statue","HoveringKite","MutagenicStrength","Peace Pipe","Question Card","Bag of Marbles","Black Star","The Courier","Potion Belt","Sundial","Turnip","Juzu Bracelet","Pen Nib","Mummified Hand"],"potions_floor_usage":[6,6,11,16,18,21,23,23,23,27,31,33,33,34,37,37,40,40,40,42,42,42,42,48,48,48,50,50,50,50,50,50,50,50,50,50],"damage_taken":[{"damage":0,"enemies":"2 Louse","floor":1,"turns":2},{"damage":5,"enemies":"Jaw Worm","floor":2,"turns":4},{"damage":0,"enemies":"Cultist","floor":5,"turns":4},{"damage":11,"enemies":"3 Sentries","floor":6,"turns":8},{"damage":8,"enemies":"Looter","floor":7,"turns":3},{"damage":7,"enemies":"Large Slime","floor":11,"turns":7},{"damage":6,"enemies":"Lagavulin","floor":12,"turns":7},{"damage":0,"enemies":"2 Fungi Beasts","floor":13,"turns":3},{"damage":12,"enemies":"Gremlin Nob","floor":14,"turns":3},{"damage":33,"enemies":"Hexaghost","floor":16,"turns":9},{"damage":9,"enemies":"Shell Parasite","floor":18,"turns":3},{"damage":12,"enemies":"Chosen","floor":21,"turns":4},{"damage":28,"enemies":"Gremlin Leader","floor":23,"turns":7},{"damage":13,"enemies":"Snake Plant","floor":27,"turns":2},{"damage":10,"enemies":"Sentry and Sphere","floor":30,"turns":5},{"damage":0,"enemies":"Shelled Parasite and Fungi","floor":31,"turns":1},{"damage":59,"enemies":"Automaton","floor":33,"turns":9},{"damage":0,"enemies":"Orb Walker","floor":35,"turns":1},{"damage":0,"enemies":"3 Shapes","floor":36,"turns":1},{"damage":3,"enemies":"Sphere and 2 Shapes","floor":37,"turns":4},{"damage":2,"enemies":"Nemesis","floor":40,"turns":7},{"damage":14,"enemies":"Reptomancer","floor":42,"turns":4},{"damage":0,"enemies":"Nemesis","floor":48,"turns":1},{"damage":53,"enemies":"Time Eater","floor":50,"turns":8}],"seed_played":"-8729276123407664310","potions_obtained":[{"floor":1,"key":"EssenceOfSteel"},{"floor":2,"key":"PowerPotion"},{"floor":7,"key":"SpeedPotion"},{"floor":12,"key":"SkillPotion"},{"floor":14,"key":"Ancient Potion"},{"floor":16,"key":"FearPotion"},{"floor":18,"key":"EssenceOfSteel"},{"floor":21,"key":"GamblersBrew"},{"floor":23,"key":"DuplicationPotion"},{"floor":27,"key":"Energy Potion"},{"floor":30,"key":"SpeedPotion"},{"floor":31,"key":"SpeedPotion"},{"floor":33,"key":"Fruit Juice"},{"floor":35,"key":"Fire Potion"},{"floor":36,"key":"AttackPotion"},{"floor":37,"key":"GhostInAJar"},{"floor":40,"key":"GamblersBrew"},{"floor":41,"key":"EntropicBrew"},{"floor":41,"key":"Energy Potion"},{"floor":42,"key":"SteroidPotion"},{"floor":48,"key":"Swift Potion"}],"is_trial":false,"path_per_floor":["M","M","$","?","M","E","M","R","T","R","M","E","M","E","R","B",null,"M","?","?","M","?","E","?","R","T","M","$","?","M","M","R","B",null,"M","M","M","?","?","E","?","E","T","$","R","?","R","E","R","B",null],"character_chosen":"THE_SILENT","items_purchased":["Footwork","Poisoned Stab","Bag of Marbles","Poisoned Stab"],"campfire_rested":3,"item_purchase_floors":[3,3,28,44],"current_hp_per_floor":[77,72,72,65,65,54,46,46,46,46,39,33,33,21,44,11,61,52,52,52,40,34,6,6,29,29,16,16,77,67,67,67,8,65,65,65,62,62,62,60,60,46,46,46,70,70,70,70,70,27],"gold":164,"neow_bonus":"TEN_PERCENT_HP_BONUS","is_prod":false,"is_daily":false,"chose_seed":false,"campfire_upgraded":5,"win_rate":0,"timestamp":1568451899,"path_taken":["M","M","$","?","M","E","M","R","T","R","M","E","M","E","R","BOSS","M","?","?","?","?","E","?","R","T","M","$","?","M","M","R","BOSS","M","M","?","?","?","E","?","E","T","$","R","?","R","E","R","BOSS"],"build_version":"2019-09-12","purchased_purges":2,"victory":true,"max_hp_per_floor":[77,77,77,77,77,77,77,77,77,77,77,77,77,77,77,77,77,77,77,77,77,77,77,77,77,77,77,77,77,77,77,77,77,82,82,82,82,82,82,82,82,82,82,82,82,82,82,82,82,82],"card_choices":[{"not_picked":["Dagger Spray","Sucker Punch"],"picked":"Riddle With Holes","floor":1},{"not_picked":["Quick Slash","Blade Dance"],"picked":"Calculated Gamble","floor":2},{"not_picked":["Outmaneuver","Accuracy"],"picked":"PiercingWail","floor":5},{"not_picked":["Prepared","Die Die Die"],"picked":"Cloak And Dagger","floor":6},{"not_picked":["Quick Slash","Acrobatics","Underhanded Strike"],"picked":"SKIP","floor":7},{"not_picked":["Bullet Time","Underhanded Strike"],"picked":"Bane","floor":11},{"not_picked":["Prepared","Dagger Spray"],"picked":"Glass Knife","floor":12},{"not_picked":["Prepared","Skewer"],"picked":"Poisoned Stab","floor":13},{"not_picked":["Dagger Spray","Deflect"],"picked":"Poisoned Stab","floor":14},{"not_picked":["Grand Finale","Die Die Die"],"picked":"Venomology","floor":16},{"not_picked":["Accuracy","Dagger Throw"],"picked":"Prepared","floor":18},{"not_picked":["Outmaneuver","Skewer"],"picked":"Riddle With Holes","floor":21},{"not_picked":["Skewer+1","Dagger Spray"],"picked":"Catalyst+1","floor":23},{"not_picked":["Bane","PiercingWail","Dagger Spray+1"],"picked":"Leg Sweep","floor":27},{"not_picked":["Prepared+1","Acrobatics","PiercingWail+1"],"picked":"Riddle With Holes+1","floor":30},{"not_picked":["Acrobatics","Sucker Punch","Crippling Poison"],"picked":"Deflect+1","floor":31},{"not_picked":["Die Die Die","Grand Finale","Corpse Explosion"],"picked":"Adrenaline","floor":33},{"not_picked":["Caltrops","Dash+1","Acrobatics+1"],"picked":"Blur","floor":35},{"not_picked":["Dash+1","Masterful Stab+1","Dagger Spray+1"],"picked":"Dodge and Roll","floor":36},{"not_picked":["Leg Sweep+1","Sucker Punch","Dagger Throw"],"picked":"Backflip+1","floor":37},{"not_picked":["Madness","Secret Weapon","Transmutation"],"picked":"Dark Shackles","floor":38},{"not_picked":["Sucker Punch","Deflect+1","Catalyst"],"picked":"Cloak And Dagger+1","floor":40},{"not_picked":["Bane+1","Eviscerate+1","Corpse Explosion"],"picked":"Cloak And Dagger","floor":42},{"not_picked":["Choke+1","Distraction","Heel Hook+1"],"picked":"Terror+1","floor":48}],"player_experience":350663,"relics_obtained":[{"floor":6,"key":"Gremlin Horn"},{"floor":9,"key":"Kunai"},{"floor":12,"key":"Vajra"},{"floor":14,"key":"White Beast Statue"},{"floor":23,"key":"Peace Pipe"},{"floor":26,"key":"Question Card"},{"floor":40,"key":"The Courier"},{"floor":40,"key":"Potion Belt"},{"floor":42,"key":"Sundial"},{"floor":42,"key":"Turnip"},{"floor":43,"key":"Juzu Bracelet"},{"floor":48,"key":"Pen Nib"},{"floor":48,"key":"Mummified Hand"}],"event_choices":[{"cards_removed":["Strike_G"],"damage_healed":0,"gold_gain":0,"player_choice":"Card Removal","damage_taken":7,"max_hp_gain":0,"max_hp_loss":0,"event_name":"Golden Wing","floor":4,"gold_loss":0},{"cards_removed":["Strike_G"],"damage_healed":0,"gold_gain":0,"player_choice":"Gave Gold","damage_taken":0,"max_hp_gain":0,"max_hp_loss":0,"event_name":"Beggar","floor":19,"gold_loss":75},{"damage_healed":0,"gold_gain":0,"player_choice":"Inject Mutagens","damage_taken":0,"relics_obtained":["MutagenicStrength"],"max_hp_gain":0,"max_hp_loss":0,"event_name":"Drug Dealer","floor":20,"gold_loss":0},{"damage_healed":0,"gold_gain":0,"player_choice":"Joined the Cult","damage_taken":6,"max_hp_gain":0,"max_hp_loss":0,"event_name":"Nest","floor":22,"gold_loss":0,"cards_obtained":["RitualDagger"]},{"damage_healed":0,"gold_gain":0,"player_choice":"Smashed Altar","damage_taken":0,"max_hp_gain":0,"max_hp_loss":0,"event_name":"Forgotten Altar","floor":24,"gold_loss":0,"cards_obtained":["Decay"]},{"cards_removed":["Calculated Gamble"],"damage_healed":61,"gold_gain":0,"player_choice":"Offered Uncommon","damage_taken":0,"max_hp_gain":0,"max_hp_loss":0,"event_name":"Bonfire Elementals","floor":29,"gold_loss":0},{"damage_healed":0,"gold_gain":0,"player_choice":"Memory 1","damage_taken":0,"max_hp_gain":0,"max_hp_loss":0,"event_name":"SensoryStone","floor":38,"gold_loss":0},{"damage_healed":0,"gold_gain":0,"player_choice":"Ignored","damage_taken":0,"max_hp_gain":0,"max_hp_loss":0,"event_name":"Tomb of Lord Red Mask","floor":39,"gold_loss":0},{"damage_healed":0,"gold_gain":0,"player_choice":"Bought 2 Potions","damage_taken":0,"max_hp_gain":0,"max_hp_loss":0,"event_name":"The Woman in Blue","floor":41,"gold_loss":0},{"damage_healed":0,"gold_gain":0,"player_choice":"Ignored","damage_taken":0,"max_hp_gain":0,"max_hp_loss":0,"event_name":"SecretPortal","floor":46,"gold_loss":0}],"is_beta":true,"boss_relics":[{"not_picked":["Philosopher\u0027s Stone","Velvet Choker"],"picked":"HoveringKite"},{"not_picked":["Cursed Key","Sozu"],"picked":"Black Star"}],"items_purged_floors":[28,44],"is_endless":false,"potions_floor_spawned":[1,2,7,12,14,16,18,21,23,27,30,31,33,35,36,37,40,42,48],"ascension_level":5}