{"gold_per_floor":[111,111,111,111,121,121,156,106,106,135,135,135,158,182,182,307,307,330,349,389,389,414,414,414,449,472,472,472],"floor_reached":28,"playtime":849,"items_purged":[],"score":298,"play_id":"57ea4805-f94a-45cc-aae3-19bcaa523ce5","local_time":"20190913162233","is_ascension_mode":true,"campfire_choices":[{"floor":6.0,"key":"RECALL"},{"floor":12.0,"key":"REST"},{"data":"Flex","floor":15.0,"key":"SMITH"},{"floor":23.0,"key":"REST"}],"neow_cost":"NONE","seed_source_timestamp":27285690574079,"circlet_count":0,"master_deck":["Strike_R","Strike_R+1","Strike_R","Strike_R","Strike_R","Defend_R+1","Defend_R","Defend_R","Defend_R","Bash","Perfected Strike","Flex+1","Spot Weakness","Burning Pact","Injury","Shrug It Off","Flame Barrier","Bludgeon","Armaments","Twin Strike","Heavy Blade","Wild Strike+1","Perfected Strike+1"],"special_seed":0,"relics":["Burning Blood","NeowsBlessing","Gremlin Horn","Smiling Mask","Nunchaku","Charon\u0027s Ashes","StoneCalendar","Bloody Idol","Velvet Choker","Red Mask","Du-Vu Doll","MutagenicStrength"],"potions_floor_usage":[],"damage_taken":[{"damage":0.0,"enemies":"Jaw Worm","floor":1.0,"turns":1.0},{"damage":0.0,"enemies":"2 Louse","floor":5.0,"turns":1.0},{"damage":0.0,"enemies":"3 Sentries","floor":7.0,"turns":1.0},{"damage":36.0,"enemies":"Lagavulin","floor":10.0,"turns":5.0},{"damage":0.0,"enemies":"Small Slimes","floor":13.0,"turns":2.0},{"damage":17.0,"enemies":"Exordium Thugs","floor":14.0,"turns":4.0},{"damage":44.0,"enemies":"Hexaghost","floor":16.0,"turns":9.0},{"damage":13.0,"enemies":"Spheric Guardian","floor":18.0,"turns":4.0},{"damage":18.0,"enemies":"2 Thieves","floor":19.0,"turns":3.0},{"damage":40.0,"enemies":"Masked Bandits","floor":20.0,"turns":4.0},{"damage":0.0,"enemies":"Snake Plant","floor":21.0,"turns":1.0},{"damage":4.0,"enemies":"Cultist and Chosen","floor":22.0,"turns":4.0},{"damage":58.0,"enemies":"Gremlin Leader","floor":25.0,"turns":6.0},{"damage":21,"enemies":"Book of Stabbing","floor":28,"turns":3}],"seed_played":"6740446667167725367","potions_obtained":[{"floor":5.0,"key":"LiquidBronze"},{"floor":13.0,"key":"SmokeBomb"},{"floor":19.0,"key":"Swift Potion"},{"floor":20.0,"key":"AttackPotion"}],"is_trial":false,"path_per_floor":["M","?","?","?","M","R","E","?","T","E","?","R","M","M","R","B",null,"M","M","?","M","M","R","?","E","T","?","E"],"character_chosen":"IRONCLAD","items_purchased":[],"campfire_rested":2,"item_purchase_floors":[],"current_hp_per_floor":[80,80,73,57,63,63,69,69,69,39,39,63,69,58,58,20,80,73,61,27,33,35,59,59,12,17,17,0],"gold":472,"neow_bonus":"THREE_ENEMY_KILL","is_prod":false,"is_daily":false,"chose_seed":false,"campfire_upgraded":1,"win_rate":0,"timestamp":1568416953,"path_taken":["M","?","?","?","M","R","E","?","T","E","?","R","?","M","R","BOSS","M","M","?","M","M","R","?","E","T","?","E"],"build_version":"2019-09-12","purchased_purges":0,"victory":false,"max_hp_per_floor":[80,80,80,80,80,80,80,80,80,80,80,80,80,80,80,80,80,80,80,80,80,80,80,80,80,80,80,80],"card_choices":[{"not_picked":["Havoc","Clash"],"picked":"Perfected Strike","floor":1.0},{"not_picked":["Thunderclap","Battle Trance"],"picked":"Flex","floor":5.0},{"not_picked":["Clash","Entrench"],"picked":"Spot Weakness","floor":7.0},{"not_picked":["Clothesline","Twin Strike"],"picked":"Burning Pact","floor":10.0},{"not_picked":["Clash","Havoc"],"picked":"Shrug It Off","floor":13.0},{"not_picked":["Sword Boomerang","Iron Wave"],"picked":"Flame Barrier","floor":14.0},{"not_picked":["Juggernaut","Berserk"],"picked":"Bludgeon","floor":16.0},{"not_picked":["Anger","Sword Boomerang"],"picked":"Armaments","floor":18.0},{"not_picked":["Hemokinesis","Havoc+1"],"picked":"Twin Strike","floor":19.0},{"not_picked":["Anger","Ghostly Armor"],"picked":"Heavy Blade","floor":20.0},{"not_picked":["Shrug It Off","Searing Blow"],"picked":"Wild Strike+1","floor":22.0},{"not_picked":["Twin Strike","Fire Breathing+1"],"picked":"Perfected Strike+1","floor":25.0}],"player_experience":114413,"relics_obtained":[{"floor":7.0,"key":"Nunchaku"},{"floor":9.0,"key":"Charon\u0027s Ashes"},{"floor":10.0,"key":"StoneCalendar"},{"floor":20.0,"key":"Red Mask"},{"floor":25.0,"key":"Du-Vu Doll"}],"event_choices":[{"damage_healed":0.0,"max_hp_gain":0.0,"max_hp_loss":0.0,"gold_gain":0.0,"event_name":"Big Fish","player_choice":"Box","floor":2.0,"gold_loss":0.0,"damage_taken":0.0,"relics_obtained":["Gremlin Horn"],"cards_obtained":["Regret"]},{"damage_healed":0.0,"max_hp_gain":0.0,"max_hp_loss":0.0,"gold_gain":0.0,"event_name":"Scrap Ooze","player_choice":"Success","floor":3.0,"gold_loss":0.0,"damage_taken":7.0,"relics_obtained":["Smiling Mask"]},{"damage_healed":0.0,"max_hp_gain":0.0,"max_hp_loss":0.0,"gold_gain":0.0,"event_name":"Shining Light","player_choice":"Entered Light","floor":4.0,"gold_loss":0.0,"damage_taken":16.0,"cards_upgraded":["Defend_R","Strike_R"]},{"cards_removed":["Regret"],"damage_healed":0.0,"max_hp_gain":0.0,"max_hp_loss":0.0,"gold_gain":0.0,"event_name":"The Cleric","player_choice":"Card Removal","floor":8.0,"gold_loss":50.0,"damage_taken":0.0},{"damage_healed":0.0,"max_hp_gain":0.0,"max_hp_loss":0.0,"gold_gain":0.0,"event_name":"Golden Idol","player_choice":"Take Wound","floor":11.0,"gold_loss":0.0,"damage_taken":0.0,"relics_obtained":["Golden Idol"],"cards_obtained":["Injury"]},{"damage_healed":0.0,"max_hp_gain":0.0,"max_hp_loss":0.0,"gold_gain":0.0,"event_name":"Masked Bandits","player_choice":"Fought Bandits","floor":20.0,"gold_loss":0.0,"damage_taken":0.0},{"damage_healed":0.0,"max_hp_gain":0.0,"max_hp_loss":0.0,"gold_gain":0.0,"event_name":"Forgotten Altar","player_choice":"Gave Idol","floor":24.0,"relics_lost":["Golden Idol"],"gold_loss":0.0,"damage_taken":0.0,"relics_obtained":["Bloody Idol"]},{"damage_healed":0.0,"max_hp_gain":0.0,"max_hp_loss":0.0,"gold_gain":0.0,"event_name":"Drug Dealer","player_choice":"Inject Mutagens","floor":27.0,"gold_loss":0.0,"damage_taken":0.0,"relics_obtained":["MutagenicStrength"]}],"is_beta":true,"boss_relics":[{"not_picked":["Runic Dome","Runic Cube"],"picked":"Velvet Choker"}],"items_purged_floors":[],"is_endless":false,"potions_floor_spawned":[5,13,19,20],"killed_by":"Book of Stabbing","ascension_level":2}