{"gold_per_floor":[209,228,50,66,66,66,166,201,201,221,241,253,39,39,39,136,136,148,168,11,11],"floor_reached":21,"playtime":1435,"items_purged":["Defend_R","Defend_R"],"score":190,"play_id":"af07ef4a-bb06-48bf-b77c-8f69591bbe53","local_time":"20190910165926","is_ascension_mode":true,"campfire_choices":[{"floor":6,"key":"RECALL"},{"floor":15,"key":"REST"}],"neow_cost":"NONE","seed_source_timestamp":0,"circlet_count":0,"master_deck":["Strike_R","Strike_R","Strike_R","Strike_R","Strike_R","Defend_R","Defend_R","Bash","Shrug It Off","Body Slam","Hemokinesis","Inflame","Battle Trance","Hemokinesis","Blood for Blood","Bloodletting","Metallicize","Rupture","Offering","Shrug It Off","Rage","Feed"],"special_seed":0,"relics":["Black Blood","Unceasing Top","Ornamental Fan","Regal Pillow"],"potions_floor_usage":[16,19],"damage_taken":[{"damage":3.0,"enemies":"Jaw Worm","floor":1.0,"turns":4.0},{"damage":0,"enemies":"Cultist","floor":2,"turns":3},{"damage":0,"enemies":"Small Slimes","floor":4,"turns":3},{"damage":51,"enemies":"3 Sentries","floor":8,"turns":12},{"damage":6,"enemies":"3 Louse","floor":10,"turns":3},{"damage":11,"enemies":"Lots of Slimes","floor":11,"turns":5},{"damage":10,"enemies":"Looter","floor":12,"turns":3},{"damage":43,"enemies":"Slime Boss","floor":16,"turns":6},{"damage":38,"enemies":"2 Thieves","floor":18,"turns":4},{"damage":58,"enemies":"3 Byrds","floor":19,"turns":7},{"damage":24,"enemies":"Snake Plant","floor":21,"turns":2}],"seed_played":"3177674739909913728","potions_obtained":[{"floor":2,"key":"Poison Potion"},{"floor":8,"key":"Explosive Potion"},{"floor":11,"key":"DuplicationPotion"},{"floor":12,"key":"Swift Potion"},{"floor":18,"key":"SteroidPotion"},{"floor":19,"key":"SpeedPotion"}],"is_trial":false,"path_per_floor":["M","M","$","M","$","R","?","E","T","M","M","M","$","T","R","B",null,"M","M","$","M"],"character_chosen":"IRONCLAD","items_purchased":["Hemokinesis","Inflame","Rupture","Regen Potion","Feed"],"campfire_rested":1,"item_purchase_floors":[3,3,13,13,20],"current_hp_per_floor":[80,80,80,80,80,80,80,35,35,35,30,26,26,26,65,28,80,54,22,22,0],"gold":11,"neow_bonus":"HUNDRED_GOLD","is_prod":false,"is_daily":false,"chose_seed":false,"campfire_upgraded":0,"win_rate":0.0,"timestamp":1568149166,"path_taken":["M","M","$","M","$","R","?","E","T","M","M","M","$","?","R","BOSS","M","M","$","M"],"build_version":"2019-09-09v2","purchased_purges":2,"victory":false,"max_hp_per_floor":[80,80,80,80,80,80,80,80,80,80,80,80,80,80,80,80,80,80,80,80,80],"card_choices":[{"not_picked":["Sword Boomerang","Armaments"],"picked":"Shrug It Off","floor":1.0},{"not_picked":["Sword Boomerang","Clash"],"picked":"Body Slam","floor":2},{"not_picked":["Clash","True Grit"],"picked":"Battle Trance","floor":4},{"not_picked":["Pommel Strike","Warcry"],"picked":"Hemokinesis","floor":8},{"not_picked":["Bloodletting","Sword Boomerang"],"picked":"Blood for Blood","floor":10},{"not_picked":["Thunderclap","Perfected Strike"],"picked":"Bloodletting","floor":11},{"not_picked":["Pommel Strike","Second Wind"],"picked":"Metallicize","floor":12},{"not_picked":["Brutality","Feed"],"picked":"Offering","floor":16},{"not_picked":["Iron Wave","Twin Strike+1"],"picked":"Shrug It Off","floor":18},{"not_picked":["Uppercut","Anger"],"picked":"Rage","floor":19}],"player_experience":0,"relics_obtained":[{"floor":8,"key":"Unceasing Top"},{"floor":9,"key":"Ornamental Fan"},{"floor":14,"key":"Regal Pillow"}],"event_choices":[{"damage_healed":0,"gold_gain":100,"player_choice":"Pray","damage_taken":0,"max_hp_gain":0,"max_hp_loss":0,"event_name":"Golden Shrine","floor":7,"gold_loss":0}],"is_beta":true,"boss_relics":[{"not_picked":["Calling Bell","Astrolabe"],"picked":"Black Blood"}],"items_purged_floors":[3,13],"is_endless":false,"potions_floor_spawned":[2,8,11,12,18,19],"killed_by":"Snake Plant","ascension_level":1}