{"gold_per_floor":[114,125,125,50,74,74,88,163,163,163,179,199,199,223,223,223],"floor_reached":16,"playtime":1349,"items_purged":["Injury"],"score":94,"play_id":"9a781232-c2c8-4672-b2f3-7eab0f934b5e","local_time":"20190815174545","is_ascension_mode":false,"campfire_choices":[{"floor":6,"key":"REST"},{"data":"Catalyst","floor":10,"key":"SMITH"},{"floor":15,"key":"REST"}],"neow_cost":"PERCENT_DAMAGE","seed_source_timestamp":1379969418232242,"circlet_count":0,"master_deck":["Strike_G","Strike_G","Strike_G","Strike_G","Defend_G","Defend_G","Defend_G","Defend_G","Survivor","Neutralize","Dodge and Roll","PiercingWail","Escape Plan","Catalyst+1","Tactician","Poisoned Stab","Parasite","Backflip"],"relics":["Ring of the Snake","Golden Idol","Paper Crane"],"potions_floor_usage":[16],"damage_taken":[{"damage":0,"enemies":"Cultist","floor":1,"turns":5},{"damage":0,"enemies":"Small Slimes","floor":2,"turns":4},{"damage":7,"enemies":"Jaw Worm","floor":5,"turns":8},{"damage":2,"enemies":"3 Louse","floor":7,"turns":6},{"damage":2,"enemies":"2 Fungi Beasts","floor":11,"turns":6},{"damage":11,"enemies":"Gremlin Gang","floor":12,"turns":8},{"damage":11,"enemies":"Lots of Slimes","floor":14,"turns":8},{"damage":67,"enemies":"Slime Boss","floor":16,"turns":13}],"seed_played":"-1662148693290866578","potions_obtained":[{"floor":5,"key":"FearPotion"},{"floor":7,"key":"SteroidPotion"},{"floor":14,"key":"Dexterity Potion"}],"is_trial":false,"path_per_floor":["M","M","?","$","M","R","M","?","T","R","M","M","?","M","R","B"],"character_chosen":"THE_SILENT","items_purchased":[],"campfire_rested":2,"item_purchase_floors":[],"current_hp_per_floor":[49,49,49,49,42,63,61,50,50,50,48,37,54,43,64,0],"gold":223,"neow_bonus":"REMOVE_TWO","is_prod":false,"is_daily":false,"chose_seed":false,"campfire_upgraded":1,"win_rate":0.0,"timestamp":1565909145,"path_taken":["M","?","?","$","M","R","M","?","T","R","M","M","?","M","R","BOSS"],"build_version":"2019-07-17","purchased_purges":1,"victory":false,"max_hp_per_floor":[70,70,70,70,70,70,70,70,70,70,70,70,70,70,70,70],"card_choices":[{"not_picked":["Backstab","Distraction"],"picked":"Dodge and Roll","floor":1},{"not_picked":["Deadly Poison","Blur"],"picked":"PiercingWail","floor":2},{"not_picked":["After Image","Flying Knee"],"picked":"Escape Plan","floor":5},{"not_picked":["Deadly Poison","Caltrops"],"picked":"Catalyst","floor":7},{"not_picked":["Prepared","Quick Slash"],"picked":"Tactician","floor":11},{"not_picked":["Cloak And Dagger","Deadly Poison"],"picked":"Poisoned Stab","floor":12},{"not_picked":["Well Laid Plans","PiercingWail"],"picked":"Backflip","floor":14}],"player_experience":170716,"relics_obtained":[{"floor":9,"key":"Paper Crane"}],"event_choices":[{"damage_healed":0,"gold_gain":0,"player_choice":"Take Wound","damage_taken":0,"relics_obtained":["Golden Idol"],"max_hp_gain":0,"max_hp_loss":0,"event_name":"Golden Idol","floor":3,"gold_loss":0,"cards_obtained":["Injury"]},{"damage_healed":0,"gold_gain":75,"player_choice":"Gather Gold","damage_taken":11,"max_hp_gain":0,"max_hp_loss":0,"event_name":"World of Goop","floor":8,"gold_loss":0},{"damage_healed":17,"gold_gain":0,"player_choice":"Healed and dodged fight","damage_taken":0,"max_hp_gain":0,"max_hp_loss":0,"event_name":"Mushrooms","floor":13,"gold_loss":0,"cards_obtained":["Parasite"]}],"is_beta":false,"boss_relics":[],"items_purged_floors":[4],"is_endless":false,"potions_floor_spawned":[5,7,14],"killed_by":"Slime Boss","ascension_level":0}