{"gold_per_floor":[116,216,138,156,156,171,188,214,214,214,242,242,242,257,257,355,355,366,341,341,341,341,341,352,352,352,381,20,33,47,61,61,156,156,172,172,394,394,412,412,422,422,445,464,478,497,497,497,497,497,497,497,9,44,44],"floor_reached":55,"playtime":3773,"items_purged":[],"score":729,"play_id":"36d52078-7e95-4709-bb85-6b3a039ede1d","local_time":"20190911175455","is_ascension_mode":false,"campfire_choices":[{"floor":10.0,"key":"REST"},{"floor":13.0,"key":"REST"},{"floor":15.0,"key":"RECALL"},{"data":"Shockwave","floor":23.0,"key":"SMITH"},{"floor":32.0,"key":"REST"},{"data":"Double Tap","floor":40.0,"key":"SMITH"},{"data":"Rage","floor":42.0,"key":"SMITH"},{"floor":49.0,"key":"REST"},{"data":"Intimidate","floor":52,"key":"SMITH"}],"neow_cost":"NONE","seed_source_timestamp":2277322560974400,"circlet_count":0,"master_deck":["Strike_R","Strike_R","Strike_R","Strike_R+1","Strike_R","Defend_R","Defend_R","Defend_R","Defend_R","Bash","Double Tap+1","Intimidate","Combust","Pummel","Pummel","Battle Trance+1","Rage+1","Sentinel","Inflame","Limit Break+1","Inflame","Shockwave+1","J.A.X.","Inflame+1","RitualDagger","Intimidate+1","Inflame","Shrug It Off+1","Anger","Combust+1","Impervious+1","Rampage","Madness+1","Madness+1","Anger","Entrench+1","Shrug It Off+1","Inflame","Shrug It Off+1","Trip+1","Armaments+1","Apotheosis+1","Exhume+1"],"special_seed":0,"relics":["Burning Blood","Ornamental Fan","Mango","Eternal Feather","Enchiridion","Ginger","Red Mask","Toxic Egg 2","Runic Pyramid","Orichalcum","Molten Egg 2","Happy Flower","Torii"],"potions_floor_usage":[50,54],"damage_taken":[{"damage":7.0,"enemies":"2 Louse","floor":1.0,"turns":4.0},{"damage":6.0,"enemies":"Cultist","floor":4.0,"turns":3.0},{"damage":8.0,"enemies":"Small Slimes","floor":6.0,"turns":4.0},{"damage":14.0,"enemies":"3 Louse","floor":7.0,"turns":4.0},{"damage":60.0,"enemies":"Lagavulin","floor":8.0,"turns":9.0},{"damage":20.0,"enemies":"Gremlin Nob","floor":11.0,"turns":4.0},{"damage":1.0,"enemies":"Large Slime","floor":14.0,"turns":4.0},{"damage":58.0,"enemies":"The Guardian","floor":16.0,"turns":16.0},{"damage":7.0,"enemies":"Chosen","floor":18.0,"turns":4.0},{"damage":39.0,"enemies":"2 Thieves","floor":19.0,"turns":5.0},{"damage":24.0,"enemies":"Snecko","floor":24.0,"turns":5.0},{"damage":19.0,"enemies":"Masked Bandits","floor":27.0,"turns":3.0},{"damage":14.0,"enemies":"Snake Plant","floor":29.0,"turns":3.0},{"damage":43.0,"enemies":"3 Cultists","floor":30.0,"turns":6.0},{"damage":15.0,"enemies":"Sentry and Sphere","floor":31.0,"turns":5.0},{"damage":58.0,"enemies":"Champ","floor":33.0,"turns":8.0},{"damage":28.0,"enemies":"3 Darklings","floor":35.0,"turns":5.0},{"damage":3.0,"enemies":"Orb Walker","floor":39.0,"turns":3.0},{"damage":17.0,"enemies":"Transient","floor":41.0,"turns":5.0},{"damage":50.0,"enemies":"Jaw Worm Horde","floor":44.0,"turns":5.0},{"damage":19.0,"enemies":"Sphere and 2 Shapes","floor":45.0,"turns":5.0},{"damage":23.0,"enemies":"Spire Growth","floor":46.0,"turns":5.0},{"damage":45,"enemies":"Donu and Deca","floor":50,"turns":9},{"damage":92,"enemies":"Shield and Spear","floor":54,"turns":8},{"damage":27,"enemies":"The Heart","floor":55,"turns":3}],"seed_played":"-6187988149912350102","potions_obtained":[{"floor":6.0,"key":"Regen Potion"},{"floor":8.0,"key":"SpeedPotion"},{"floor":14.0,"key":"SkillPotion"},{"floor":19.0,"key":"Regen Potion"},{"floor":24.0,"key":"Poison Potion"},{"floor":29.0,"key":"Weak Potion"},{"floor":30.0,"key":"Strength Potion"},{"floor":35.0,"key":"Explosive Potion"},{"floor":39.0,"key":"Swift Potion"},{"floor":46.0,"key":"EssenceOfSteel"}],"is_trial":false,"path_per_floor":["M","?","$","M","?","M","M","E","T","R","E","?","R","M","R","B",null,"M","M","?","?","?","R","M","?","T","?","$","M","M","M","R","B",null,"M","?","?","?","M","R","M","R","T","M","M","M","T","?","R","B",null,"R","$","E","B"],"character_chosen":"IRONCLAD","items_purchased":["Combust","Toxic Egg 2","Fire Potion","Inflame","Armaments+1","Apotheosis+1","Strength Potion","SpeedPotion","Happy Flower"],"campfire_rested":4,"item_purchase_floors":[3,28,28,28,53,53,53,53,53],"current_hp_per_floor":[79,79,79,79,84,82,74,32,32,57,57,37,66,71,71,19,99,98,65,49,49,82,94,76,70,70,66,66,58,21,12,59,7,99,77,65,65,65,68,89,78,99,99,55,42,25,25,25,78,39,99,99,99,13,0],"gold":44,"neow_bonus":"ONE_RANDOM_RARE_CARD","is_prod":false,"is_daily":false,"chose_seed":false,"campfire_upgraded":4,"win_rate":0,"timestamp":1568238895,"path_taken":["M","?","?","M","?","M","M","E","T","R","E","?","R","M","R","BOSS","M","M","?","?","?","R","M","?","T","?","$","M","M","M","R","BOSS","M","?","?","?","M","R","M","R","T","M","M","?","?","?","R","BOSS","R","$","E","BOSS"],"build_version":"2019-07-17","purchased_purges":0,"victory":false,"max_hp_per_floor":[80,80,80,80,85,85,85,85,85,85,99,99,99,99,99,99,99,99,99,99,99,99,99,99,99,99,99,99,99,99,99,99,99,99,99,99,99,99,99,99,99,99,99,99,99,99,99,99,99,99,99,99,99,99,99],"card_choices":[{"not_picked":["Twin Strike","Headbutt"],"picked":"Intimidate","floor":1.0},{"not_picked":["Thunderclap","Twin Strike"],"picked":"Pummel","floor":4.0},{"not_picked":["Twin Strike","Body Slam"],"picked":"Pummel","floor":6.0},{"not_picked":["True Grit","Carnage"],"picked":"Battle Trance","floor":7.0},{"not_picked":["Flame Barrier","Twin Strike"],"picked":"Rage","floor":8.0},{"not_picked":["Wild Strike","Rupture"],"picked":"Sentinel","floor":11.0},{"not_picked":["Searing Blow","Headbutt"],"picked":"Inflame","floor":14.0},{"not_picked":["Barricade","Immolate"],"picked":"Limit Break","floor":16.0},{"not_picked":["Twin Strike","Anger"],"picked":"Inflame","floor":18.0},{"not_picked":["Pommel Strike","Bloodletting"],"picked":"Shockwave","floor":19.0},{"not_picked":["Body Slam","Twin Strike"],"picked":"Inflame+1","floor":24.0},{"not_picked":["Warcry","Heavy Blade"],"picked":"Intimidate","floor":27.0},{"not_picked":["Dark Embrace","Clothesline+1"],"picked":"Shrug It Off+1","floor":29.0},{"not_picked":["Clothesline","Havoc+1"],"picked":"Anger","floor":30.0},{"not_picked":["Body Slam+1","Sword Boomerang"],"picked":"Combust+1","floor":31.0},{"not_picked":["Barricade","Immolate"],"picked":"Impervious+1","floor":33.0},{"not_picked":["Battle Trance+1","Sentinel+1"],"picked":"Rampage","floor":35.0},{"not_picked":["Cleave+1","Entrench+1"],"picked":"Anger","floor":39.0},{"not_picked":["Evolve","Clash"],"picked":"Entrench+1","floor":41.0},{"not_picked":["Thunderclap","Flex+1"],"picked":"Shrug It Off+1","floor":44.0},{"not_picked":["Feel No Pain","Entrench+1"],"picked":"Inflame","floor":45.0},{"not_picked":["Wild Strike+1","Iron Wave"],"picked":"Shrug It Off+1","floor":46.0},{"not_picked":["Finesse+1","Forethought+1"],"picked":"Trip+1","floor":48.0},{"not_picked":["Clash+1","Combust"],"picked":"Exhume+1","floor":54}],"player_experience":71752,"relics_obtained":[{"floor":8.0,"key":"Ornamental Fan"},{"floor":11.0,"key":"Mango"},{"floor":20.0,"key":"Enchiridion"},{"floor":26.0,"key":"Ginger"},{"floor":27.0,"key":"Red Mask"},{"floor":43.0,"key":"Orichalcum"},{"floor":47.0,"key":"Molten Egg 2"},{"floor":54,"key":"Torii"}],"event_choices":[{"damage_healed":0.0,"max_hp_gain":0.0,"max_hp_loss":0.0,"gold_gain":100.0,"event_name":"Golden Shrine","player_choice":"Pray","floor":2.0,"gold_loss":0.0,"damage_taken":0.0},{"damage_healed":0.0,"max_hp_gain":5.0,"max_hp_loss":0.0,"gold_gain":0.0,"event_name":"Big Fish","player_choice":"Donut","floor":5.0,"gold_loss":0.0,"damage_taken":0.0},{"damage_healed":0.0,"max_hp_gain":0.0,"max_hp_loss":0.0,"gold_gain":0.0,"event_name":"Shining Light","player_choice":"Entered Light","floor":12.0,"gold_loss":0.0,"damage_taken":20.0,"cards_upgraded":["Strike_R","Battle Trance"]},{"damage_healed":0.0,"max_hp_gain":0.0,"max_hp_loss":0.0,"gold_gain":0.0,"event_name":"Cursed Tome","player_choice":"Obtained Book","floor":20.0,"gold_loss":0.0,"damage_taken":16.0},{"damage_healed":0.0,"max_hp_gain":0.0,"max_hp_loss":0.0,"gold_gain":0.0,"event_name":"Drug Dealer","player_choice":"Obtain J.A.X.","floor":21.0,"gold_loss":0.0,"damage_taken":0.0,"cards_obtained":["J.A.X."]},{"damage_healed":33.0,"max_hp_gain":0.0,"max_hp_loss":0.0,"gold_gain":0.0,"event_name":"The Library","player_choice":"Heal","floor":22.0,"gold_loss":0.0,"damage_taken":0.0},{"damage_healed":0.0,"max_hp_gain":0.0,"max_hp_loss":0.0,"gold_gain":0.0,"event_name":"Nest","player_choice":"Joined the Cult","floor":25.0,"gold_loss":0.0,"damage_taken":6.0,"cards_obtained":["RitualDagger"]},{"damage_healed":0.0,"max_hp_gain":0.0,"max_hp_loss":0.0,"gold_gain":0.0,"event_name":"Masked Bandits","player_choice":"Fought Bandits","floor":27.0,"gold_loss":0.0,"damage_taken":0.0},{"damage_healed":0.0,"max_hp_gain":0.0,"max_hp_loss":0.0,"gold_gain":0.0,"event_name":"Winding Halls","player_choice":"Embrace Madness","floor":36.0,"gold_loss":0.0,"damage_taken":12.0,"cards_obtained":["Madness","Madness"]},{"damage_healed":0.0,"max_hp_gain":0.0,"max_hp_loss":0.0,"gold_gain":222.0,"event_name":"Tomb of Lord Red Mask","player_choice":"Wore Mask","floor":37.0,"gold_loss":0.0,"damage_taken":0.0},{"damage_healed":0.0,"max_hp_gain":0.0,"max_hp_loss":0.0,"gold_gain":0.0,"event_name":"Accursed Blacksmith","player_choice":"Forge","floor":38.0,"gold_loss":0.0,"damage_taken":0.0,"cards_upgraded":["Limit Break"]},{"damage_healed":0.0,"max_hp_gain":0.0,"max_hp_loss":0.0,"gold_gain":0.0,"event_name":"SensoryStone","player_choice":"Memory 1","floor":48.0,"gold_loss":0.0,"damage_taken":0.0}],"is_beta":false,"boss_relics":[{"not_picked":["Mark of Pain","Velvet Choker"],"picked":"Eternal Feather"},{"not_picked":["Empty Cage","Calling Bell"],"picked":"Runic Pyramid"}],"items_purged_floors":[],"is_endless":false,"potions_floor_spawned":[6,8,14,19,24,29,30,35,39,46],"killed_by":"The Heart","ascension_level":0}