{"gold_per_floor":[114,114,114,114,129,129,129,159,184,211,238,305,317,344,356,468,480,507,534,561,588,615,657,684,696,733,745,770,96,96,111,111,211,211,226,241,256,256,271,271,301,316,341,356,386,386,401,416,416,416],"floor_reached":51,"playtime":3504,"items_purged":[],"score":1260,"play_id":"73912901-d54e-45df-a283-99c92860aa66","local_time":"20190907131915","daily_mods":["Cursed Run","Hoarder","Night Terrors"],"is_ascension_mode":false,"campfire_choices":[{"floor":6.0,"key":"REST"},{"data":"PiercingWail","floor":15.0,"key":"SMITH"},{"floor":32.0,"key":"REST"},{"floor":40.0,"key":"REST"},{"floor":49,"key":"REST"}],"neow_cost":"","seed_source_timestamp":0,"circlet_count":0,"master_deck":["Strike_G+1","Strike_G+1","Strike_G+1","Strike_G+1","Strike_G+1","Defend_G+1","Defend_G+1","Defend_G+1","Defend_G+1","Defend_G+1","Survivor","Neutralize","Dash+1","Dash","Dash","Endless Agony","Endless Agony","Endless Agony","Dash","Dash","Dash","Decay","Decay","Decay","Noxious Fumes","Noxious Fumes","Noxious Fumes","PiercingWail+1","PiercingWail+1","PiercingWail","Decay","Decay","Decay","Forethought","Forethought","Forethought","Writhe","Writhe","Adrenaline","Adrenaline","Adrenaline","PiercingWail+1","PiercingWail+1","PiercingWail+1","Dagger Throw","Dagger Throw","Dagger Throw","Prepared","Prepared","Prepared","Backstab","Backstab","Backstab","Dash+1","Dash+1","Dash+1","Prepared","Prepared+1","Prepared","Deflect","Deflect","Deflect","Terror","Terror","Terror","Injury","Injury","Injury","Prepared","Prepared","Prepared","Tools of the Trade","Tools of the Trade","Tools of the Trade","Apotheosis","Apotheosis","Apotheosis","Predator","Predator","Predator","Clumsy","Clumsy","Clumsy","Predator","Predator","Predator","Blur","Blur","Blur","Decay","Decay","Decay","Adrenaline","Adrenaline","Adrenaline","Dagger Throw+1","Dagger Throw+1","Dagger Throw+1","Calculated Gamble","Calculated Gamble","Calculated Gamble","A Thousand Cuts","A Thousand Cuts","A Thousand Cuts","Blur","Blur","Blur","Distraction+1","Distraction+1","Distraction+1","Night Terror","Night Terror","Night Terror","Backflip","Backflip","Backflip","Decay","Decay","Decay","Parasite","Parasite","Parasite","Acrobatics","Acrobatics","Acrobatics","Blade Dance+1","Blade Dance+1","Blade Dance+1","Parasite","Parasite","Parasite","Choke+1","Choke+1","Choke+1","Quick Slash+1","Quick Slash+1","Quick Slash+1","Decay","Decay","Decay"],"special_seed":18146,"relics":["Cursed Key","Darkstone Periapt","Du-Vu Doll","PreservedInsect","Bag of Marbles","MawBank","Mummified Hand","Lizard Tail","The Courier","Dream Catcher","Red Mask","Lantern","Boot","War Paint","Fusion Hammer","Anchor","Snake Skull","Bronze Scales","Kunai"],"potions_floor_usage":[50],"damage_taken":[{"damage":0.0,"enemies":"Cultist","floor":1.0,"turns":4.0},{"damage":0.0,"enemies":"2 Louse","floor":5.0,"turns":2.0},{"damage":0.0,"enemies":"3 Sentries","floor":8.0,"turns":5.0},{"damage":0.0,"enemies":"Jaw Worm","floor":10.0,"turns":1.0},{"damage":1.0,"enemies":"Large Slime","floor":11.0,"turns":4.0},{"damage":16.0,"enemies":"Lagavulin Event","floor":12.0,"turns":4.0},{"damage":0.0,"enemies":"3 Louse","floor":14.0,"turns":2.0},{"damage":29.0,"enemies":"The Guardian","floor":16.0,"turns":8.0},{"damage":0.0,"enemies":"Shell Parasite","floor":18.0,"turns":3.0},{"damage":2.0,"enemies":"3 Byrds","floor":19.0,"turns":6.0},{"damage":6.0,"enemies":"Snecko","floor":20.0,"turns":4.0},{"damage":21.0,"enemies":"Shelled Parasite and Fungi","floor":21.0,"turns":5.0},{"damage":9.0,"enemies":"Sentry and Sphere","floor":22.0,"turns":3.0},{"damage":12.0,"enemies":"Book of Stabbing","floor":23.0,"turns":3.0},{"damage":0.0,"enemies":"Snake Plant","floor":24.0,"turns":1.0},{"damage":0.0,"enemies":"Masked Bandits","floor":28.0,"turns":2.0},{"damage":12.0,"enemies":"Shelled Parasite and Fungi","floor":31.0,"turns":2.0},{"damage":19.0,"enemies":"Collector","floor":33.0,"turns":4.0},{"damage":12.0,"enemies":"3 Shapes","floor":35.0,"turns":3.0},{"damage":0.0,"enemies":"Orb Walker","floor":36.0,"turns":1.0},{"damage":17.0,"enemies":"Transient","floor":37.0,"turns":5.0},{"damage":6.0,"enemies":"Sphere and 2 Shapes","floor":39.0,"turns":3.0},{"damage":0.0,"enemies":"Nemesis","floor":41.0,"turns":2.0},{"damage":0.0,"enemies":"Maw","floor":42.0,"turns":6.0},{"damage":1.0,"enemies":"Writhing Mass","floor":44.0,"turns":3.0},{"damage":0,"enemies":"Reptomancer","floor":45,"turns":1},{"damage":0,"enemies":"Sphere and 2 Shapes","floor":47,"turns":3},{"damage":0,"enemies":"3 Darklings","floor":48,"turns":2},{"damage":31,"enemies":"Time Eater","floor":50,"turns":7}],"seed_played":"1355614524646077970","potions_obtained":[{"floor":1.0,"key":"SpeedPotion"},{"floor":8.0,"key":"Explosive Potion"},{"floor":12.0,"key":"GhostInAJar"},{"floor":28.0,"key":"Weak Potion"},{"floor":36.0,"key":"Regen Potion"}],"is_trial":false,"path_per_floor":["M","?","?","$","M","R","$","E","T","M","M","?","?","M","R","B",null,"M","M","M","M","M","E","M","?","T","?","?","$","?","M","R","B",null,"M","M","M","?","M","R","E","M","T","M","E","T","M","M","R","B",null],"character_chosen":"THE_SILENT","items_purchased":["Lantern","Boot","War Paint","Tools of the Trade","Apotheosis","Predator"],"campfire_rested":4,"item_purchase_floors":[29,29,29,29,29,29],"current_hp_per_floor":[70,56,31,31,31,65,65,65,83,83,82,66,84,84,84,73,119,119,117,111,90,81,69,69,69,87,87,87,87,105,93,150,149,168,156,156,139,139,133,163,163,163,181,198,198,216,216,216,212,199],"gold":416,"neow_bonus":"","is_prod":false,"is_daily":true,"chose_seed":false,"campfire_upgraded":1,"win_rate":0,"timestamp":1567876755,"path_taken":["M","?","?","$","?","R","$","E","T","M","M","?","?","?","R","BOSS","M","M","?","?","M","E","M","?","T","?","?","$","?","?","R","BOSS","M","M","M","?","M","R","E","?","T","M","E","?","M","?","R","BOSS"],"build_version":"2019-07-17","purchased_purges":0,"victory":true,"max_hp_per_floor":[70,70,70,70,70,65,65,65,83,83,83,83,101,101,101,119,119,119,119,119,119,119,119,119,119,137,137,137,137,155,155,150,168,168,168,168,168,168,168,163,163,163,181,199,199,217,217,217,212,230],"card_choices":[{"not_picked":["Choke","Flying Knee"],"picked":"Dash","floor":1.0},{"not_picked":["Dodge and Roll","Bane"],"picked":"Endless Agony","floor":5.0},{"not_picked":["Flying Knee","All Out Attack"],"picked":"Dash","floor":8.0},{"not_picked":["Acrobatics","Dodge and Roll"],"picked":"Noxious Fumes","floor":10.0},{"not_picked":["Bane","Accuracy"],"picked":"PiercingWail","floor":11.0},{"not_picked":["Outmaneuver","Dagger Throw","Infinite Blades"],"picked":"SKIP","floor":14.0},{"not_picked":["Night Terror","Grand Finale"],"picked":"Adrenaline","floor":16.0},{"not_picked":["Outmaneuver","Sucker Punch"],"picked":"PiercingWail+1","floor":18.0},{"not_picked":["Well Laid Plans","Sucker Punch"],"picked":"Dagger Throw","floor":19.0},{"not_picked":["Deadly Poison+1","Underhanded Strike"],"picked":"Prepared","floor":20.0},{"not_picked":["All Out Attack","Calculated Gamble+1"],"picked":"Backstab","floor":21.0},{"not_picked":["Crippling Poison","Blur"],"picked":"Dash+1","floor":22.0},{"not_picked":["Poisoned Stab+1","Underhanded Strike"],"picked":"Prepared","floor":23.0},{"not_picked":["Well Laid Plans","Outmaneuver"],"picked":"Deflect","floor":24.0},{"not_picked":["Sucker Punch","Dodge and Roll"],"picked":"Prepared","floor":28.0},{"not_picked":["Dagger Spray","Flechettes"],"picked":"Predator","floor":31.0},{"not_picked":["Distraction","Quick Slash"],"picked":"Blur","floor":32.0},{"not_picked":["Corpse Explosion","Grand Finale"],"picked":"Adrenaline","floor":33.0},{"not_picked":["Prepared","Dagger Spray"],"picked":"Dagger Throw+1","floor":35.0},{"not_picked":["Flying Knee","Dagger Throw+1"],"picked":"Calculated Gamble","floor":36.0},{"not_picked":["Dagger Spray","Masterful Stab+1","Dagger Throw"],"picked":"SKIP","floor":37.0},{"not_picked":["Sucker Punch+1","Prepared+1"],"picked":"Blur","floor":39.0},{"not_picked":["Infinite Blades","Deadly Poison+1"],"picked":"Distraction+1","floor":40.0},{"not_picked":["Bouncing Flask+1","Quick Slash"],"picked":"Night Terror","floor":41.0},{"not_picked":["Cloak And Dagger+1","Slice"],"picked":"Backflip","floor":42.0},{"not_picked":["Dagger Spray","Deflect"],"picked":"Acrobatics","floor":44.0},{"not_picked":["Poisoned Stab","PiercingWail"],"picked":"Blade Dance+1","floor":45},{"not_picked":["Masterful Stab","Infinite Blades+1","PiercingWail"],"picked":"SKIP","floor":47},{"not_picked":["Accuracy","Slice"],"picked":"Choke+1","floor":48},{"not_picked":["Finisher","Flying Knee"],"picked":"Quick Slash+1","floor":49}],"player_experience":41478,"relics_obtained":[{"floor":8.0,"key":"Bag of Marbles"},{"floor":9.0,"key":"MawBank"},{"floor":23.0,"key":"The Courier"},{"floor":26.0,"key":"Dream Catcher"},{"floor":28.0,"key":"Red Mask"},{"floor":41.0,"key":"Anchor"},{"floor":43.0,"key":"Snake Skull"},{"floor":45,"key":"Bronze Scales"},{"floor":46,"key":"Kunai"}],"event_choices":[{"damage_healed":0.0,"max_hp_gain":0.0,"max_hp_loss":0.0,"gold_gain":0.0,"event_name":"Shining Light","player_choice":"Entered Light","floor":2.0,"gold_loss":0.0,"damage_taken":14.0,"cards_upgraded":["Defend_G","Dash"]},{"damage_healed":0.0,"max_hp_gain":0.0,"max_hp_loss":0.0,"gold_gain":0.0,"event_name":"Scrap Ooze","player_choice":"Success","floor":3.0,"gold_loss":0.0,"damage_taken":25.0,"relics_obtained":["PreservedInsect"]},{"damage_healed":0.0,"max_hp_gain":0.0,"max_hp_loss":0.0,"gold_gain":0.0,"event_name":"Dead Adventurer","player_choice":"Searched \u00272\u0027 times","floor":12.0,"gold_loss":0.0,"damage_taken":0.0,"relics_obtained":["Mummified Hand"]},{"damage_healed":0.0,"max_hp_gain":0.0,"max_hp_loss":0.0,"gold_gain":0.0,"event_name":"Match and Keep!","player_choice":"2 cards matched","floor":13.0,"gold_loss":0.0,"damage_taken":0.0,"cards_obtained":["Decay","Forethought"]},{"damage_healed":0.0,"max_hp_gain":0.0,"max_hp_loss":0.0,"gold_gain":0.0,"event_name":"The Library","player_choice":"Read","floor":25.0,"gold_loss":0.0,"damage_taken":0.0,"cards_obtained":["Terror"]},{"damage_healed":0.0,"max_hp_gain":0.0,"max_hp_loss":0.0,"gold_gain":0.0,"event_name":"Back to Basics","player_choice":"Simplicity","floor":27.0,"gold_loss":0.0,"damage_taken":0.0,"cards_upgraded":["Strike_G","Strike_G","Strike_G","Strike_G","Strike_G","Defend_G","Defend_G","Defend_G","Defend_G"]},{"damage_healed":0.0,"max_hp_gain":0.0,"max_hp_loss":0.0,"gold_gain":0.0,"event_name":"Masked Bandits","player_choice":"Fought Bandits","floor":28.0,"gold_loss":0.0,"damage_taken":0.0},{"damage_healed":0.0,"max_hp_gain":0.0,"max_hp_loss":0.0,"gold_gain":0.0,"cards_transformed":["Writhe"],"event_name":"Transmorgrifier","player_choice":"Transformed","floor":30.0,"gold_loss":0.0,"damage_taken":0.0,"cards_obtained":["Clumsy"]},{"damage_healed":0.0,"max_hp_gain":0.0,"max_hp_loss":0.0,"gold_gain":0.0,"event_name":"Match and Keep!","player_choice":"1 cards matched","floor":38.0,"gold_loss":0.0,"damage_taken":0.0,"cards_obtained":["A Thousand Cuts"]}],"is_beta":false,"boss_relics":[{"not_picked":["Busted Crown","Tiny House"],"picked":"Lizard Tail"},{"not_picked":["Coffee Dripper","Velvet Choker"],"picked":"Fusion Hammer"}],"items_purged_floors":[],"is_endless":false,"potions_floor_spawned":[1,8,12,19,24,28,33,36,39,41,44],"ascension_level":0}