{"gold_per_floor":[114,114,114,35,50,63,95,95,120,140,140,140,153,171,171,266,266,278,278,278,278,297,297,297,297,320,320,320,339,356,366,366,467,467,486,586,546,139,154,154,171,171,219,234,284,284,284,296,296,296],"floor_reached":51,"playtime":4278,"items_purged":[],"score":672,"play_id":"6132ee53-ad0b-456e-aad6-6386e3e06a8c","local_time":"20190905132247","is_ascension_mode":false,"campfire_choices":[{"floor":8,"key":"REST"},{"data":"Shockwave","floor":11,"key":"SMITH"},{"floor":15,"key":"REST"},{"data":"Rage","floor":23,"key":"SMITH"},{"data":"Bloodletting","floor":25,"key":"SMITH"},{"floor":27,"key":"REST"},{"floor":32,"key":"REST"},{"data":"Body Slam","floor":40,"key":"SMITH"},{"data":"Impervious","floor":42,"key":"SMITH"},{"floor":49,"key":"REST"}],"neow_cost":"NONE","seed_source_timestamp":1743317252182100,"circlet_count":0,"master_deck":["Defend_R","Defend_R","Defend_R","Defend_R","Bash","Hemokinesis+1","Blood for Blood","Body Slam+1","Flame Barrier","Bloodletting+1","Shockwave+1","Rage+1","Rampage","Juggernaut+1","Shockwave+1","Bite","Bite","Bite","Bite","Bite","Shrug It Off","Pommel Strike","Impervious+1","Dual Wield","Armaments+1","Juggernaut","Corruption","Dual Wield+1","Parasite","Bloodletting+1"],"relics":["Black Blood","Orichalcum","Champion Belt","Runic Pyramid","Shuriken","Nilry\u0027s Codex","Bag of Marbles","Nunchaku","PreservedInsect","Matryoshka","Bottled Tornado","Ancient Tea Set","Ice Cream","Darkstone Periapt","Pen Nib"],"potions_floor_usage":[33,33,33,45,45,45,50,50],"damage_taken":[{"damage":4,"enemies":"2 Louse","floor":1,"turns":3},{"damage":2,"enemies":"Small Slimes","floor":5,"turns":2},{"damage":8,"enemies":"Cultist","floor":6,"turns":3},{"damage":22,"enemies":"Gremlin Nob","floor":7,"turns":4},{"damage":8,"enemies":"Looter","floor":10,"turns":2},{"damage":16,"enemies":"3 Louse","floor":13,"turns":3},{"damage":2,"enemies":"Blue Slaver","floor":14,"turns":4},{"damage":50,"enemies":"Hexaghost","floor":16,"turns":10},{"damage":22,"enemies":"Spheric Guardian","floor":18,"turns":5},{"damage":20,"enemies":"2 Thieves","floor":22,"turns":4},{"damage":6,"enemies":"Snecko","floor":29,"turns":5},{"damage":21,"enemies":"3 Cultists","floor":30,"turns":8},{"damage":14,"enemies":"Centurion and Healer","floor":31,"turns":7},{"damage":96,"enemies":"Automaton","floor":33,"turns":10},{"damage":22,"enemies":"3 Shapes","floor":35,"turns":5},{"damage":21,"enemies":"Mind Bloom Boss Battle","floor":36,"turns":7},{"damage":10,"enemies":"Orb Walker","floor":39,"turns":4},{"damage":15,"enemies":"Spire Growth","floor":41,"turns":5},{"damage":34,"enemies":"4 Shapes","floor":44,"turns":5},{"damage":36,"enemies":"2 Orb Walkers","floor":45,"turns":5},{"damage":14,"enemies":"Writhing Mass","floor":48,"turns":6},{"damage":93,"enemies":"Awakened One","floor":50,"turns":11}],"seed_played":"-5701701156713241324","potions_obtained":[{"floor":5,"key":"Explosive Potion"},{"floor":7,"key":"Energy Potion"},{"floor":14,"key":"Fire Potion"},{"floor":33,"key":"Poison Potion"},{"floor":36,"key":"AttackPotion"},{"floor":41,"key":"AttackPotion"},{"floor":45,"key":"Explosive Potion"},{"floor":48,"key":"BloodPotion"}],"is_trial":false,"path_per_floor":["M","?","?","$","M","M","E","R","T","M","R","?","M","M","R","B",null,"M","?","?","T","M","R","?","R","T","R","?","M","M","M","R","B",null,"M","?","?","$","M","R","M","R","T","M","?","?","T","M","R","B",null],"character_chosen":"IRONCLAD","items_purchased":["Blood for Blood","PreservedInsect","Matryoshka"],"campfire_rested":5,"item_purchase_floors":[4,38,38],"current_hp_per_floor":[88,88,88,88,88,86,70,88,88,86,86,74,66,72,88,44,88,72,72,72,72,68,68,52,52,52,78,61,65,60,62,89,15,93,91,86,86,86,88,88,92,92,92,75,51,51,51,55,84,46],"gold":296,"neow_bonus":"TEN_PERCENT_HP_BONUS","is_prod":false,"is_daily":false,"chose_seed":false,"campfire_upgraded":5,"win_rate":0.0,"timestamp":1567704167,"path_taken":["M","?","?","$","M","?","E","R","T","M","R","?","M","M","R","BOSS","M","?","?","?","M","R","?","R","T","R","?","M","M","M","R","BOSS","M","?","?","$","M","R","M","R","T","?","?","?","?","M","R","BOSS"],"build_version":"2019-07-17","purchased_purges":0,"victory":true,"max_hp_per_floor":[88,88,88,88,88,88,88,88,88,88,88,88,88,88,88,88,88,88,88,88,88,88,88,88,88,88,88,93,93,93,93,93,93,93,93,93,93,93,93,93,93,93,93,93,93,93,93,99,99,99],"card_choices":[{"not_picked":["Iron Wave","Fire Breathing"],"picked":"Hemokinesis","floor":1},{"not_picked":["Rupture","Heavy Blade"],"picked":"Body Slam","floor":5},{"not_picked":["Shrug It Off","Limit Break"],"picked":"Flame Barrier","floor":6},{"not_picked":["Perfected Strike","Pommel Strike"],"picked":"Bloodletting","floor":7},{"not_picked":["Dual Wield","Thunderclap"],"picked":"Shockwave","floor":10},{"not_picked":["True Grit","Thunderclap"],"picked":"Rage","floor":13},{"not_picked":["Clash","Iron Wave"],"picked":"Rampage","floor":14},{"not_picked":["Feed","Offering"],"picked":"Juggernaut","floor":16},{"not_picked":["Second Wind","Body Slam"],"picked":"Shockwave+1","floor":18},{"not_picked":["Warcry","Sword Boomerang"],"picked":"Shrug It Off","floor":22},{"not_picked":["Twin Strike","Headbutt"],"picked":"Pommel Strike","floor":29},{"not_picked":["Pummel","Armaments","Reckless Charge"],"picked":"SKIP","floor":30},{"not_picked":["Flame Barrier","True Grit"],"picked":"Hemokinesis","floor":31},{"not_picked":["Demon Form","Offering"],"picked":"Impervious","floor":33},{"not_picked":["Body Slam+1","True Grit+1"],"picked":"Dual Wield","floor":35},{"not_picked":["Sword Boomerang","Perfected Strike+1"],"picked":"Armaments+1","floor":39},{"not_picked":["Clothesline+1","True Grit+1"],"picked":"Juggernaut","floor":41},{"not_picked":["True Grit","Perfected Strike+1"],"picked":"Corruption","floor":44},{"not_picked":["Shrug It Off","Searing Blow"],"picked":"Dual Wield+1","floor":45},{"not_picked":["True Grit","Clothesline"],"picked":"Bloodletting+1","floor":48}],"player_experience":14067,"relics_obtained":[{"floor":7,"key":"Blood Vial"},{"floor":9,"key":"Orichalcum"},{"floor":21,"key":"Shuriken"},{"floor":24,"key":"Nilry\u0027s Codex"},{"floor":26,"key":"Bag of Marbles"},{"floor":36,"key":"Nunchaku"},{"floor":43,"key":"Bottled Tornado"},{"floor":43,"key":"Ancient Tea Set"},{"floor":45,"key":"Ice Cream"},{"floor":47,"key":"Darkstone Periapt"},{"floor":47,"key":"Pen Nib"}],"event_choices":[{"damage_healed":0,"gold_gain":0,"player_choice":"Grow","damage_taken":0,"max_hp_gain":0,"max_hp_loss":0,"event_name":"Living Wall","floor":2,"gold_loss":0,"cards_upgraded":["Hemokinesis"]},{"cards_removed":["Strike_R"],"damage_healed":0,"gold_gain":0,"player_choice":"Purged","damage_taken":0,"max_hp_gain":0,"max_hp_loss":0,"event_name":"Purifier","floor":3,"gold_loss":0},{"damage_healed":0,"gold_gain":0,"player_choice":"Success","damage_taken":12,"relics_obtained":["Champion Belt"],"max_hp_gain":0,"max_hp_loss":0,"event_name":"Scrap Ooze","floor":12,"gold_loss":0},{"damage_healed":0,"gold_gain":0,"player_choice":"Ignored","damage_taken":0,"max_hp_gain":0,"max_hp_loss":0,"event_name":"Ghosts","floor":19,"gold_loss":0},{"damage_healed":0,"gold_gain":0,"player_choice":"Became a vampire (Vial)","damage_taken":0,"max_hp_gain":0,"max_hp_loss":0,"event_name":"Vampires","floor":20,"relics_lost":["Blood Vial"],"gold_loss":0,"cards_obtained":["Bite","Bite","Bite","Bite","Bite"]},{"damage_healed":0,"gold_gain":0,"player_choice":"Obtained Book","damage_taken":16,"max_hp_gain":0,"max_hp_loss":0,"event_name":"Cursed Tome","floor":24,"gold_loss":0},{"damage_healed":0,"gold_gain":0,"player_choice":"Shed Blood","damage_taken":22,"max_hp_gain":5,"max_hp_loss":0,"event_name":"Forgotten Altar","floor":28,"gold_loss":0},{"damage_healed":0,"gold_gain":0,"player_choice":"Fight","damage_taken":0,"max_hp_gain":0,"max_hp_loss":0,"event_name":"MindBloom","floor":36,"gold_loss":0},{"damage_healed":0,"gold_gain":0,"player_choice":"Upgrade","damage_taken":0,"max_hp_gain":0,"max_hp_loss":0,"event_name":"Designer","floor":37,"gold_loss":40,"cards_upgraded":["Juggernaut"]},{"damage_healed":0,"gold_gain":0,"player_choice":"Fight","damage_taken":0,"max_hp_gain":0,"max_hp_loss":0,"event_name":"Mysterious Sphere","floor":45,"gold_loss":0},{"cards_removed":["Hemokinesis"],"damage_healed":0,"gold_gain":0,"player_choice":"Removed Attack","damage_taken":0,"max_hp_gain":0,"max_hp_loss":0,"event_name":"Falling","floor":46,"gold_loss":0}],"is_beta":false,"boss_relics":[{"not_picked":["Ectoplasm","Orrery"],"picked":"Runic Pyramid"},{"not_picked":["Snecko Eye","Empty Cage"],"picked":"Black Blood"}],"items_purged_floors":[],"is_endless":false,"potions_floor_spawned":[5,7,14,16,18,30,31,33,36,41,45,48],"ascension_level":0}