{"gold_per_floor":[117,117,130,143,162,162,162,162,192,212,236,236,236,14,14,143,143,167,181,81,81,101,101,26,26,26,26,37,70,88,88,88,189,189,208,208,57,57,57,57,77,103,103,103,117,63,82,82],"floor_reached":48,"playtime":1654,"items_purged":["Defend_B","Strike_B","Defend_B"],"score":682,"play_id":"72ba9511-254d-4f36-b8ed-45010850a770","local_time":"20190914000214","is_ascension_mode":true,"campfire_choices":[{"data":"Zap","floor":6.0,"key":"SMITH"},{"data":"Dualcast","floor":8.0,"key":"SMITH"},{"data":"Zap","floor":13.0,"key":"SMITH"},{"floor":15.0,"key":"REST"},{"data":"Buffer","floor":23.0,"key":"SMITH"},{"data":"Defragment","floor":25.0,"key":"SMITH"},{"data":"Coolheaded","floor":27.0,"key":"SMITH"},{"floor":32.0,"key":"REST"},{"data":"Conserve Battery","floor":40.0,"key":"SMITH"},{"floor":44,"key":"REST"}],"neow_cost":"NONE","seed_source_timestamp":135454693584300,"circlet_count":0,"master_deck":["Strike_B+1","Strike_B","Defend_B","Defend_B","Zap+1","Dualcast+1","Glacier+1","Conserve Battery+1","Coolheaded+1","Defragment+1","Zap+1","Buffer+1","Go for the Eyes+1","Ball Lightning","Streamline+1","Madness","Madness","Leap","Regret","Ball Lightning+1","Conserve Battery"],"special_seed":0,"relics":["Cracked Core","Strawberry","Bloody Idol","Tiny Chest","Bag of Marbles","Runic Capacitor","Cursed Key","Shuriken","Busted Crown","Eternal Feather","Vajra"],"potions_floor_usage":[42,42],"damage_taken":[{"damage":4.0,"enemies":"Small Slimes","floor":1.0,"turns":3.0},{"damage":0.0,"enemies":"Jaw Worm","floor":3.0,"turns":4.0},{"damage":2.0,"enemies":"2 Louse","floor":4.0,"turns":4.0},{"damage":21.0,"enemies":"Lots of Slimes","floor":5.0,"turns":6.0},{"damage":1.0,"enemies":"3 Louse","floor":10.0,"turns":2.0},{"damage":18.0,"enemies":"The Guardian","floor":16.0,"turns":11.0},{"damage":1.0,"enemies":"Chosen","floor":18.0,"turns":6.0},{"damage":11.0,"enemies":"3 Byrds","floor":19.0,"turns":5.0},{"damage":14.0,"enemies":"Cultist and Chosen","floor":22.0,"turns":6.0},{"damage":0.0,"enemies":"Centurion and Healer","floor":28.0,"turns":6.0},{"damage":16.0,"enemies":"Slavers","floor":29.0,"turns":6.0},{"damage":13.0,"enemies":"Chosen and Byrds","floor":30.0,"turns":6.0},{"damage":0.0,"enemies":"Snake Plant","floor":31.0,"turns":1.0},{"damage":9.0,"enemies":"Champ","floor":33.0,"turns":13.0},{"damage":13.0,"enemies":"3 Shapes","floor":35.0,"turns":4.0},{"damage":0.0,"enemies":"Orb Walker","floor":41.0,"turns":3.0},{"damage":67,"enemies":"Reptomancer","floor":42,"turns":10},{"damage":23,"enemies":"Spire Growth","floor":45,"turns":5},{"damage":8,"enemies":"Maw","floor":47,"turns":8},{"damage":17,"enemies":"4 Shapes","floor":48,"turns":2}],"seed_played":"-5355649236390097094","potions_obtained":[{"floor":1.0,"key":"Dexterity Potion"},{"floor":4.0,"key":"Regen Potion"},{"floor":5.0,"key":"SmokeBomb"},{"floor":28.0,"key":"Strength Potion"},{"floor":35.0,"key":"SteroidPotion"},{"floor":42,"key":"Dexterity Potion"},{"floor":45,"key":"Poison Potion"}],"is_trial":false,"path_per_floor":["M","?","M","M","M","R","?","R","T","M","T","?","R","$","R","B",null,"M","M","$","?","M","R","?","R","T","R","M","E","M","M","R","B",null,"M","?","$","T","T","R","M","E","T","R","M","$","M","M"],"character_chosen":"DEFECT","items_purchased":["Runic Capacitor","Leap","Conserve Battery"],"campfire_rested":3,"item_purchase_floors":[14,37,46],"current_hp_per_floor":[71,71,71,69,48,48,33,33,33,32,32,32,32,32,54,36,66,65,54,54,54,60,60,60,60,60,60,65,54,46,46,68,64,73,65,55,55,55,55,64,69,7,7,38,20,20,17,0],"gold":82,"neow_bonus":"RANDOM_COMMON_RELIC","is_prod":false,"is_daily":false,"chose_seed":false,"campfire_upgraded":7,"win_rate":0,"timestamp":1568386934,"path_taken":["M","?","M","M","M","R","?","R","T","?","?","?","R","$","R","BOSS","M","?","$","?","M","R","?","R","T","R","M","E","M","M","R","BOSS","M","?","$","?","?","R","M","E","T","R","M","?","M","?"],"build_version":"2019-09-12","purchased_purges":3,"victory":false,"max_hp_per_floor":[82,76,76,76,76,76,76,76,76,76,76,76,76,76,76,76,76,76,76,76,76,76,76,76,76,76,76,76,76,76,76,76,76,76,76,76,76,76,76,76,76,76,76,76,76,76,76,76],"card_choices":[{"not_picked":["Auto Shields","Hologram"],"picked":"Glacier","floor":1.0},{"not_picked":["Sweeping Beam","Reinforced Body","Stack"],"picked":"SKIP","floor":3.0},{"not_picked":["Rebound","Cold Snap"],"picked":"Conserve Battery","floor":4.0},{"not_picked":["Leap","Aggregate"],"picked":"Coolheaded","floor":5.0},{"not_picked":["Rip and Tear","Streamline"],"picked":"Defragment","floor":10.0},{"not_picked":["Machine Learning","Seek"],"picked":"Buffer","floor":16.0},{"not_picked":["Heatsinks+1","Double Energy"],"picked":"Go for the Eyes+1","floor":18.0},{"not_picked":["Defragment","White Noise"],"picked":"Ball Lightning","floor":19.0},{"not_picked":["Skim","Heatsinks","Streamline"],"picked":"SKIP","floor":22.0},{"not_picked":["Barrage","Leap"],"picked":"Streamline+1","floor":28.0},{"not_picked":["Steam","Capacitor","Sweeping Beam+1"],"picked":"SKIP","floor":29.0},{"not_picked":["Rebound","Redo","Compile Driver"],"picked":"SKIP","floor":30.0},{"not_picked":["FTL+1"],"picked":"SKIP","floor":35.0},{"not_picked":["Compile Driver+1"],"picked":"SKIP","floor":41.0},{"not_picked":["Storm"],"picked":"SKIP","floor":42},{"not_picked":[],"picked":"Ball Lightning+1","floor":45},{"not_picked":["Reprogram+1"],"picked":"SKIP","floor":47}],"player_experience":438850,"relics_obtained":[{"floor":9.0,"key":"Tiny Chest"},{"floor":11.0,"key":"Bag of Marbles"},{"floor":29.0,"key":"Shuriken"},{"floor":39.0,"key":"Eternal Feather"},{"floor":42,"key":"Vajra"}],"event_choices":[{"damage_healed":0.0,"max_hp_gain":0.0,"max_hp_loss":6.0,"gold_gain":0.0,"event_name":"Golden Idol","player_choice":"Lose Max HP","floor":2.0,"gold_loss":0.0,"damage_taken":0.0,"relics_obtained":["Golden Idol"]},{"damage_healed":0.0,"max_hp_gain":0.0,"max_hp_loss":0.0,"gold_gain":0.0,"event_name":"Shining Light","player_choice":"Entered Light","floor":7.0,"gold_loss":0.0,"damage_taken":15.0,"cards_upgraded":["Glacier","Strike_B"]},{"damage_healed":0.0,"max_hp_gain":0.0,"max_hp_loss":0.0,"gold_gain":0.0,"event_name":"Match and Keep!","player_choice":"1 cards matched","floor":12.0,"gold_loss":0.0,"damage_taken":0.0,"cards_obtained":["Zap"]},{"damage_healed":0.0,"max_hp_gain":0.0,"max_hp_loss":0.0,"gold_gain":0.0,"event_name":"Forgotten Altar","player_choice":"Gave Idol","floor":21.0,"relics_lost":["Golden Idol"],"gold_loss":0.0,"damage_taken":0.0,"relics_obtained":["Bloody Idol"]},{"cards_removed":["Strike_B"],"damage_healed":0.0,"max_hp_gain":0.0,"max_hp_loss":0.0,"gold_gain":0.0,"event_name":"Beggar","player_choice":"Gave Gold","floor":24.0,"gold_loss":75.0,"damage_taken":0.0},{"damage_healed":0.0,"max_hp_gain":0.0,"max_hp_loss":0.0,"gold_gain":0.0,"event_name":"Winding Halls","player_choice":"Embrace Madness","floor":36.0,"gold_loss":0.0,"damage_taken":10.0,"cards_obtained":["Madness","Madness"]}],"is_beta":true,"boss_relics":[{"not_picked":["Ectoplasm","Runic Dome"],"picked":"Cursed Key"},{"not_picked":["SacredBark","Tiny House"],"picked":"Busted Crown"}],"items_purged_floors":[14,20,37],"is_endless":false,"potions_floor_spawned":[1,4,5,18,19,28,29,35,42,45],"killed_by":"4 Shapes","ascension_level":9}