{"gold_per_floor":[118,136,149,149,162,162,194,38,38,50,62,74,117,148,160,269,281,303,334,346,358,383,395],"floor_reached":23,"playtime":1699,"items_purged":[],"score":251,"play_id":"1a2aaf2a-efb2-4424-a23c-30be1fb45387","local_time":"20181230215306","is_ascension_mode":true,"campfire_choices":[{"data":"Armaments","floor":6,"key":"SMITH"},{"data":"Pummel","floor":11,"key":"SMITH"},{"floor":15,"key":"REST"}],"neow_cost":"NONE","seed_source_timestamp":4846732396044090,"circlet_count":0,"master_deck":["Strike_R","Strike_R","Strike_R","Strike_R","Strike_R","Defend_R","Defend_R","Defend_R","Defend_R","Bash","Iron Wave","Heavy Blade","Infernal Blade","Pummel+1","Armaments+1","Evolve","Flex","Whirlwind","Reaper","Seeing Red+1","Sword Boomerang","J.A.X.","Cleave+1"],"relics":["Burning Blood","Pocketwatch","Happy Flower","Vajra","MawBank","Meat on the Bone","Eternal Feather"],"potions_floor_usage":[5,7,23,23],"damage_taken":[{"damage":1,"enemies":"Cultist","floor":1,"turns":3},{"damage":0,"enemies":"Small Slimes","floor":2,"turns":3},{"damage":1,"enemies":"2 Louse","floor":3,"turns":2},{"damage":17,"enemies":"Looter","floor":5,"turns":3},{"damage":21,"enemies":"Gremlin Nob","floor":7,"turns":4},{"damage":20,"enemies":"Lagavulin","floor":13,"turns":6},{"damage":10,"enemies":"Red Slaver","floor":14,"turns":3},{"damage":7,"enemies":"Slime Boss","floor":16,"turns":8},{"damage":8,"enemies":"3 Byrds","floor":18,"turns":5},{"damage":0,"enemies":"Spheric Guardian","floor":19,"turns":3},{"damage":36,"enemies":"Snake Plant","floor":22,"turns":3},{"damage":57,"enemies":"Book of Stabbing","floor":23,"turns":4}],"seed_played":"-7439004301511540895","potions_obtained":[{"floor":1,"key":"Poison Potion"},{"floor":3,"key":"FearPotion"},{"floor":14,"key":"EssenceOfSteel"},{"floor":22,"key":"LiquidBronze"}],"is_trial":false,"path_per_floor":["M","M","M","T","M","R","E","$","T","$","R","$","E","M","R","B",null,"M","M","?","?","M","E"],"character_chosen":"IRONCLAD","items_purchased":["Vajra"],"campfire_rested":1,"item_purchase_floors":[8],"current_hp_per_floor":[80,80,80,80,69,69,54,54,54,54,54,54,40,48,72,71,78,80,80,65,65,57,0],"gold":395,"neow_bonus":"THREE_CARDS","is_prod":false,"is_daily":false,"chose_seed":false,"campfire_upgraded":2,"win_rate":0,"timestamp":1546235586,"path_taken":["M","M","M","?","?","R","E","?","T","$","R","$","E","M","R","BOSS","M","M","?","?","M","E"],"build_version":"2018-12-25","purchased_purges":0,"victory":false,"max_hp_per_floor":[80,80,80,80,80,80,80,80,80,80,80,80,80,80,80,80,80,80,80,85,85,85,85],"card_choices":[{"not_picked":["Heavy Blade","Sever Soul"],"picked":"Iron Wave","floor":0},{"not_picked":["Pommel Strike","Wild Strike"],"picked":"Heavy Blade","floor":1},{"not_picked":["Intimidate","True Grit"],"picked":"Infernal Blade","floor":2},{"not_picked":["Heavy Blade","Reckless Charge"],"picked":"Pummel","floor":3},{"not_picked":["Burning Pact","Anger"],"picked":"Armaments","floor":5},{"not_picked":["Sword Boomerang","Body Slam"],"picked":"Evolve","floor":7},{"not_picked":["Pummel","Infernal Blade"],"picked":"Flex","floor":13},{"not_picked":["Perfected Strike","Hemokinesis"],"picked":"Whirlwind","floor":14},{"not_picked":["Offering","Immolate"],"picked":"Reaper","floor":16},{"not_picked":["Armaments","Sword Boomerang"],"picked":"Seeing Red+1","floor":18},{"not_picked":["Thunderclap","Twin Strike"],"picked":"Sword Boomerang","floor":19},{"not_picked":["Thunderclap","Carnage"],"picked":"Cleave+1","floor":22}],"player_experience":224391,"relics_obtained":[{"floor":4,"key":"Pocketwatch"},{"floor":7,"key":"Happy Flower"},{"floor":9,"key":"MawBank"},{"floor":13,"key":"Meat on the Bone"}],"event_choices":[{"damage_healed":0,"gold_gain":0,"player_choice":"Shed Blood","damage_taken":20,"max_hp_gain":5,"max_hp_loss":0,"event_name":"Forgotten Altar","floor":20,"gold_loss":0},{"damage_healed":0,"gold_gain":0,"player_choice":"Obtain J.A.X.","damage_taken":0,"max_hp_gain":0,"max_hp_loss":0,"event_name":"Drug Dealer","floor":21,"gold_loss":0,"cards_obtained":["J.A.X."]}],"is_beta":true,"boss_relics":[{"not_picked":["Empty Cage","Orrery"],"picked":"Eternal Feather"}],"items_purged_floors":[],"is_endless":false,"potions_floor_spawned":[1,3,14,22],"killed_by":"Book of Stabbing","ascension_level":5}