{"gold_per_floor":[14,14,14,26,43,76,91,103,150,162,12,12,12,30,30,30],"floor_reached":16,"playtime":1274,"items_purged":[],"score":125,"play_id":"6091f8be-4c11-4e27-aed2-8226cb06a898","local_time":"20190911140103","is_ascension_mode":true,"campfire_choices":[{"floor":13,"key":"REST"},{"floor":15,"key":"REST"}],"neow_cost":"NO_GOLD","seed_source_timestamp":83774956538300,"circlet_count":0,"master_deck":["Strike_G","Strike_G","Strike_G","Defend_G","Defend_G","Defend_G","Defend_G","Survivor","Neutralize","Backstab","Poisoned Stab","Acrobatics","PiercingWail","Blur","Backstab","Leg Sweep","Escape Plan"],"relics":["Ring of the Snake","Boot","PreservedInsect","Omamori"],"potions_floor_usage":[6,16,16,16],"damage_taken":[{"damage":1,"enemies":"2 Louse","floor":1,"turns":3},{"damage":0,"enemies":"Cultist","floor":4,"turns":4},{"damage":0,"enemies":"Jaw Worm","floor":5,"turns":3},{"damage":29,"enemies":"3 Sentries","floor":6,"turns":18},{"damage":9,"enemies":"Exordium Wildlife","floor":7,"turns":6},{"damage":4,"enemies":"Lots of Slimes","floor":8,"turns":7},{"damage":3,"enemies":"3 Louse","floor":10,"turns":3},{"damage":3,"enemies":"Exordium Wildlife","floor":14,"turns":3},{"damage":67,"enemies":"Hexaghost","floor":16,"turns":18}],"seed_played":"-1292741642645342712","potions_obtained":[{"floor":1,"key":"Fire Potion"},{"floor":4,"key":"PowerPotion"},{"floor":6,"key":"Poison Potion"},{"floor":7,"key":"Ancient Potion"}],"is_trial":false,"path_per_floor":["M","?","$","M","M","E","M","M","T","M","$","T","R","M","R","B"],"character_chosen":"THE_SILENT","items_purchased":["PreservedInsect"],"campfire_rested":2,"item_purchase_floors":[11],"current_hp_per_floor":[69,69,69,69,69,40,31,27,27,24,24,24,45,42,63,0],"gold":30,"neow_bonus":"REMOVE_TWO","is_prod":false,"is_daily":false,"chose_seed":false,"campfire_upgraded":0,"win_rate":0,"timestamp":1568228463,"path_taken":["M","?","$","M","M","E","M","M","T","M","?","?","R","?","R","BOSS"],"build_version":"2019-07-17","purchased_purges":0,"victory":false,"max_hp_per_floor":[70,70,70,70,70,70,70,70,70,70,70,70,70,70,70,70],"card_choices":[{"not_picked":["Deadly Poison","Prepared"],"picked":"Backstab","floor":1},{"not_picked":["Underhanded Strike","Setup"],"picked":"Poisoned Stab","floor":4},{"not_picked":["Dodge and Roll","Blade Dance"],"picked":"Acrobatics","floor":5},{"not_picked":["Dodge and Roll","Prepared"],"picked":"PiercingWail","floor":6},{"not_picked":["Well Laid Plans","Underhanded Strike"],"picked":"Blur","floor":7},{"not_picked":["Deadly Poison","Bullet Time"],"picked":"Backstab","floor":8},{"not_picked":["Finisher","Sucker Punch"],"picked":"Leg Sweep","floor":10},{"not_picked":["Endless Agony","Calculated Gamble"],"picked":"Escape Plan","floor":14}],"player_experience":335112,"relics_obtained":[{"floor":6,"key":"Boot"},{"floor":12,"key":"Omamori"}],"event_choices":[{"cards_removed":["Strike_G"],"damage_healed":0,"gold_gain":0,"player_choice":"Offered Basic","damage_taken":0,"max_hp_gain":0,"max_hp_loss":0,"event_name":"Bonfire Elementals","floor":2,"gold_loss":0}],"is_beta":false,"boss_relics":[],"items_purged_floors":[],"is_endless":false,"potions_floor_spawned":[1,4,6,7,8],"killed_by":"Hexaghost","ascension_level":4}