{"gold_per_floor":[109,62,12,12,187,220,220,230,230,264,264,280,280,291,291,396,396,415,415,12,29,29,29,29],"floor_reached":24,"playtime":1383,"items_purged":["Strike_G"],"score":278,"play_id":"c00de788-2934-485f-923a-29a41c71ed26","local_time":"20181028220634","is_ascension_mode":true,"campfire_choices":[{"floor":7,"key":"REST"},{"floor":11,"key":"REST"},{"data":"Envenom","floor":15,"key":"SMITH"},{"floor":23,"key":"REST"}],"neow_cost":"CURSE","seed_source_timestamp":355187675826544,"circlet_count":0,"master_deck":["Defend_G","Defend_G","Defend_G","Defend_G","Defend_G","Survivor","Neutralize","Normality","Envenom+1","Deadly Poison+1","Poisoned Stab","Doubt","Poisoned Stab","Noxious Fumes","Accuracy","Blur","Deadly Poison","Blade Dance","Infinite Blades","Infinite Blades","Bouncing Flask","Prepared","Well Laid Plans","Bandage Up","Accuracy+1","Bite","Bite","Bite","Bite","Bite"],"relics":["Ring of the Snake","Bottled Lightning","Ginger","Centennial Puzzle","Orrery","Sling"],"potions_floor_usage":[16,21,21],"damage_taken":[{"damage":10,"enemies":"Cultist","floor":1,"turns":4},{"damage":29,"enemies":"Lagavulin","floor":6,"turns":7},{"damage":0,"enemies":"2 Louse","floor":8,"turns":2},{"damage":17,"enemies":"Gremlin Nob","floor":10,"turns":4},{"damage":4,"enemies":"Jaw Worm","floor":12,"turns":3},{"damage":4,"enemies":"Exordium Wildlife","floor":14,"turns":3},{"damage":28,"enemies":"Slime Boss","floor":16,"turns":8},{"damage":45,"enemies":"3 Byrds","floor":18,"turns":5},{"damage":4,"enemies":"Spheric Guardian","floor":21,"turns":4},{"damage":25,"enemies":"Gremlin Leader","floor":24,"turns":2}],"seed_played":"309042491335541755","potions_obtained":[{"floor":8,"key":"SteroidPotion"},{"floor":12,"key":"Fire Potion"},{"floor":16,"key":"EssenceOfSteel"},{"floor":18,"key":"FearPotion"}],"is_trial":false,"path_per_floor":["M","$","?","?","?","E","R","M","T","E","R","M","?","M","R","B",null,"M","?","$","M","?","R"],"character_chosen":"THE_SILENT","items_purchased":["Poisoned Stab","Well Laid Plans","Bandage Up","Sling"],"campfire_rested":3,"item_purchase_floors":[2,20,20,20],"current_hp_per_floor":[60,60,60,46,46,17,38,38,38,21,42,38,61,57,57,29,60,15,6,6,6,6,20,0],"gold":29,"neow_bonus":"THREE_RARE_CARDS","is_prod":false,"is_daily":false,"chose_seed":false,"campfire_upgraded":1,"win_rate":0,"timestamp":1540789594,"path_taken":["M","$","?","?","?","E","R","M","T","E","R","M","?","M","R","BOSS","M","?","$","M","?","R","E"],"build_version":"2018-10-25v2","purchased_purges":1,"victory":false,"max_hp_per_floor":[70,70,70,70,70,70,70,70,70,70,70,70,70,70,70,70,70,70,70,70,70,49,49,49],"card_choices":[{"not_picked":["Malaise","Venomology"],"picked":"Envenom","floor":0},{"not_picked":["Bane","Backflip"],"picked":"Deadly Poison","floor":1},{"not_picked":["Deadly Poison","Dagger Spray"],"picked":"Poisoned Stab","floor":6},{"not_picked":["Predator","Crippling Poison"],"picked":"Noxious Fumes","floor":8},{"not_picked":["Calculated Gamble","Distraction"],"picked":"Accuracy","floor":10},{"not_picked":["Masterful Stab","Flying Knee"],"picked":"Blur","floor":12},{"not_picked":["Blade Dance","Backflip"],"picked":"Deadly Poison","floor":14},{"not_picked":["Concentrate","Bane"],"picked":"Blade Dance","floor":17},{"not_picked":["PiercingWail","Tactician"],"picked":"Infinite Blades","floor":17},{"not_picked":["Deadly Poison","Dagger Throw"],"picked":"Infinite Blades","floor":17},{"not_picked":["Dagger Spray","Quick Slash"],"picked":"Bouncing Flask","floor":17},{"not_picked":["Endless Agony","Concentrate"],"picked":"Prepared","floor":18},{"not_picked":["Blur","PiercingWail"],"picked":"Accuracy+1","floor":21}],"player_experience":221287,"relics_obtained":[{"floor":6,"key":"Bottled Lightning"},{"floor":9,"key":"Ginger"},{"floor":10,"key":"Centennial Puzzle"}],"event_choices":[{"cards_removed":["Strike_G"],"damage_healed":0,"gold_gain":0,"player_choice":"Card Removal","damage_taken":0,"max_hp_gain":0,"max_hp_loss":0,"event_name":"The Cleric","floor":3,"gold_loss":50},{"damage_healed":0,"gold_gain":0,"player_choice":"Entered Light","damage_taken":14,"max_hp_gain":0,"max_hp_loss":0,"event_name":"Shining Light","floor":4,"gold_loss":0,"cards_upgraded":["Strike_G","Deadly Poison"]},{"damage_healed":0,"gold_gain":175,"player_choice":"AGREE","damage_taken":0,"max_hp_gain":0,"max_hp_loss":0,"event_name":"Liars Game","floor":5,"gold_loss":0,"cards_obtained":["Doubt"]},{"damage_healed":23,"gold_gain":0,"player_choice":"Banana","damage_taken":0,"max_hp_gain":0,"max_hp_loss":0,"event_name":"Big Fish","floor":13,"gold_loss":0},{"damage_healed":0,"gold_gain":0,"player_choice":"Stopped","damage_taken":9,"max_hp_gain":0,"max_hp_loss":0,"event_name":"Cursed Tome","floor":19,"gold_loss":0},{"damage_healed":0,"gold_gain":0,"player_choice":"Became a vampire","damage_taken":0,"max_hp_gain":0,"max_hp_loss":21,"event_name":"Vampires","floor":22,"gold_loss":0,"cards_obtained":["Bite","Bite","Bite","Bite","Bite"]}],"is_beta":true,"boss_relics":[{"not_picked":["HoveringKite","Sozu"],"picked":"Orrery"}],"items_purged_floors":[20],"is_endless":false,"potions_floor_spawned":[8,12,16,18],"killed_by":"Gremlin Leader","ascension_level":5}