{"gold_per_floor":[115,115,133,143,16,48,66,66,120,134,0,0,0,24,24,24],"floor_reached":16,"playtime":962,"items_purged":["Strike_R","Strike_R"],"score":102,"play_id":"a9355c0c-fcf1-4ee9-b8b8-348b1b42c563","local_time":"20190901081129","is_ascension_mode":false,"campfire_choices":[{"floor":8,"key":"REST"},{"data":"Armaments","floor":12,"key":"SMITH"},{"floor":15,"key":"REST"}],"neow_cost":"NONE","seed_source_timestamp":76064247432917,"circlet_count":0,"master_deck":["Strike_R","Strike_R","Strike_R","Defend_R","Defend_R","Defend_R","Defend_R","Bash","Uppercut","Armaments+1","Thunderclap","Shrug It Off","Power Through+1","Corruption","Barricade","Fire Breathing","Shrug It Off+1","Burning Pact+1"],"relics":["Burning Blood","NeowsBlessing","Toxic Egg 2","Dream Catcher","Golden Idol"],"potions_floor_usage":[16,16,16,16,16],"damage_taken":[{"damage":0,"enemies":"Jaw Worm","floor":1,"turns":1},{"damage":0,"enemies":"Cultist","floor":3,"turns":1},{"damage":0,"enemies":"Small Slimes","floor":4,"turns":1},{"damage":21,"enemies":"Gremlin Nob","floor":6,"turns":4},{"damage":35,"enemies":"Gremlin Gang","floor":7,"turns":8},{"damage":0,"enemies":"3 Louse","floor":10,"turns":6},{"damage":18,"enemies":"Red Slaver","floor":14,"turns":7},{"damage":126,"enemies":"Slime Boss","floor":16,"turns":19}],"seed_played":"2896650945876740192","potions_obtained":[{"floor":1,"key":"Regen Potion"},{"floor":2,"key":"SteroidPotion"},{"floor":2,"key":"EntropicBrew"}],"is_trial":false,"path_per_floor":["M","?","M","M","$","E","M","R","T","M","$","R","?","M","R","B"],"character_chosen":"IRONCLAD","items_purchased":["Shrug It Off","Fire Breathing"],"campfire_rested":2,"item_purchase_floors":[5,11],"current_hp_per_floor":[80,80,80,80,80,65,36,60,60,66,66,66,46,34,58,0],"gold":24,"neow_bonus":"THREE_ENEMY_KILL","is_prod":false,"is_daily":false,"chose_seed":false,"campfire_upgraded":1,"win_rate":0.0,"timestamp":1567350689,"path_taken":["M","?","?","M","$","E","M","R","T","M","$","R","?","M","R","BOSS"],"build_version":"2019-07-17","purchased_purges":2,"victory":false,"max_hp_per_floor":[80,80,80,80,80,80,80,80,80,80,80,80,80,80,80,80],"card_choices":[{"not_picked":["Clash","Clothesline"],"picked":"Uppercut","floor":1},{"not_picked":["Ghostly Armor","Thunderclap"],"picked":"Armaments","floor":3},{"not_picked":["Shockwave","Armaments"],"picked":"Thunderclap","floor":4},{"not_picked":["Thunderclap","Warcry"],"picked":"Power Through","floor":6},{"not_picked":["Burning Pact+1","Clothesline"],"picked":"Corruption","floor":7},{"not_picked":["Entrench+1","Warcry+1"],"picked":"Barricade","floor":10},{"not_picked":["Headbutt","Anger"],"picked":"Shrug It Off+1","floor":14},{"not_picked":["Pommel Strike","Power Through+1"],"picked":"Burning Pact+1","floor":15}],"player_experience":17062,"relics_obtained":[{"floor":6,"key":"Toxic Egg 2"},{"floor":9,"key":"Dream Catcher"}],"event_choices":[{"damage_healed":0,"gold_gain":0,"player_choice":"Got Potions","damage_taken":0,"max_hp_gain":0,"max_hp_loss":0,"event_name":"Lab","floor":2,"gold_loss":0},{"damage_healed":0,"gold_gain":0,"player_choice":"Take Damage","damage_taken":20,"relics_obtained":["Golden Idol"],"max_hp_gain":0,"max_hp_loss":0,"event_name":"Golden Idol","floor":13,"gold_loss":0}],"is_beta":false,"boss_relics":[],"items_purged_floors":[5,11],"is_endless":false,"potions_floor_spawned":[1,10],"killed_by":"Slime Boss","ascension_level":0}