{"gold_per_floor":[112,112,122,135,135,135,135,167,167,167,183,201,201,231,231,328,328,346,346,83,95,95,95,114,145,222,240,271,171,185,202,202,202],"floor_reached":33,"playtime":1423,"items_purged":["Strike_B","Injury"],"score":277,"play_id":"123eee2d-700c-4ccf-bf64-b847db956299","local_time":"20190914162127","is_ascension_mode":false,"campfire_choices":[{"floor":6,"key":"RECALL"},{"floor":10,"key":"REST"},{"floor":13,"key":"REST"},{"floor":15,"key":"REST"},{"data":"Double Energy","floor":23,"key":"SMITH"},{"floor":32,"key":"REST"}],"neow_cost":"NONE","seed_source_timestamp":19408682369055,"circlet_count":0,"master_deck":["Strike_B","Strike_B","Defend_B","Defend_B","Defend_B","Zap","Dualcast","Capacitor","Cold Snap","Genetic Algorithm","Creative AI+1","Buffer+1","Sunder+1","Reinforced Body","Double Energy+1","Cold Snap","Beam Cell","Go for the Eyes","Buffer+1","Go for the Eyes"],"relics":["Cracked Core","NeowsBlessing","Frozen Egg 2","Lantern","Ice Cream","Cursed Key","PreservedInsect","CaptainsWheel","Red Mask"],"potions_floor_usage":[11,16,24,24,27,30],"damage_taken":[{"damage":0,"enemies":"Jaw Worm","floor":1,"turns":1},{"damage":0,"enemies":"Cultist","floor":3,"turns":1},{"damage":0,"enemies":"2 Louse","floor":4,"turns":1},{"damage":44,"enemies":"3 Sentries","floor":8,"turns":9},{"damage":14,"enemies":"Blue Slaver","floor":11,"turns":3},{"damage":25,"enemies":"Exordium Thugs","floor":12,"turns":5},{"damage":31,"enemies":"Lagavulin","floor":14,"turns":6},{"damage":33,"enemies":"Slime Boss","floor":16,"turns":8},{"damage":0,"enemies":"Chosen","floor":18,"turns":7},{"damage":0,"enemies":"2 Thieves","floor":21,"turns":5},{"damage":24,"enemies":"Snake Plant","floor":24,"turns":5},{"damage":31,"enemies":"Book of Stabbing","floor":25,"turns":6},{"damage":8,"enemies":"Cultist and Chosen","floor":27,"turns":5},{"damage":14,"enemies":"Masked Bandits","floor":28,"turns":6},{"damage":0,"enemies":"3 Cultists","floor":30,"turns":6},{"damage":0,"enemies":"Centurion and Healer","floor":31,"turns":7},{"damage":72,"enemies":"Collector","floor":33,"turns":8}],"seed_played":"-3474363203572724782","potions_obtained":[{"floor":3,"key":"Weak Potion"},{"floor":12,"key":"FairyPotion"},{"floor":14,"key":"FearPotion"},{"floor":16,"key":"Regen Potion"},{"floor":22,"key":"LiquidBronze"},{"floor":22,"key":"Fruit Juice"},{"floor":25,"key":"Ancient Potion"},{"floor":28,"key":"Strength Potion"}],"is_trial":false,"path_per_floor":["M","?","M","M","?","R","?","E","T","R","M","M","R","E","R","B",null,"M","?","$","M","?","R","M","E","T","M","?","$","M","M","R","B"],"character_chosen":"DEFECT","items_purchased":["Double Energy","PreservedInsect"],"campfire_rested":4,"item_purchase_floors":[20,20],"current_hp_per_floor":[75,75,75,75,80,80,80,36,36,60,46,21,45,14,38,5,80,80,80,80,80,80,80,61,30,30,22,8,8,8,8,33,0],"gold":202,"neow_bonus":"THREE_ENEMY_KILL","is_prod":false,"is_daily":false,"chose_seed":false,"campfire_upgraded":1,"win_rate":0,"timestamp":1568503287,"path_taken":["M","?","?","M","?","R","?","E","T","R","?","M","R","E","R","BOSS","M","?","?","M","?","R","?","E","T","M","?","?","M","M","R","BOSS"],"build_version":"2019-09-12","purchased_purges":2,"victory":false,"max_hp_per_floor":[75,75,75,75,80,80,80,80,80,80,80,80,80,80,80,80,80,80,80,80,80,80,80,85,85,85,85,85,85,85,85,85,85],"card_choices":[{"not_picked":["Steam","Barrage","Chill"],"picked":"SKIP","floor":1},{"not_picked":["Conserve Battery","Leap"],"picked":"Cold Snap","floor":3},{"not_picked":["Hologram","Turbo","Force Field"],"picked":"SKIP","floor":4},{"not_picked":["Scrape","Turbo","Leap"],"picked":"SKIP","floor":8},{"not_picked":["Hologram","Leap"],"picked":"Genetic Algorithm","floor":11},{"not_picked":["Compile Driver","Sunder"],"picked":"Hello World+1","floor":12},{"not_picked":["Darkness","Ball Lightning"],"picked":"Creative AI+1","floor":14},{"not_picked":["Rainbow","Biased Cognition+1"],"picked":"Buffer+1","floor":16},{"not_picked":["Compile Driver+1","Redo"],"picked":"Sunder+1","floor":18},{"not_picked":["Leap+1","Cold Snap","Reprogram"],"picked":"SKIP","floor":21},{"not_picked":["Leap+1","Reprogram"],"picked":"Cold Snap","floor":21},{"not_picked":["Streamline","Sweeping Beam"],"picked":"Beam Cell","floor":24},{"not_picked":["Undo","Streamline"],"picked":"Go for the Eyes","floor":25},{"not_picked":["Consume","Barrage"],"picked":"Buffer+1","floor":27},{"not_picked":["Undo","Gash"],"picked":"Go for the Eyes","floor":28},{"not_picked":["Conserve Battery","Rip and Tear","Hologram"],"picked":"SKIP","floor":30},{"not_picked":["Streamline","Rebound+1","Barrage"],"picked":"SKIP","floor":31}],"player_experience":125500,"relics_obtained":[{"floor":8,"key":"Frozen Egg 2"},{"floor":9,"key":"Lantern"},{"floor":14,"key":"Ice Cream"},{"floor":25,"key":"CaptainsWheel"},{"floor":28,"key":"Red Mask"}],"event_choices":[{"damage_healed":0,"gold_gain":0,"cards_transformed":["Strike_B"],"player_choice":"Transformed","damage_taken":0,"max_hp_gain":0,"max_hp_loss":0,"event_name":"Transmorgrifier","floor":2,"gold_loss":0,"cards_obtained":["Capacitor"]},{"damage_healed":0,"gold_gain":0,"player_choice":"Donut","damage_taken":0,"max_hp_gain":5,"max_hp_loss":0,"event_name":"Big Fish","floor":5,"gold_loss":0},{"cards_removed":["Defend_B"],"damage_healed":0,"gold_gain":0,"player_choice":"Purged","damage_taken":0,"max_hp_gain":0,"max_hp_loss":0,"event_name":"Purifier","floor":7,"gold_loss":0},{"damage_healed":0,"gold_gain":0,"cards_transformed":["Hello World"],"player_choice":"Transformed","damage_taken":0,"max_hp_gain":0,"max_hp_loss":0,"event_name":"Transmorgrifier","floor":19,"gold_loss":0,"cards_obtained":["Reinforced Body"]},{"damage_healed":0,"gold_gain":0,"player_choice":"Got Potions","damage_taken":0,"max_hp_gain":0,"max_hp_loss":0,"event_name":"Lab","floor":22,"gold_loss":0},{"damage_healed":0,"gold_gain":0,"player_choice":"Fought Bandits","damage_taken":0,"max_hp_gain":0,"max_hp_loss":0,"event_name":"Masked Bandits","floor":28,"gold_loss":0}],"is_beta":true,"boss_relics":[{"not_picked":["SacredBark","Fusion Hammer"],"picked":"Cursed Key"}],"items_purged_floors":[20,29],"is_endless":false,"potions_floor_spawned":[3,12,14,16,25,28],"killed_by":"Collector","ascension_level":0}