{"gold_per_floor":[112,112,129,20,38,65,65,96,96,121,135,146,157,142],"floor_reached":14,"playtime":967,"items_purged":[],"score":134,"play_id":"5b3ce4bc-da75-44f5-8d6f-f9a9869a7920","local_time":"20180916153030","is_ascension_mode":true,"campfire_choices":[{"floor":7,"key":"REST"}],"neow_cost":"","seed_source_timestamp":250416423639186,"circlet_count":0,"master_deck":["Strike_B","Strike_B","Strike_B","Defend_B","Defend_B","Defend_B","Defend_B","Zap","Dualcast","Steam","Melter","Conserve Battery","Genetic Algorithm","Heatsinks","Storm","Gash","Streamline","Rip and Tear","Streamline","Ball Lightning","Redo+1"],"relics":["Cracked Core","Bottled Tornado","Kunai","Toxic Egg 2","Question Card"],"potions_floor_usage":[8,12,14],"damage_taken":[{"damage":0,"enemies":"Cultist","floor":1,"turns":4},{"damage":0,"enemies":"Jaw Worm","floor":3,"turns":3},{"damage":0,"enemies":"Small Slimes","floor":5,"turns":3},{"damage":31,"enemies":"3 Sentries","floor":6,"turns":9},{"damage":18,"enemies":"Gremlin Nob","floor":8,"turns":4},{"damage":20,"enemies":"Lagavulin","floor":10,"turns":6},{"damage":6,"enemies":"Looter","floor":11,"turns":3},{"damage":0,"enemies":"Exordium Wildlife","floor":12,"turns":3},{"damage":21,"enemies":"Large Slime","floor":13,"turns":4},{"damage":11,"enemies":"Looter","floor":14,"turns":1}],"seed_played":"3485665103205466760","potions_obtained":[{"floor":1,"key":"Ancient Potion"},{"floor":11,"key":"Block Potion"},{"floor":13,"key":"FearPotion"}],"is_trial":false,"path_per_floor":["M","?","M","$","M","E","R","E","T","E","M","M","M"],"character_chosen":"DEFECT","items_purchased":["Genetic Algorithm","Heatsinks"],"campfire_rested":1,"item_purchase_floors":[4,4],"current_hp_per_floor":[75,75,75,75,75,44,66,48,48,28,22,22,1,0],"gold":142,"neow_bonus":"","is_prod":false,"is_daily":false,"chose_seed":false,"campfire_upgraded":0,"win_rate":0,"timestamp":1537137030,"path_taken":["M","?","M","$","M","E","R","E","T","E","M","M","M","?"],"build_version":"2018-09-12","purchased_purges":0,"victory":false,"max_hp_per_floor":[75,75,75,75,75,75,75,75,75,75,75,75,75,75],"card_choices":[{"not_picked":["Consume","Beam Cell"],"picked":"Steam","floor":1},{"not_picked":["Beam Cell","Cold Snap"],"picked":"Conserve Battery","floor":3},{"not_picked":["Auto Shields","Barrage"],"picked":"Storm","floor":5},{"not_picked":["Consume","Aggregate"],"picked":"Gash","floor":6},{"not_picked":["Turbo","Steam Power"],"picked":"Streamline","floor":8},{"not_picked":["Fission+1","Recycle+1"],"picked":"Rip and Tear","floor":10},{"not_picked":["Compile Driver","Tempest+1","Stack+1"],"picked":"Streamline","floor":11},{"not_picked":["Compile Driver","Tempest+1","Sweeping Beam"],"picked":"Ball Lightning","floor":12},{"not_picked":["Ball Lightning","Turbo+1","Sunder"],"picked":"Redo+1","floor":13}],"player_experience":208979,"relics_obtained":[{"floor":6,"key":"Bottled Tornado"},{"floor":8,"key":"Kunai"},{"floor":9,"key":"Toxic Egg 2"},{"floor":10,"key":"Question Card"}],"event_choices":[{"event_name":"Transmorgrifier","player_choice":"Transform","floor":2,"damage_taken":0}],"is_beta":true,"boss_relics":[],"items_purged_floors":[],"is_endless":false,"potions_floor_spawned":[1,11,13],"killed_by":"Looter","ascension_level":4}