{"gold_per_floor":[113,130,149,163,7,7,7,7,60,76,76,102,102,102,102,227,227,248,267,267,117,128,128,147,147,147,147,147,147,147,99,99,198,198,210,210,222,97,112,112,14,27,27,44,44,60,78,98,98,98],"floor_reached":50,"playtime":1956,"items_purged":["Defend_B","Defend_B","Defend_B"],"score":622,"play_id":"4609ffa0-86d9-445a-9924-3968c960b3f8","local_time":"20190912125517","is_ascension_mode":true,"campfire_choices":[{"data":"Zap","floor":6.0,"key":"SMITH"},{"data":"Defragment","floor":11.0,"key":"SMITH"},{"floor":15.0,"key":"REST"},{"data":"White Noise","floor":23.0,"key":"SMITH"},{"data":"Beam Cell","floor":29.0,"key":"SMITH"},{"data":"Echo Form","floor":32.0,"key":"SMITH"},{"data":"All For One","floor":40.0,"key":"SMITH"},{"floor":45.0,"key":"REST"},{"floor":49,"key":"REST"}],"neow_cost":"NONE","seed_source_timestamp":0,"circlet_count":0,"master_deck":["Strike_B+1","Zap+1","Dualcast+1","Glacier","Go for the Eyes+1","Defragment+1","Echo Form+1","All For One+1","Glacier+1","Core Surge+1","White Noise+1","Beam Cell+1","Cold Snap","Gash","All For One+1","Go for the Eyes+1","Streamline+1","Madness","Steam"],"special_seed":0,"relics":["Cracked Core","Lantern","Pen Nib","Whetstone","Bloody Idol","Bronze Scales","Astrolabe","Darkstone Periapt","Shuriken","Cursed Key"],"potions_floor_usage":[50,50],"damage_taken":[{"damage":2.0,"enemies":"Jaw Worm","floor":1.0,"turns":3.0},{"damage":0.0,"enemies":"2 Louse","floor":2.0,"turns":4.0},{"damage":0.0,"enemies":"Small Slimes","floor":3.0,"turns":3.0},{"damage":0.0,"enemies":"2 Fungi Beasts","floor":4.0,"turns":4.0},{"damage":3.0,"enemies":"Blue Slaver","floor":10.0,"turns":4.0},{"damage":2.0,"enemies":"3 Sentries","floor":12.0,"turns":6.0},{"damage":13.0,"enemies":"Hexaghost","floor":16.0,"turns":10.0},{"damage":19.0,"enemies":"Shell Parasite","floor":18.0,"turns":4.0},{"damage":7.0,"enemies":"Spheric Guardian","floor":19.0,"turns":3.0},{"damage":3.0,"enemies":"Snake Plant","floor":22.0,"turns":3.0},{"damage":5.0,"enemies":"Snecko","floor":24.0,"turns":5.0},{"damage":9.0,"enemies":"Colosseum Slavers","floor":30.0,"turns":3.0},{"damage":5.0,"enemies":"Champ","floor":33.0,"turns":9.0},{"damage":0.0,"enemies":"3 Shapes","floor":35.0,"turns":4.0},{"damage":25.0,"enemies":"3 Darklings","floor":37.0,"turns":4.0},{"damage":5.0,"enemies":"4 Shapes","floor":39.0,"turns":5.0},{"damage":18.0,"enemies":"Spire Growth","floor":42.0,"turns":5.0},{"damage":20.0,"enemies":"3 Darklings","floor":44.0,"turns":5.0},{"damage":9.0,"enemies":"Sphere and 2 Shapes","floor":46.0,"turns":3.0},{"damage":21.0,"enemies":"Jaw Worm Horde","floor":47.0,"turns":2.0},{"damage":19,"enemies":"4 Shapes","floor":48,"turns":3},{"damage":56,"enemies":"Awakened One","floor":50,"turns":6}],"seed_played":"8138461095608301879","potions_obtained":[{"floor":3.0,"key":"Regen Potion"},{"floor":4.0,"key":"Fire Potion"},{"floor":19.0,"key":"Energy Potion"},{"floor":24.0,"key":"Block Potion"},{"floor":35.0,"key":"Regen Potion"},{"floor":36.0,"key":"Dexterity Potion"},{"floor":36.0,"key":"FearPotion"},{"floor":46.0,"key":"FocusPotion"}],"is_trial":false,"path_per_floor":["M","M","M","M","$","R","?","$","T","M","R","E","?","?","R","B",null,"M","M","?","$","M","R","M","?","T","T","?","R","?","$","R","B",null,"M","?","M","$","M","R","$","M","T","M","R","M","M","M","R","B"],"character_chosen":"DEFECT","items_purchased":["Defragment","Beam Cell","Gash","Madness"],"campfire_rested":3,"item_purchase_floors":[5,21,31,41],"current_hp_per_floor":[66,66,66,66,66,66,66,66,66,63,63,61,43,40,62,64,72,53,46,46,46,48,48,48,48,48,48,48,48,39,39,39,39,66,71,71,51,51,51,51,51,52,52,37,59,55,39,25,47,0],"gold":98,"neow_bonus":"RANDOM_COMMON_RELIC","is_prod":false,"is_daily":false,"chose_seed":false,"campfire_upgraded":6,"win_rate":0,"timestamp":1568260517,"path_taken":["M","M","M","M","$","R","?","$","T","M","R","E","?","?","R","BOSS","M","M","?","$","M","R","M","?","T","?","?","R","?","$","R","BOSS","M","?","M","$","M","R","$","M","T","M","R","?","M","?","R","BOSS"],"build_version":"2019-09-10","purchased_purges":3,"victory":false,"max_hp_per_floor":[75,75,75,75,75,75,75,75,75,75,75,75,75,75,75,75,75,75,75,75,75,75,75,75,75,75,75,75,75,75,75,75,75,75,75,75,75,75,75,75,75,75,75,75,75,75,75,75,75,75],"card_choices":[{"not_picked":["Rebound","Barrage"],"picked":"Glacier","floor":1.0},{"not_picked":["Beam Cell","Steam","Streamline"],"picked":"SKIP","floor":2.0},{"not_picked":["Scrape","Stack"],"picked":"Go for the Eyes","floor":3.0},{"not_picked":["Stack","Steam","Rainbow"],"picked":"SKIP","floor":4.0},{"not_picked":["Hello World","Redo","Recycle"],"picked":"SKIP","floor":10.0},{"not_picked":["Tempest","BootSequence","Steam"],"picked":"SKIP","floor":12.0},{"not_picked":["Biased Cognition","Fission"],"picked":"Echo Form","floor":16.0},{"not_picked":["Recycle","Hello World+1","Chaos"],"picked":"SKIP","floor":18.0},{"not_picked":["Redo","Reprogram"],"picked":"White Noise","floor":19.0},{"not_picked":["Beam Cell+1","Go for the Eyes"],"picked":"Cold Snap","floor":22.0},{"not_picked":["Leap","Consume","BootSequence+1"],"picked":"SKIP","floor":24.0},{"not_picked":["Rainbow","Hyperbeam"],"picked":"All For One","floor":33.0},{"not_picked":["Turbo+1","Barrage"],"picked":"Go for the Eyes+1","floor":35.0},{"not_picked":["Leap+1","Auto Shields+1"],"picked":"Streamline+1","floor":37.0},{"not_picked":["Force Field","Rebound","Darkness"],"picked":"SKIP","floor":39.0},{"not_picked":["Stack","Skim+1","Go for the Eyes"],"picked":"SKIP","floor":42.0},{"not_picked":["Ball Lightning+1","Undo+1","Streamline+1"],"picked":"SKIP","floor":44.0},{"not_picked":["Stack","Sweeping Beam+1"],"picked":"Steam","floor":46.0},{"not_picked":["Glacier","Cold Snap+1","Compile Driver+1"],"picked":"SKIP","floor":47.0},{"not_picked":["Echo Form","Storm","Leap"],"picked":"SKIP","floor":48}],"player_experience":433844,"relics_obtained":[{"floor":9.0,"key":"Pen Nib"},{"floor":12.0,"key":"Whetstone"},{"floor":26.0,"key":"Darkstone Periapt"},{"floor":27.0,"key":"Shuriken"}],"event_choices":[{"damage_healed":0.0,"max_hp_gain":0.0,"max_hp_loss":0.0,"gold_gain":0.0,"event_name":"Living Wall","player_choice":"Grow","floor":7.0,"gold_loss":0.0,"damage_taken":0.0,"cards_upgraded":["Dualcast"]},{"damage_healed":0.0,"max_hp_gain":0.0,"max_hp_loss":0.0,"gold_gain":0.0,"event_name":"Golden Idol","player_choice":"Take Damage","floor":13.0,"gold_loss":0.0,"damage_taken":18.0,"relics_obtained":["Golden Idol"]},{"damage_healed":0.0,"max_hp_gain":0.0,"max_hp_loss":0.0,"gold_gain":0.0,"event_name":"Scrap Ooze","player_choice":"Success","floor":14.0,"gold_loss":0.0,"damage_taken":3.0,"relics_obtained":["Bronze Scales"]},{"damage_healed":0.0,"max_hp_gain":0.0,"max_hp_loss":0.0,"gold_gain":0.0,"event_name":"Forgotten Altar","player_choice":"Gave Idol","floor":20.0,"relics_lost":["Golden Idol"],"gold_loss":0.0,"damage_taken":0.0,"relics_obtained":["Bloody Idol"]},{"damage_healed":0.0,"max_hp_gain":0.0,"max_hp_loss":0.0,"gold_gain":0.0,"event_name":"Cursed Tome","player_choice":"Ignored","floor":25.0,"gold_loss":0.0,"damage_taken":0.0},{"cards_removed":["Strike_B"],"damage_healed":0.0,"max_hp_gain":0.0,"max_hp_loss":0.0,"gold_gain":0.0,"event_name":"Back to Basics","player_choice":"Elegance","floor":28.0,"gold_loss":0.0,"damage_taken":0.0},{"damage_healed":0.0,"max_hp_gain":0.0,"max_hp_loss":0.0,"gold_gain":0.0,"event_name":"Colosseum","player_choice":"Fight","floor":30.0,"gold_loss":0.0,"damage_taken":0.0},{"damage_healed":0.0,"max_hp_gain":0.0,"max_hp_loss":0.0,"gold_gain":0.0,"event_name":"Colosseum","player_choice":"Fled From Nobs","floor":30.0,"gold_loss":0.0,"damage_taken":0.0},{"damage_healed":0.0,"max_hp_gain":0.0,"max_hp_loss":0.0,"gold_gain":0.0,"event_name":"Lab","player_choice":"Got Potions","floor":36.0,"gold_loss":0.0,"damage_taken":0.0}],"is_beta":true,"boss_relics":[{"not_picked":["Fusion Hammer","Busted Crown"],"picked":"Astrolabe"},{"not_picked":["Empty Cage","Runic Dome"],"picked":"Cursed Key"}],"items_purged_floors":[5,21,38],"is_endless":false,"potions_floor_spawned":[3,4,19,24,30,35,46],"killed_by":"Awakened One","ascension_level":8}