{"gold_per_floor":[113,126,145,145,37,66,66,93,148,173,188,188,188,188,188,285,285,297,317,7,7,7,7,7],"floor_reached":24,"playtime":1703,"items_purged":[],"score":246,"play_id":"f6ad9888-650f-4723-a2f8-195527c0d210","local_time":"20180721194402","is_ascension_mode":true,"campfire_choices":[{"floor":7,"key":"REST"},{"floor":13,"key":"REST"},{"floor":15,"key":"REST"},{"data":"Envenom","floor":23,"key":"SMITH"}],"neow_cost":"CURSE","seed_source_timestamp":783704470415013,"circlet_count":0,"master_deck":["Defend_G","Defend_G","Defend_G+1","Defend_G","Defend_G","Strike_G","Strike_G","Strike_G","Strike_G","Survivor","Neutralize","Writhe","Envenom+1","Dagger Spray+1","Footwork","Dagger Spray","Prepared","Caltrops","Flying Knee","Deflect","Dagger Spray","Outmaneuver","Tools of the Trade","Blur+1","Tactician+1","Noxious Fumes","Blur","Footwork","Noxious Fumes","Prepared","Well Laid Plans","Iron Wave"],"relics":["Ring of the Serpent","The Courier","Boot","Blood Vial","Dodecahedron"],"potions_floor_usage":[6,14,16,19],"damage_taken":[{"damage":10,"enemies":"Jaw Worm","floor":1,"turns":6},{"damage":6,"enemies":"2 Louse","floor":2,"turns":3},{"damage":0,"enemies":"Small Slimes","floor":3,"turns":4},{"damage":7,"enemies":"3 Sentries","floor":6,"turns":5},{"damage":3,"enemies":"Lagavulin","floor":8,"turns":7},{"damage":52,"enemies":"Gremlin Nob","floor":10,"turns":6},{"damage":0,"enemies":"2 Fungi Beasts","floor":11,"turns":3},{"damage":0,"enemies":"Blue Slaver","floor":14,"turns":1},{"damage":26,"enemies":"Hexaghost","floor":16,"turns":9},{"damage":20,"enemies":"Shell Parasite","floor":18,"turns":7},{"damage":1,"enemies":"3 Byrds","floor":19,"turns":3},{"damage":60,"enemies":"Slaver and Parasite","floor":24,"turns":4}],"seed_played":"4010559720048634369","potions_obtained":[{"floor":1,"key":"SmokeBomb"},{"floor":3,"key":"EssenceOfSteel"},{"floor":11,"key":"PowerPotion"},{"floor":16,"key":"LiquidBronze"},{"floor":19,"key":"Dexterity Potion"}],"is_trial":false,"path_per_floor":["M","M","M","?","$","E","R","E","T","E","M","?","R","M","R","B",null,"M","M","$","?","?","R"],"character_chosen":"THE_SILENT","items_purchased":["Prepared","Caltrops","Noxious Fumes","Blur","Footwork","Noxious Fumes","Prepared","Well Laid Plans"],"campfire_rested":3,"item_purchase_floors":[5,5,20,20,20,20,20,20],"current_hp_per_floor":[60,54,54,40,40,33,54,51,51,1,3,3,24,26,47,23,70,50,51,51,51,51,51,0],"gold":7,"neow_bonus":"THREE_RARE_CARDS","is_prod":false,"is_daily":false,"chose_seed":false,"campfire_upgraded":1,"win_rate":0,"timestamp":1532227442,"path_taken":["M","M","M","?","$","E","R","E","T","E","M","?","R","M","R","BOSS","M","M","$","?","?","R","M"],"build_version":"2018-07-19","purchased_purges":0,"victory":false,"max_hp_per_floor":[70,70,70,70,70,70,70,70,70,70,70,70,70,70,70,70,70,70,70,70,70,70,70,70],"card_choices":[{"not_picked":["Doppelganger","Bullet Time"],"picked":"Envenom","floor":0},{"not_picked":["Eviscerate","Dash"],"picked":"Dagger Spray","floor":1},{"not_picked":["Calculated Gamble","Underhanded Strike"],"picked":"Footwork","floor":2},{"not_picked":["Backflip","Flying Knee"],"picked":"Dagger Spray","floor":3},{"not_picked":["Bouncing Flask","Acrobatics"],"picked":"Flying Knee","floor":6},{"not_picked":["Sucker Punch","Night Terror"],"picked":"Deflect","floor":8},{"not_picked":["Predator","Flechettes"],"picked":"Dagger Spray","floor":10},{"not_picked":["Dagger Throw","Heel Hook"],"picked":"Outmaneuver","floor":11},{"not_picked":["Grand Finale","Bullet Time"],"picked":"Tools of the Trade","floor":16},{"not_picked":["Underhanded Strike","Dodge and Roll"],"picked":"Blur+1","floor":18},{"not_picked":["Deadly Poison","Dagger Throw"],"picked":"Tactician+1","floor":19}],"player_experience":164208,"relics_obtained":[{"floor":6,"key":"The Courier"},{"floor":8,"key":"Boot"},{"floor":9,"key":"Blood Vial"},{"floor":10,"key":"Dodecahedron"}],"event_choices":[{"event_name":"Shining Light","player_choice":"Entered Light","floor":4,"damage_taken":0},{"event_name":"Scrap Ooze","player_choice":"unsuccessful","floor":12,"damage_taken":0},{"event_name":"Ghosts","player_choice":"Ignored","floor":21,"damage_taken":0},{"event_name":"NoteForYourself","player_choice":"Took Card","floor":22,"damage_taken":0}],"is_beta":true,"boss_relics":[{"not_picked":["Cursed Key","Astrolabe"],"picked":"Ring of the Serpent"}],"items_purged_floors":[],"is_endless":false,"potions_floor_spawned":[1,3,11,16,19],"killed_by":"Slaver and Parasite","ascension_level":3}