{"gold_per_floor":[117,117,45,45,61,61,94,94,146,158,195,207,247,259,271,402,414,442,369,365,17,17,17,0,0],"floor_reached":25,"playtime":2868,"items_purged":["Injury"],"score":224,"play_id":"fbd6390d-ef85-4a9d-902d-be58950a53b8","local_time":"20190909212353","is_ascension_mode":true,"campfire_choices":[{"data":"TalkToTheHand","floor":6,"key":"SMITH"},{"data":"Devotion","floor":8,"key":"SMITH"},{"data":"Crescendo","floor":10,"key":"SMITH"},{"floor":12,"key":"REST"},{"floor":15,"key":"REST"},{"data":"1","floor":23,"key":"LIFT"}],"neow_cost":"NONE","seed_source_timestamp":53673053712000,"circlet_count":0,"master_deck":["Strike_P","Strike_P","Strike_P","Strike_P","Defend_P","Defend_P","Defend_P","Vigilance","TalkToTheHand+1","Crescendo+1","Devotion+1","CutThroughFate","Protect","Adaptation","CutThroughFate","Wireheading","DeceiveReality","Nirvana","TalkToTheHand","Weave+1","Establishment"],"relics":["PureWater","Dream Catcher","Juzu Bracelet","MawBank","Strawberry","Sundial","Golden Idol","SacredBark","Girya","Bronze Scales","MutagenicStrength"],"potions_floor_usage":[11,25,25],"damage_taken":[{"damage":6,"enemies":"Jaw Worm","floor":1,"turns":4},{"damage":2,"enemies":"Small Slimes","floor":5,"turns":4},{"damage":16,"enemies":"Gremlin Nob","floor":7,"turns":5},{"damage":25,"enemies":"3 Sentries","floor":11,"turns":12},{"damage":43,"enemies":"Lagavulin","floor":13,"turns":6},{"damage":13,"enemies":"The Guardian","floor":16,"turns":14},{"damage":6,"enemies":"Chosen","floor":18,"turns":7},{"damage":31,"enemies":"2 Thieves","floor":20,"turns":4},{"damage":37,"enemies":"Slavers","floor":25,"turns":2}],"seed_played":"9195482650408803924","potions_obtained":[{"floor":7,"key":"GamblersBrew"},{"floor":13,"key":"FearPotion"}],"is_trial":false,"path_per_floor":["M","?","$","?","M","R","E","R","T","R","E","R","E","?","R","B",null,"M","?","M","$","?","R","?","E"],"character_chosen":"WATCHER","items_purchased":["Devotion","Bronze Scales","Poison Potion","Establishment"],"campfire_rested":2,"item_purchase_floors":[3,21,21,21],"current_hp_per_floor":[59,59,59,59,57,57,41,41,41,41,23,44,1,1,22,9,72,66,66,35,35,35,35,35,0],"gold":0,"neow_bonus":"RANDOM_COMMON_RELIC","is_prod":false,"is_daily":false,"chose_seed":false,"campfire_upgraded":3,"win_rate":0,"timestamp":1568089433,"path_taken":["M","?","$","?","M","R","E","R","T","R","E","R","E","?","R","BOSS","M","?","M","$","?","R","?","E"],"build_version":"2019-09-09v2","purchased_purges":1,"victory":false,"max_hp_per_floor":[65,65,65,65,65,65,65,65,65,65,72,72,72,72,72,72,72,72,72,72,72,72,72,72,72],"card_choices":[{"not_picked":["FollowUp","Halt"],"picked":"TalkToTheHand","floor":1},{"not_picked":["WreathOfFlame","StepAndStrike"],"picked":"CutThroughFate","floor":5},{"not_picked":["Sanctity","JustLucky"],"picked":"Protect","floor":7},{"not_picked":["Wallop","FlowState"],"picked":"Adaptation","floor":11},{"not_picked":["FollowUp","Protect"],"picked":"CutThroughFate","floor":12},{"not_picked":["SpiritShield","FlyingSleeves"],"picked":"Wireheading","floor":13},{"not_picked":["JustLucky","EmptyMind"],"picked":"DeceiveReality","floor":15},{"not_picked":["Vault","Blasphemy"],"picked":"Nirvana","floor":16},{"not_picked":["EmptyMind","JustLucky"],"picked":"TalkToTheHand","floor":18},{"not_picked":["Clarity","ForeignInfluence+1"],"picked":"Weave+1","floor":20}],"player_experience":334150,"relics_obtained":[{"floor":7,"key":"Juzu Bracelet"},{"floor":9,"key":"MawBank"},{"floor":11,"key":"Strawberry"},{"floor":13,"key":"Sundial"}],"event_choices":[{"damage_healed":0,"gold_gain":0,"cards_transformed":["Defend_P"],"player_choice":"Change","damage_taken":0,"max_hp_gain":0,"max_hp_loss":0,"event_name":"Living Wall","floor":2,"gold_loss":0,"cards_obtained":["Crescendo"]},{"cards_removed":["Eruption"],"damage_healed":0,"gold_gain":0,"player_choice":"Purged","damage_taken":0,"max_hp_gain":0,"max_hp_loss":0,"event_name":"Purifier","floor":4,"gold_loss":0},{"damage_healed":0,"gold_gain":0,"player_choice":"Take Wound","damage_taken":0,"relics_obtained":["Golden Idol"],"max_hp_gain":0,"max_hp_loss":0,"event_name":"Golden Idol","floor":14,"gold_loss":0,"cards_obtained":["Injury"]},{"damage_healed":0,"gold_gain":0,"player_choice":"Obtained Relic","damage_taken":0,"relics_obtained":["Girya"],"max_hp_gain":0,"max_hp_loss":0,"event_name":"Addict","floor":19,"gold_loss":85},{"damage_healed":0,"gold_gain":0,"player_choice":"Inject Mutagens","damage_taken":0,"relics_obtained":["MutagenicStrength"],"max_hp_gain":0,"max_hp_loss":0,"event_name":"Drug Dealer","floor":22,"gold_loss":0},{"damage_healed":0,"gold_gain":0,"player_choice":"Paid Fearfully","damage_taken":0,"max_hp_gain":0,"max_hp_loss":0,"event_name":"Masked Bandits","floor":24,"gold_loss":17}],"is_beta":true,"boss_relics":[{"not_picked":["Sozu","Ectoplasm"],"picked":"SacredBark"}],"items_purged_floors":[21],"is_endless":false,"potions_floor_spawned":[7,13],"killed_by":"Slavers","ascension_level":1}