{"gold_per_floor":[363,378,46,46,58,91,23,23,23,55,71,87,19,37,37,133,133,153,170,220,51,67,67,93,93,93,109,0,0,17,51,51,150,150,169,42,56,74,74,106,122,140,163,163,173,193,223,243,243,243],"floor_reached":50,"playtime":6626,"items_purged":[],"score":608,"play_id":"92190459-406d-44de-8d68-13854f35ac6a","local_time":"20190330151121","is_ascension_mode":false,"campfire_choices":[{"floor":8.0,"key":"REST"},{"data":"Infinite Blades","floor":15.0,"key":"SMITH"},{"floor":23,"key":"REST"},{"floor":25,"key":"REST"},{"floor":29,"key":"REST"},{"floor":32,"key":"REST"},{"floor":44,"key":"REST"},{"floor":49,"key":"REST"}],"neow_cost":"CURSE","seed_source_timestamp":0,"circlet_count":0,"master_deck":["Defend_G","Defend_G","Defend_G","Defend_G","Defend_G","Strike_G","Strike_G","Strike_G","Survivor","Neutralize","Blur","Blade Dance","Well Laid Plans","Poisoned Stab","Flying Knee","Deflect","Infinite Blades+1","Dodge and Roll","Dodge and Roll","Deflect","Noxious Fumes","Bouncing Flask","After Image+1","Flying Knee","Deflect","Footwork","Blade Dance","Backstab","Backflip+1","Footwork","Accuracy","Poisoned Stab","Blur","Bullet Time","Deadly Poison","Well Laid Plans","Dodge and Roll+1","Cloak And Dagger+1","Backflip","Noxious Fumes+1","Cloak And Dagger+1","Decay","Backstab","Bouncing Flask","Accuracy","After Image"],"special_seed":0,"relics":["Ring of the Snake","MealTicket","Letter Opener","PreservedInsect","Potion Belt","Empty Cage","Art of War","Ornamental Fan","Orichalcum","Cursed Key","Ice Cream","Blood Vial","Molten Egg 2"],"potions_floor_usage":[18,30,31,31,31,33,41,41,42,42,50,50],"damage_taken":[{"damage":4.0,"enemies":"2 Louse","floor":1.0,"turns":3.0},{"damage":0.0,"enemies":"Small Slimes","floor":2.0,"turns":5.0},{"damage":0.0,"enemies":"Cultist","floor":5.0,"turns":4.0},{"damage":37.0,"enemies":"Lagavulin","floor":6.0,"turns":9.0},{"damage":9.0,"enemies":"3 Sentries","floor":10.0,"turns":6.0},{"damage":0.0,"enemies":"2 Fungi Beasts","floor":11.0,"turns":4.0},{"damage":0.0,"enemies":"Blue Slaver","floor":12.0,"turns":4.0},{"damage":0.0,"enemies":"Lots of Slimes","floor":14.0,"turns":2.0},{"damage":9.0,"enemies":"Slime Boss","floor":16.0,"turns":11.0},{"damage":6,"enemies":"3 Byrds","floor":18,"turns":5},{"damage":13,"enemies":"Shell Parasite","floor":19,"turns":6},{"damage":18,"enemies":"Chosen and Byrds","floor":22,"turns":7},{"damage":36,"enemies":"Gremlin Leader","floor":24,"turns":7},{"damage":3,"enemies":"Snecko","floor":27,"turns":6},{"damage":2,"enemies":"Sentry and Sphere","floor":30,"turns":7},{"damage":19,"enemies":"Slavers","floor":31,"turns":4},{"damage":10,"enemies":"Collector","floor":33,"turns":13},{"damage":4,"enemies":"3 Shapes","floor":35,"turns":5},{"damage":12,"enemies":"Orb Walker","floor":37,"turns":5},{"damage":3,"enemies":"Maw","floor":38,"turns":9},{"damage":27,"enemies":"Reptomancer","floor":40,"turns":8},{"damage":25,"enemies":"Transient","floor":41,"turns":5},{"damage":0,"enemies":"Sphere and 2 Shapes","floor":42,"turns":7},{"damage":0,"enemies":"Writhing Mass","floor":45,"turns":9},{"damage":10,"enemies":"4 Shapes","floor":46,"turns":5},{"damage":3,"enemies":"Giant Head","floor":47,"turns":8},{"damage":20,"enemies":"Maw","floor":48,"turns":8},{"damage":48,"enemies":"Awakened One","floor":50,"turns":5}],"seed_played":"-5481087589876475072","potions_obtained":[{"floor":2.0,"key":"GhostInAJar"},{"floor":6.0,"key":"SkillPotion"},{"floor":11.0,"key":"Fire Potion"},{"floor":14.0,"key":"Energy Potion"},{"floor":22,"key":"Swift Potion"},{"floor":24,"key":"GamblersBrew"},{"floor":27,"key":"Explosive Potion"},{"floor":31,"key":"Poison Potion"},{"floor":33,"key":"Regen Potion"},{"floor":37,"key":"PowerPotion"},{"floor":38,"key":"FearPotion"},{"floor":46,"key":"SpeedPotion"},{"floor":47,"key":"SteroidPotion"}],"is_trial":false,"path_per_floor":["M","M","$","?","M","E","$","R","T","E","M","M","$","M","R","B",null,"M","M","?","$","M","R","E","R","T","M","?","R","M","E","R","B",null,"M","$","M","M","?","E","M","M","T","R","M","M","E","M","R","B"],"character_chosen":"THE_SILENT","items_purchased":["Well Laid Plans","MealTicket","Poisoned Stab","Infinite Blades","Noxious Fumes","Footwork","Blade Dance","Backstab","Deadly Poison","Well Laid Plans"],"campfire_rested":7,"item_purchase_floors":[3,3,3,7,13,21,21,21,36,36],"current_hp_per_floor":[66,66,66,59,59,22,37,58,58,49,49,49,64,64,64,55,70,64,51,51,51,33,54,18,39,39,36,36,57,55,36,57,47,70,66,70,58,55,55,28,3,18,18,39,41,33,32,14,35,0],"gold":243,"neow_bonus":"TWO_FIFTY_GOLD","is_prod":false,"is_daily":false,"chose_seed":false,"campfire_upgraded":1,"win_rate":0,"timestamp":1553983881,"path_taken":["M","M","$","?","M","E","$","R","T","E","M","M","$","M","R","BOSS","M","M","?","?","M","R","E","R","T","M","?","R","M","E","R","BOSS","M","$","M","M","?","E","?","M","T","R","M","M","E","M","R","BOSS"],"build_version":"2019-03-15","purchased_purges":0,"victory":false,"max_hp_per_floor":[70,70,70,70,70,70,70,70,70,70,70,70,70,70,70,70,70,70,70,70,70,70,70,70,70,70,70,70,70,70,70,70,70,70,70,70,70,70,70,70,70,70,70,70,70,70,70,70,70,70],"card_choices":[{"not_picked":["Bouncing Flask","Sucker Punch"],"picked":"Blur","floor":1.0},{"not_picked":["Deflect","PiercingWail"],"picked":"Blade Dance","floor":2.0},{"not_picked":["Underhanded Strike","Backflip"],"picked":"Flying Knee","floor":5.0},{"not_picked":["PiercingWail","Malaise"],"picked":"Deflect","floor":6.0},{"not_picked":["Choke","Calculated Gamble"],"picked":"Dodge and Roll","floor":10.0},{"not_picked":["Bane","Dash"],"picked":"Dodge and Roll","floor":11.0},{"not_picked":["Skewer","Dash"],"picked":"Deflect","floor":12.0},{"not_picked":["Dash","Leg Sweep"],"picked":"Bouncing Flask","floor":14.0},{"not_picked":["Bullet Time","Storm of Steel"],"picked":"After Image","floor":16.0},{"not_picked":["Dash","All Out Attack"],"picked":"Flying Knee","floor":18},{"not_picked":["Bane+1","Acrobatics"],"picked":"Deflect","floor":19},{"not_picked":["Acrobatics","Riddle With Holes+1"],"picked":"Backflip+1","floor":22},{"not_picked":["Dagger Spray","Predator"],"picked":"Footwork","floor":24},{"not_picked":["Blade Dance","Prepared"],"picked":"Accuracy","floor":27},{"not_picked":["Dagger Spray","Catalyst"],"picked":"Poisoned Stab","floor":30},{"not_picked":["Adrenaline","Underhanded Strike"],"picked":"Blur","floor":31},{"not_picked":["Night Terror","Storm of Steel"],"picked":"Bullet Time","floor":33},{"not_picked":["Masterful Stab","Heel Hook","Dash"],"picked":"SKIP","floor":35},{"not_picked":["Poisoned Stab","Heel Hook+1"],"picked":"Dodge and Roll+1","floor":37},{"not_picked":["Dagger Spray+1","Reflex+1"],"picked":"Cloak And Dagger+1","floor":38},{"not_picked":["All Out Attack+1","Dagger Throw"],"picked":"Backflip","floor":40},{"not_picked":["Blade Dance+1","PiercingWail+1"],"picked":"Noxious Fumes+1","floor":41},{"not_picked":["Acrobatics","Terror"],"picked":"Cloak And Dagger+1","floor":42},{"not_picked":["Die Die Die","Deadly Poison"],"picked":"Backstab","floor":45},{"not_picked":["Eviscerate","Quick Slash"],"picked":"Bouncing Flask","floor":46},{"not_picked":["Deadly Poison","Riddle With Holes"],"picked":"Accuracy","floor":47},{"not_picked":["Outmaneuver+1","Masterful Stab+1"],"picked":"After Image","floor":48}],"player_experience":261771,"relics_obtained":[{"floor":6.0,"key":"Letter Opener"},{"floor":9.0,"key":"PreservedInsect"},{"floor":10.0,"key":"Potion Belt"},{"floor":24,"key":"Art of War"},{"floor":26,"key":"Ornamental Fan"},{"floor":31,"key":"Orichalcum"},{"floor":40,"key":"Ice Cream"},{"floor":43,"key":"Blood Vial"},{"floor":47,"key":"Molten Egg 2"}],"event_choices":[{"cards_removed":["Decay"],"damage_healed":0.0,"max_hp_gain":0.0,"max_hp_loss":0.0,"gold_gain":0.0,"event_name":"Golden Wing","player_choice":"Card Removal","floor":4.0,"gold_loss":0.0,"damage_taken":7.0},{"damage_healed":0,"gold_gain":100,"player_choice":"Bet on Murderer","damage_taken":0,"max_hp_gain":0,"max_hp_loss":0,"event_name":"The Joust","floor":20,"gold_loss":50},{"damage_healed":0,"gold_gain":0,"player_choice":"Paid Fearfully","damage_taken":0,"max_hp_gain":0,"max_hp_loss":0,"event_name":"Masked Bandits","floor":28,"gold_loss":109},{"damage_healed":0,"gold_gain":0,"player_choice":"Forge","damage_taken":0,"max_hp_gain":0,"max_hp_loss":0,"event_name":"Accursed Blacksmith","floor":39,"gold_loss":0,"cards_upgraded":["After Image"]}],"is_beta":true,"boss_relics":[{"not_picked":["Black Star","Runic Dome"],"picked":"Empty Cage"},{"not_picked":["Tiny House","Coffee Dripper"],"picked":"Cursed Key"}],"items_purged_floors":[],"is_endless":false,"potions_floor_spawned":[2,6,11,14,22,24,27,31,33,37,38,46,47],"killed_by":"Awakened One","ascension_level":0}