{"gold_per_floor":[115,115,15,15,26,54,54,69,69,98,115,115,135,148,148,249,249,262,262,11,28,28,28,45,45,70,82,110,110,125,141,141,141],"floor_reached":33,"playtime":1720,"items_purged":["Strike_R","Strike_R"],"score":304,"play_id":"41baaec6-f2ef-4f34-abac-a80bb0dbd203","local_time":"20190901180301","is_ascension_mode":false,"campfire_choices":[{"data":"Cleave","floor":7,"key":"SMITH"},{"data":"Bludgeon","floor":15,"key":"SMITH"},{"data":"Evolve","floor":23,"key":"SMITH"},{"data":"Bash","floor":25,"key":"SMITH"},{"data":"1","floor":32,"key":"LIFT"}],"neow_cost":"CURSE","seed_source_timestamp":92024926327945,"circlet_count":0,"master_deck":["Defend_R","Defend_R","Defend_R","Defend_R","Bash+1","Bludgeon+1","Cleave+1","Twin Strike","Twin Strike","Pommel Strike+1","Shrug It Off","Seeing Red","Evolve+1","Disarm","Immolate+1","Battle Trance","Thunderclap","Bite","Bite","Bite","Bite","Bite","Heavy Blade","Wild Strike","Flame Barrier","Heavy Blade+1"],"relics":["Burning Blood","Mercury Hourglass","Orichalcum","Unceasing Top","Anchor","Lantern","Snecko Eye","Whetstone","Oddly Smooth Stone","Girya","Molten Egg 2"],"potions_floor_usage":[10,10,28,28,28,33,33],"damage_taken":[{"damage":2,"enemies":"2 Louse","floor":1,"turns":3},{"damage":1,"enemies":"Cultist","floor":5,"turns":3},{"damage":13,"enemies":"3 Sentries","floor":6,"turns":5},{"damage":6,"enemies":"Jaw Worm","floor":8,"turns":2},{"damage":12,"enemies":"Lagavulin","floor":10,"turns":3},{"damage":0,"enemies":"Looter","floor":11,"turns":2},{"damage":0,"enemies":"Exordium Wildlife","floor":13,"turns":3},{"damage":0,"enemies":"3 Louse","floor":14,"turns":1},{"damage":35,"enemies":"The Guardian","floor":16,"turns":10},{"damage":0,"enemies":"Spheric Guardian","floor":18,"turns":2},{"damage":12,"enemies":"2 Thieves","floor":21,"turns":3},{"damage":0,"enemies":"Snecko","floor":24,"turns":2},{"damage":0,"enemies":"Centurion and Healer","floor":27,"turns":4},{"damage":20,"enemies":"Slavers","floor":28,"turns":2},{"damage":4,"enemies":"Sentry and Sphere","floor":30,"turns":3},{"damage":4,"enemies":"3 Cultists","floor":31,"turns":3},{"damage":91,"enemies":"Automaton","floor":33,"turns":6}],"seed_played":"-669721478512825514","potions_obtained":[{"floor":8,"key":"PowerPotion"},{"floor":10,"key":"Fruit Juice"},{"floor":14,"key":"Weak Potion"},{"floor":16,"key":"BloodPotion"},{"floor":24,"key":"LiquidBronze"},{"floor":27,"key":"Energy Potion"},{"floor":30,"key":"Energy Potion"},{"floor":31,"key":"Energy Potion"}],"is_trial":false,"path_per_floor":["M","?","$","?","M","E","R","M","T","E","M","?","M","M","R","B",null,"M","?","$","M","?","R","M","R","T","M","E","T","M","M","R","B"],"character_chosen":"IRONCLAD","items_purchased":["Twin Strike","Whetstone"],"campfire_rested":0,"item_purchase_floors":[3,20],"current_hp_per_floor":[80,73,73,61,66,59,59,59,59,58,64,64,70,76,76,47,85,85,85,85,79,59,59,59,59,59,59,59,59,59,59,59,0],"gold":141,"neow_bonus":"THREE_RARE_CARDS","is_prod":false,"is_daily":false,"chose_seed":false,"campfire_upgraded":4,"win_rate":0.0,"timestamp":1567386181,"path_taken":["M","?","$","?","M","E","R","M","T","E","M","?","M","?","R","BOSS","M","?","?","M","?","R","M","R","T","M","E","?","M","M","R","BOSS"],"build_version":"2019-07-17","purchased_purges":2,"victory":false,"max_hp_per_floor":[80,80,80,80,80,80,80,80,80,85,85,85,85,85,85,85,85,85,85,85,85,59,59,59,59,59,59,59,59,59,59,59,59],"card_choices":[{"not_picked":["Offering","Fiend Fire"],"picked":"Bludgeon","floor":0},{"not_picked":["Shockwave","Warcry"],"picked":"Cleave","floor":1},{"not_picked":["Clash","Dropkick"],"picked":"Twin Strike","floor":5},{"not_picked":["Sword Boomerang","Combust"],"picked":"Pommel Strike","floor":6},{"not_picked":["Cleave","Bloodletting"],"picked":"Clothesline","floor":8},{"not_picked":["Rage","Juggernaut"],"picked":"Shrug It Off","floor":10},{"not_picked":["Wild Strike","Cleave"],"picked":"Seeing Red","floor":11},{"not_picked":["Hemokinesis","Flame Barrier"],"picked":"Evolve","floor":13},{"not_picked":["Power Through","Searing Blow"],"picked":"Disarm","floor":14},{"not_picked":["Feed","Berserk"],"picked":"Immolate","floor":16},{"not_picked":["Headbutt","Uppercut+1"],"picked":"Battle Trance","floor":18},{"not_picked":["Warcry","Bloodletting+1"],"picked":"Thunderclap","floor":21},{"not_picked":["Shrug It Off","Warcry+1"],"picked":"Heavy Blade","floor":24},{"not_picked":["Cleave+1","Hemokinesis"],"picked":"Wild Strike","floor":27},{"not_picked":["Anger","Disarm"],"picked":"Flame Barrier","floor":28},{"not_picked":["Blood for Blood+1","Sever Soul+1"],"picked":"Heavy Blade+1","floor":30},{"not_picked":["Perfected Strike+1","Infernal Blade","True Grit"],"picked":"SKIP","floor":31}],"player_experience":25261,"relics_obtained":[{"floor":6,"key":"Orichalcum"},{"floor":9,"key":"Unceasing Top"},{"floor":10,"key":"Anchor"},{"floor":26,"key":"Oddly Smooth Stone"},{"floor":28,"key":"Girya"},{"floor":29,"key":"Molten Egg 2"}],"event_choices":[{"cards_removed":["Decay"],"damage_healed":0,"gold_gain":0,"player_choice":"Card Removal","damage_taken":7,"max_hp_gain":0,"max_hp_loss":0,"event_name":"Golden Wing","floor":2,"gold_loss":0},{"damage_healed":0,"gold_gain":0,"player_choice":"Success","damage_taken":12,"relics_obtained":["Mercury Hourglass"],"max_hp_gain":0,"max_hp_loss":0,"event_name":"Scrap Ooze","floor":4,"gold_loss":0},{"cards_removed":["Clothesline"],"damage_healed":0,"gold_gain":0,"player_choice":"Gave Card","damage_taken":0,"relics_obtained":["Lantern"],"max_hp_gain":0,"max_hp_loss":0,"event_name":"WeMeetAgain","floor":12,"gold_loss":0},{"cards_removed":["Strike_R"],"damage_healed":0,"gold_gain":0,"player_choice":"Purged","damage_taken":0,"max_hp_gain":0,"max_hp_loss":0,"event_name":"Purifier","floor":19,"gold_loss":0},{"damage_healed":0,"gold_gain":0,"player_choice":"Became a vampire","damage_taken":0,"max_hp_gain":0,"max_hp_loss":26,"event_name":"Vampires","floor":22,"gold_loss":0,"cards_obtained":["Bite","Bite","Bite","Bite","Bite"]}],"is_beta":false,"boss_relics":[{"not_picked":["Calling Bell","Black Star"],"picked":"Snecko Eye"}],"items_purged_floors":[3,20],"is_endless":false,"potions_floor_spawned":[5,8,10,14,16,24,27,30,31],"killed_by":"Automaton","ascension_level":0}