{"gold_per_floor":[114,114,133,193,207,207,235,245,292,358,392,442,55,105,105,200,200,212,262,312,322,388,388,400,430,430,25,102,7,73,85,85,180,180,195,207,303,353,403,429,429,439,439,455,455,605,655,674,674,674],"floor_reached":50,"playtime":3355,"items_purged":["Defend_R"],"score":630,"play_id":"adac17b9-0580-4223-8295-aecc50a13199","local_time":"20190909184248","is_ascension_mode":true,"campfire_choices":[{"floor":6.0,"key":"RECALL"},{"data":"1","floor":15.0,"key":"LIFT"},{"floor":23.0,"key":"REST"},{"floor":32.0,"key":"REST"},{"floor":41.0,"key":"REST"},{"floor":45,"key":"REST"},{"floor":49,"key":"REST"}],"neow_cost":"NONE","seed_source_timestamp":2107891261750000,"circlet_count":0,"master_deck":["Strike_R","Strike_R","Strike_R","Strike_R","Strike_R","Defend_R","Defend_R","Bash","Berserk","Flex","Rage","Ghostly Armor","Cleave","Berserk+1","Intimidate","Flex","Offering","Carnage","Blood for Blood","Intimidate","Reaper","Inflame","Spot Weakness+1","Blood for Blood","Flex+1","Shrug It Off+1","Writhe","Corruption+1","Shrug It Off+1","Limit Break","Blood for Blood+1","Limit Break","Heavy Blade+1"],"special_seed":0,"relics":["Black Blood","SsserpentHead","Girya","Regal Pillow","The Courier","Shuriken","Matryoshka","Enchiridion","Bag of Marbles","Anchor","Toy Ornithopter","Bottled Lightning","MawBank","Blood Vial","Lizard Tail","Peace Pipe","Darkstone Periapt","Frozen Egg 2","Gambling Chip"],"potions_floor_usage":[50,50],"damage_taken":[{"damage":3.0,"enemies":"Small Slimes","floor":1.0,"turns":3.0},{"damage":8.0,"enemies":"Cultist","floor":3.0,"turns":4.0},{"damage":11.0,"enemies":"Jaw Worm","floor":4.0,"turns":4.0},{"damage":23.0,"enemies":"Blue Slaver","floor":5.0,"turns":5.0},{"damage":36.0,"enemies":"3 Sentries","floor":7.0,"turns":9.0},{"damage":6.0,"enemies":"Looter","floor":8.0,"turns":3.0},{"damage":0.0,"enemies":"3 Louse","floor":10.0,"turns":3.0},{"damage":6.0,"enemies":"Gremlin Nob","floor":11.0,"turns":2.0},{"damage":37.0,"enemies":"Slime Boss","floor":16.0,"turns":13.0},{"damage":35.0,"enemies":"2 Thieves","floor":18.0,"turns":4.0},{"damage":27.0,"enemies":"Shell Parasite","floor":22.0,"turns":6.0},{"damage":27.0,"enemies":"Centurion and Healer","floor":24.0,"turns":6.0},{"damage":36.0,"enemies":"Gremlin Leader","floor":25.0,"turns":5.0},{"damage":11.0,"enemies":"Snake Plant","floor":30.0,"turns":3.0},{"damage":11.0,"enemies":"Snecko","floor":31.0,"turns":3.0},{"damage":54.0,"enemies":"Champ","floor":33.0,"turns":10.0},{"damage":6.0,"enemies":"Orb Walker","floor":35.0,"turns":2.0},{"damage":54.0,"enemies":"3 Darklings","floor":36.0,"turns":5.0},{"damage":61.0,"enemies":"2 Orb Walkers","floor":37.0,"turns":5.0},{"damage":73.0,"enemies":"Nemesis","floor":40.0,"turns":7.0},{"damage":74,"enemies":"Transient","floor":42,"turns":5},{"damage":26,"enemies":"Sphere and 2 Shapes","floor":44,"turns":3},{"damage":12,"enemies":"Mind Bloom Boss Battle","floor":46,"turns":6},{"damage":30,"enemies":"4 Shapes","floor":48,"turns":7},{"damage":117,"enemies":"Time Eater","floor":50,"turns":8}],"seed_played":"-4234323941943252972","potions_obtained":[{"floor":4.0,"key":"SkillPotion"},{"floor":7.0,"key":"AttackPotion"},{"floor":10.0,"key":"Poison Potion"},{"floor":33.0,"key":"LiquidBronze"},{"floor":40.0,"key":"SpeedPotion"},{"floor":42,"key":"Energy Potion"},{"floor":46,"key":"LiquidBronze"}],"is_trial":false,"path_per_floor":["M","?","M","M","M","R","E","M","T","M","E","?","$","?","R","B",null,"M","?","?","?","M","R","M","E","T","$","T","$","M","M","R","B",null,"M","M","?","?","?","E","R","M","T","M","R","?","?","M","R","B"],"character_chosen":"IRONCLAD","items_purchased":["Shuriken","Matryoshka","Toy Ornithopter","Bottled Lightning","Energy Potion","Swift Potion","Regen Potion"],"campfire_rested":5,"item_purchase_floors":[13,13,27,27,27,29,29],"current_hp_per_floor":[80,80,78,73,56,56,26,26,26,32,32,58,58,51,51,20,80,55,55,39,39,22,61,44,18,18,18,18,18,26,51,80,42,80,80,52,15,15,35,28,67,22,22,34,73,80,80,66,80,0],"gold":674,"neow_bonus":"ONE_RANDOM_RARE_CARD","is_prod":false,"is_daily":false,"chose_seed":false,"campfire_upgraded":0,"win_rate":0,"timestamp":1568068968,"path_taken":["M","?","M","?","M","R","E","M","T","?","E","?","$","?","R","BOSS","M","?","?","?","?","R","M","E","T","$","?","?","?","M","R","BOSS","M","M","?","?","?","E","R","M","T","M","R","?","?","M","R","BOSS"],"build_version":"2019-07-17","purchased_purges":1,"victory":false,"max_hp_per_floor":[80,80,80,80,80,80,80,80,80,80,80,80,80,80,80,80,80,80,80,80,80,80,80,80,80,80,80,80,80,80,80,80,80,80,80,80,80,80,80,80,80,80,80,80,80,80,80,80,80,80],"card_choices":[{"not_picked":["Warcry","Shrug It Off"],"picked":"Flex","floor":1.0},{"not_picked":["Flex","Warcry"],"picked":"Rage","floor":3.0},{"not_picked":["Pommel Strike","Thunderclap"],"picked":"Ghostly Armor","floor":4.0},{"not_picked":["Iron Wave","Clash"],"picked":"Cleave","floor":5.0},{"not_picked":["Armaments","Clash"],"picked":"Berserk","floor":7.0},{"not_picked":["Shrug It Off","Rupture"],"picked":"Intimidate","floor":8.0},{"not_picked":["Headbutt","Reckless Charge","Twin Strike"],"picked":"SKIP","floor":10.0},{"not_picked":["Feel No Pain","Warcry"],"picked":"Flex","floor":11.0},{"not_picked":["Dark Embrace","Feed"],"picked":"Offering","floor":16.0},{"not_picked":["Pummel","Clash"],"picked":"Carnage","floor":18.0},{"not_picked":["Thunderclap","Shrug It Off","Dropkick"],"picked":"SKIP","floor":22.0},{"not_picked":["Warcry+1","Battle Trance"],"picked":"Intimidate","floor":24.0},{"not_picked":["Fiend Fire","True Grit"],"picked":"Reaper","floor":25.0},{"not_picked":["Combust","Twin Strike"],"picked":"Inflame","floor":30.0},{"not_picked":["Corruption","Second Wind"],"picked":"Spot Weakness+1","floor":31.0},{"not_picked":["Armaments+1","Hemokinesis"],"picked":"Blood for Blood","floor":35.0},{"not_picked":["Twin Strike","Clothesline+1"],"picked":"Flex+1","floor":36.0},{"not_picked":["Whirlwind","True Grit"],"picked":"Shrug It Off+1","floor":37.0},{"not_picked":["Thunderclap","Clash+1"],"picked":"Corruption+1","floor":40.0},{"not_picked":["Perfected Strike","Sword Boomerang"],"picked":"Shrug It Off+1","floor":42},{"not_picked":["Corruption+1","Headbutt"],"picked":"Limit Break","floor":44},{"not_picked":["Clothesline","Battle Trance+1"],"picked":"Blood for Blood+1","floor":46},{"not_picked":["Pummel","Flex"],"picked":"Heavy Blade+1","floor":48}],"player_experience":61232,"relics_obtained":[{"floor":7.0,"key":"Girya"},{"floor":9.0,"key":"Regal Pillow"},{"floor":11.0,"key":"The Courier"},{"floor":20.0,"key":"Enchiridion"},{"floor":25.0,"key":"Bag of Marbles"},{"floor":26.0,"key":"Anchor"},{"floor":28.0,"key":"MawBank"},{"floor":28.0,"key":"Blood Vial"},{"floor":37.0,"key":"Peace Pipe"},{"floor":40.0,"key":"Darkstone Periapt"},{"floor":43,"key":"Frozen Egg 2"},{"floor":46,"key":"Gambling Chip"}],"event_choices":[{"damage_healed":0.0,"max_hp_gain":0.0,"max_hp_loss":0.0,"gold_gain":0.0,"event_name":"FaceTrader","player_choice":"Trade","floor":2.0,"gold_loss":0.0,"damage_taken":0.0,"relics_obtained":["SsserpentHead"]},{"damage_healed":26.0,"max_hp_gain":0.0,"max_hp_loss":0.0,"gold_gain":0.0,"event_name":"Big Fish","player_choice":"Banana","floor":12.0,"gold_loss":0.0,"damage_taken":0.0},{"cards_removed":["Defend_R"],"damage_healed":0.0,"max_hp_gain":0.0,"max_hp_loss":0.0,"gold_gain":0.0,"event_name":"Golden Wing","player_choice":"Card Removal","floor":14.0,"gold_loss":0.0,"damage_taken":7.0},{"damage_healed":0.0,"max_hp_gain":0.0,"max_hp_loss":0.0,"gold_gain":0.0,"event_name":"The Library","player_choice":"Read","floor":19.0,"gold_loss":0.0,"damage_taken":0.0,"cards_obtained":["Blood for Blood"]},{"damage_healed":0.0,"max_hp_gain":0.0,"max_hp_loss":0.0,"gold_gain":0.0,"event_name":"Cursed Tome","player_choice":"Obtained Book","floor":20.0,"gold_loss":0.0,"damage_taken":16.0},{"damage_healed":0.0,"max_hp_gain":0.0,"max_hp_loss":0.0,"gold_gain":0.0,"event_name":"Designer","player_choice":"Upgrade","floor":21.0,"gold_loss":40.0,"damage_taken":0.0,"cards_upgraded":["Berserk"]},{"damage_healed":0.0,"max_hp_gain":0.0,"max_hp_loss":0.0,"gold_gain":0.0,"event_name":"Mysterious Sphere","player_choice":"Fight","floor":37.0,"gold_loss":0.0,"damage_taken":0.0},{"damage_healed":0.0,"max_hp_gain":0.0,"max_hp_loss":0.0,"gold_gain":0.0,"event_name":"Tomb of Lord Red Mask","player_choice":"Ignored","floor":38.0,"gold_loss":0.0,"damage_taken":0.0},{"damage_healed":20.0,"max_hp_gain":0.0,"max_hp_loss":0.0,"gold_gain":0.0,"event_name":"Winding Halls","player_choice":"Writhe","floor":39.0,"gold_loss":0.0,"damage_taken":0.0,"cards_obtained":["Writhe"]},{"damage_healed":0,"gold_gain":0,"player_choice":"Fight","damage_taken":0,"max_hp_gain":0,"max_hp_loss":0,"event_name":"MindBloom","floor":46,"gold_loss":0},{"damage_healed":0,"gold_gain":0,"player_choice":"Copied","damage_taken":0,"max_hp_gain":0,"max_hp_loss":0,"event_name":"Duplicator","floor":47,"gold_loss":0,"cards_obtained":["Limit Break"]}],"is_beta":false,"boss_relics":[{"not_picked":["White Beast Statue","Runic Pyramid"],"picked":"Black Blood"},{"not_picked":["Snecko Eye","Eternal Feather"],"picked":"Lizard Tail"}],"items_purged_floors":[29],"is_endless":false,"potions_floor_spawned":[4,7,10,30,33,40,42,46,48],"killed_by":"Time Eater","ascension_level":1}