{"gold_per_floor":[114,289,289,304,304,304,0,30,30,44,60,73,73,39,39,158,158,183,204,218,143,143,163,178,178,178,178,192,192],"floor_reached":29,"playtime":2066,"items_purged":["Doubt"],"score":217,"play_id":"f2ecb98a-f63f-429e-8835-817ddb2f7bdf","local_time":"20190908123308","is_ascension_mode":false,"campfire_choices":[{"data":"Noxious Fumes","floor":6.0,"key":"SMITH"},{"floor":15.0,"key":"REST"},{"floor":27,"key":"REST"}],"neow_cost":"NONE","seed_source_timestamp":0,"circlet_count":0,"master_deck":["Strike_G","Strike_G","Strike_G","Strike_G","Strike_G","Defend_G","Defend_G","Defend_G","Defend_G","Defend_G","Survivor+1","Neutralize","Noxious Fumes+1","Prepared","Sadistic Nature","Deflect","Noxious Fumes","PiercingWail","Deadly Poison+1","Endless Agony","Escape Plan","Escape Plan","Burst","Deflect+1","Bane+1","Noxious Fumes","Endless Agony+1","Deflect+1","Tools of the Trade"],"special_seed":0,"relics":["Ring of the Snake","Golden Idol","Tiny Chest","Potion Belt","Molten Egg 2","White Beast Statue","War Paint","Bronze Scales"],"potions_floor_usage":[19,20,24,24],"damage_taken":[{"damage":0.0,"enemies":"2 Louse","floor":1.0,"turns":3.0},{"damage":0.0,"enemies":"Jaw Worm","floor":4.0,"turns":4.0},{"damage":0.0,"enemies":"Cultist","floor":10.0,"turns":4.0},{"damage":2.0,"enemies":"Large Slime","floor":11.0,"turns":6.0},{"damage":21.0,"enemies":"Gremlin Gang","floor":12.0,"turns":3.0},{"damage":27.0,"enemies":"The Guardian","floor":16.0,"turns":10.0},{"damage":16,"enemies":"Shell Parasite","floor":18,"turns":8},{"damage":16,"enemies":"3 Byrds","floor":19,"turns":6},{"damage":22,"enemies":"Snake Plant","floor":20,"turns":6},{"damage":14,"enemies":"Shelled Parasite and Fungi","floor":23,"turns":7},{"damage":30,"enemies":"Snecko","floor":24,"turns":6},{"damage":21,"enemies":"Centurion and Healer","floor":28,"turns":7},{"damage":21,"enemies":"3 Cultists","floor":29,"turns":3}],"seed_played":"-2163833623682529324","potions_obtained":[{"floor":4.0,"key":"Energy Potion"},{"floor":12.0,"key":"Dexterity Potion"},{"floor":18,"key":"PowerPotion"},{"floor":19,"key":"Regen Potion"},{"floor":20,"key":"Weak Potion"},{"floor":23,"key":"Fire Potion"},{"floor":24,"key":"LiquidBronze"},{"floor":28,"key":"Strength Potion"}],"is_trial":false,"path_per_floor":["M","?","?","M","?","R","$","T","T","M","M","M","?","$","R","B",null,"M","M","M","$","?","M","M","T","T","R","M","M"],"character_chosen":"THE_SILENT","items_purchased":["Sadistic Nature","Deflect","Noxious Fumes","PiercingWail","Escape Plan"],"campfire_rested":2,"item_purchase_floors":[7,7,7,7,14],"current_hp_per_floor":[70,70,53,53,58,58,58,58,58,58,56,35,35,35,57,30,75,59,43,36,36,61,47,17,17,17,39,18,0],"gold":192,"neow_bonus":"UPGRADE_CARD","is_prod":false,"is_daily":false,"chose_seed":false,"campfire_upgraded":1,"win_rate":0,"timestamp":1567960388,"path_taken":["M","?","?","M","?","R","$","?","T","?","M","M","?","$","R","BOSS","M","M","?","$","?","M","M","?","T","R","M","?"],"build_version":"2019-07-17","purchased_purges":1,"victory":false,"max_hp_per_floor":[70,70,70,70,75,75,75,75,75,75,75,75,75,75,75,75,75,75,75,75,75,75,75,75,75,75,75,75,75],"card_choices":[{"not_picked":["Backflip","Caltrops"],"picked":"Noxious Fumes","floor":1.0},{"not_picked":["Acrobatics","Cloak And Dagger"],"picked":"Prepared","floor":4.0},{"not_picked":["Prepared","Terror"],"picked":"Deadly Poison","floor":10.0},{"not_picked":["Backflip","Prepared"],"picked":"Endless Agony","floor":11.0},{"not_picked":["Footwork","Outmaneuver"],"picked":"Escape Plan","floor":12.0},{"not_picked":["Storm of Steel","Unload+1"],"picked":"Burst","floor":16.0},{"not_picked":["Underhanded Strike+1","Cloak And Dagger"],"picked":"Deflect","floor":18},{"not_picked":["Acrobatics","Dagger Spray+1"],"picked":"Bane+1","floor":19},{"not_picked":["Underhanded Strike+1","Predator+1"],"picked":"Noxious Fumes","floor":20},{"not_picked":["Dagger Throw+1","Underhanded Strike+1"],"picked":"Endless Agony+1","floor":23},{"not_picked":["Dagger Throw+1","Quick Slash+1"],"picked":"Deflect+1","floor":24},{"not_picked":["Deflect","Setup"],"picked":"Tools of the Trade","floor":28}],"player_experience":48308,"relics_obtained":[{"floor":8.0,"key":"Tiny Chest"},{"floor":9.0,"key":"Potion Belt"},{"floor":25,"key":"War Paint"},{"floor":26,"key":"Bronze Scales"}],"event_choices":[{"damage_healed":0.0,"max_hp_gain":0.0,"max_hp_loss":0.0,"gold_gain":175.0,"event_name":"Liars Game","player_choice":"AGREE","floor":2.0,"gold_loss":0.0,"damage_taken":0.0,"cards_obtained":["Doubt"]},{"damage_healed":0.0,"max_hp_gain":0.0,"max_hp_loss":0.0,"gold_gain":0.0,"event_name":"Golden Idol","player_choice":"Take Damage","floor":3.0,"gold_loss":0.0,"damage_taken":17.0,"relics_obtained":["Golden Idol"]},{"damage_healed":0.0,"max_hp_gain":5.0,"max_hp_loss":0.0,"gold_gain":0.0,"event_name":"Big Fish","player_choice":"Donut","floor":5.0,"gold_loss":0.0,"damage_taken":0.0},{"damage_healed":0.0,"max_hp_gain":0.0,"max_hp_loss":0.0,"gold_gain":0.0,"event_name":"WeMeetAgain","player_choice":"Gave Potion","floor":13.0,"gold_loss":0.0,"damage_taken":0.0,"relics_obtained":["Molten Egg 2"]},{"damage_healed":25,"gold_gain":0,"player_choice":"Heal","damage_taken":0,"max_hp_gain":0,"max_hp_loss":0,"event_name":"The Library","floor":22,"gold_loss":0}],"is_beta":false,"boss_relics":[{"not_picked":["Cursed Key","Velvet Choker"],"picked":"White Beast Statue"}],"items_purged_floors":[21],"is_endless":false,"potions_floor_spawned":[4,12,18,19,20,23,24,28],"killed_by":"3 Cultists","ascension_level":0}