{"gold_per_floor":[113,38,38,56,75,103,113,148,171,171,171,171,187,199,199,299,299,317,417,417,377,389,404,104,104,130,130],"floor_reached":27,"playtime":884,"items_purged":["Strike_B"],"score":234,"play_id":"156a862d-2269-43d2-89eb-a0d891af74b5","local_time":"20190910190108","is_ascension_mode":true,"campfire_choices":[{"floor":10.0,"key":"RECALL"},{"floor":12.0,"key":"REST"},{"data":"Double Energy","floor":15.0,"key":"SMITH"}],"neow_cost":"NONE","seed_source_timestamp":10042511486043,"circlet_count":0,"master_deck":["Strike_B","Strike_B","Strike_B","Defend_B","Defend_B","Defend_B","Defend_B","Zap","Dualcast","BootSequence","Cold Snap","Conserve Battery","Tempest","Ball Lightning","Auto Shields","Double Energy+1","Reboot","Necronomicurse","Blizzard+1","Cold Snap"],"special_seed":0,"relics":["Cracked Core","NeowsBlessing","Juzu Bracelet","Art of War","Black Star","Necronomicon","Torii","Lantern"],"potions_floor_usage":[],"damage_taken":[{"damage":0.0,"enemies":"Jaw Worm","floor":1.0,"turns":1.0},{"damage":0.0,"enemies":"Cultist","floor":4.0,"turns":1.0},{"damage":0.0,"enemies":"Small Slimes","floor":5.0,"turns":1.0},{"damage":6.0,"enemies":"3 Sentries","floor":6.0,"turns":5.0},{"damage":1.0,"enemies":"Red Slaver","floor":7.0,"turns":4.0},{"damage":13.0,"enemies":"Lagavulin","floor":8.0,"turns":6.0},{"damage":2.0,"enemies":"Blue Slaver","floor":13.0,"turns":2.0},{"damage":0.0,"enemies":"Exordium Thugs","floor":14.0,"turns":5.0},{"damage":29.0,"enemies":"Slime Boss","floor":16.0,"turns":6.0},{"damage":19.0,"enemies":"2 Thieves","floor":18.0,"turns":4.0},{"damage":0.0,"enemies":"Chosen","floor":22.0,"turns":4.0},{"damage":0.0,"enemies":"Sentry and Sphere","floor":23.0,"turns":3.0},{"damage":51,"enemies":"Gremlin Leader","floor":27,"turns":5}],"seed_played":"-6325620354481028952","potions_obtained":[{"floor":1.0,"key":"Explosive Potion"},{"floor":3.0,"key":"LiquidBronze"},{"floor":3.0,"key":"LiquidBronze"},{"floor":6.0,"key":"Swift Potion"},{"floor":13.0,"key":"PowerPotion"},{"floor":14.0,"key":"PowerPotion"},{"floor":21.0,"key":"Explosive Potion"},{"floor":21.0,"key":"PowerPotion"},{"floor":21.0,"key":"Energy Potion"}],"is_trial":false,"path_per_floor":["M","$","?","M","M","E","M","E","T","R","?","R","M","M","R","B",null,"M","?","?","?","M","M","$","?","T","E"],"character_chosen":"DEFECT","items_purchased":["Torii"],"campfire_rested":1,"item_purchase_floors":[24],"current_hp_per_floor":[75,75,75,75,75,69,68,55,55,55,60,80,78,78,78,49,80,61,61,45,45,45,45,45,50,50,0],"gold":130,"neow_bonus":"THREE_ENEMY_KILL","is_prod":false,"is_daily":false,"chose_seed":false,"campfire_upgraded":1,"win_rate":0,"timestamp":1568167268,"path_taken":["M","$","?","?","M","E","M","E","T","R","?","R","M","M","R","BOSS","M","?","?","?","M","M","?","?","T","E"],"build_version":"2019-09-10","purchased_purges":1,"victory":false,"max_hp_per_floor":[75,75,75,75,75,75,75,75,75,75,80,80,80,80,80,80,80,80,80,80,80,80,80,80,80,80,80],"card_choices":[{"not_picked":["Hologram","Streamline"],"picked":"BootSequence","floor":1.0},{"not_picked":["Streamline","Steam"],"picked":"Cold Snap","floor":4.0},{"not_picked":["Compile Driver","Undo"],"picked":"Conserve Battery","floor":5.0},{"not_picked":["Coolheaded","Rebound"],"picked":"Tempest","floor":6.0},{"not_picked":["Steam","Reinforced Body"],"picked":"Ball Lightning","floor":7.0},{"not_picked":["Sweeping Beam","Rebound"],"picked":"Auto Shields","floor":8.0},{"not_picked":["Aggregate","Lockon"],"picked":"Double Energy","floor":13.0},{"not_picked":["Rip and Tear","Electrodynamics"],"picked":"Coolheaded","floor":14.0},{"not_picked":["Thunder Strike","Hyperbeam"],"picked":"Reboot","floor":16.0},{"not_picked":["Compile Driver+1","Gash","Reprogram"],"picked":"SKIP","floor":18.0},{"not_picked":["Hologram","Sweeping Beam"],"picked":"Blizzard+1","floor":22.0},{"not_picked":["Chill","Steam"],"picked":"Cold Snap","floor":23.0}],"player_experience":101859,"relics_obtained":[{"floor":6.0,"key":"Juzu Bracelet"},{"floor":8.0,"key":"Art of War"},{"floor":20.0,"key":"Necronomicon"},{"floor":26.0,"key":"Lantern"}],"event_choices":[{"damage_healed":0.0,"max_hp_gain":0.0,"max_hp_loss":0.0,"gold_gain":0.0,"event_name":"Lab","player_choice":"Got Potions","floor":3.0,"gold_loss":0.0,"damage_taken":0.0},{"damage_healed":0.0,"max_hp_gain":5.0,"max_hp_loss":0.0,"gold_gain":0.0,"event_name":"Big Fish","player_choice":"Donut","floor":11.0,"gold_loss":0.0,"damage_taken":0.0},{"damage_healed":0.0,"max_hp_gain":0.0,"max_hp_loss":0.0,"gold_gain":100.0,"event_name":"Golden Shrine","player_choice":"Pray","floor":19.0,"gold_loss":0.0,"damage_taken":0.0},{"damage_healed":0.0,"max_hp_gain":0.0,"max_hp_loss":0.0,"gold_gain":0.0,"event_name":"Cursed Tome","player_choice":"Obtained Book","floor":20.0,"gold_loss":0.0,"damage_taken":16.0},{"damage_healed":0.0,"max_hp_gain":0.0,"max_hp_loss":0.0,"gold_gain":0.0,"event_name":"The Woman in Blue","player_choice":"Bought 3 Potions","floor":21.0,"gold_loss":0.0,"damage_taken":0.0},{"cards_removed":["Coolheaded"],"damage_healed":5.0,"max_hp_gain":0.0,"max_hp_loss":0.0,"gold_gain":0.0,"event_name":"Bonfire Elementals","player_choice":"Offered Common","floor":25.0,"gold_loss":0.0,"damage_taken":0.0},{"cards_removed":["Coolheaded"],"damage_healed":5.0,"max_hp_gain":0.0,"max_hp_loss":0.0,"gold_gain":0.0,"event_name":"Bonfire Elementals","player_choice":"Offered Special","floor":25.0,"gold_loss":0.0,"damage_taken":0.0}],"is_beta":true,"boss_relics":[{"not_picked":["Runic Dome","SacredBark"],"picked":"Black Star"}],"items_purged_floors":[2],"is_endless":false,"potions_floor_spawned":[1,6,13,14,22],"killed_by":"Gremlin Leader","ascension_level":1}