{"gold_per_floor":[118,118,137,137,137,181,206,236,262,66,66,106,106,130,130,255,318,333,131,56,71,71,71,170,170,196,234,234],"floor_reached":28,"playtime":958,"items_purged":["Injury","Strike_B"],"score":266,"play_id":"05390dff-2eaf-41a1-b752-0e4288359a1a","local_time":"20190914080953","is_ascension_mode":true,"campfire_choices":[{"floor":11,"key":"REST"},{"floor":13,"key":"REST"},{"data":"Tempest","floor":15,"key":"SMITH"},{"floor":23,"key":"REST"},{"data":"Storm","floor":25,"key":"SMITH"}],"neow_cost":"TEN_PERCENT_HP_LOSS","seed_source_timestamp":1051256442979,"circlet_count":0,"master_deck":["Strike_B","Strike_B+1","Defend_B","Defend_B+1","Defend_B","Defend_B","Zap","Dualcast+1","Panacea","Blind","Capacitor+1","Tempest+1","Storm+1","Auto Shields","Melter","Sweeping Beam","Electrodynamics","Consume","BootSequence","Double Energy"],"relics":["Cracked Core","Golden Idol","Smiling Mask","Toy Ornithopter","Runic Capacitor","Bag of Marbles","Tiny House","Chemical X","Meat on the Bone","Pen Nib","Blood Vial"],"potions_floor_usage":[6,12,12,16,18],"damage_taken":[{"damage":3,"enemies":"2 Louse","floor":1,"turns":3},{"damage":0,"enemies":"Cultist","floor":3,"turns":4},{"damage":22,"enemies":"Lagavulin","floor":6,"turns":6},{"damage":7,"enemies":"Small Slimes","floor":7,"turns":3},{"damage":10,"enemies":"Gremlin Nob","floor":12,"turns":5},{"damage":10,"enemies":"2 Fungi Beasts","floor":14,"turns":3},{"damage":11,"enemies":"The Guardian","floor":16,"turns":10},{"damage":11,"enemies":"Spheric Guardian","floor":18,"turns":3},{"damage":28,"enemies":"Shell Parasite","floor":21,"turns":5},{"damage":29,"enemies":"Gremlin Leader","floor":27,"turns":6},{"damage":48,"enemies":"3 Cultists","floor":28,"turns":4}],"seed_played":"-7588488254128767310","potions_obtained":[{"floor":1,"key":"FocusPotion"},{"floor":6,"key":"SkillPotion"},{"floor":7,"key":"Dexterity Potion"},{"floor":12,"key":"Weak Potion"},{"floor":17,"key":"Energy Potion"}],"is_trial":false,"path_per_floor":["M","?","M","?","?","E","M","?","T","$","R","E","R","M","R","B",null,"M","$","?","M","?","R","?","R","T","E","M"],"character_chosen":"DEFECT","items_purchased":["Runic Capacitor","Chemical X"],"campfire_rested":3,"item_purchase_floors":[10,19],"current_hp_per_floor":[65,65,65,65,51,29,22,22,22,22,42,42,62,52,52,46,73,62,62,62,34,34,55,55,55,55,38,0],"gold":234,"neow_bonus":"RANDOM_COLORLESS_2","is_prod":false,"is_daily":false,"chose_seed":false,"campfire_upgraded":2,"win_rate":0,"timestamp":1568473793,"path_taken":["M","?","?","?","?","E","M","?","T","$","R","E","R","M","R","BOSS","M","$","?","M","?","R","?","R","T","E","M"],"build_version":"2019-09-12","purchased_purges":2,"victory":false,"max_hp_per_floor":[68,68,68,68,68,68,68,68,68,68,68,68,68,68,68,68,73,73,73,73,73,73,73,73,73,73,73,73],"card_choices":[{"not_picked":["Melter","Steam Power"],"picked":"Capacitor","floor":1},{"not_picked":["Gash","Heatsinks"],"picked":"Tempest","floor":3},{"not_picked":["Go for the Eyes","Reprogram"],"picked":"Storm","floor":6},{"not_picked":["Go for the Eyes","Cold Snap"],"picked":"Auto Shields","floor":7},{"not_picked":["Scrape","Glacier"],"picked":"Melter","floor":12},{"not_picked":["Cold Snap","Darkness"],"picked":"Sweeping Beam","floor":14},{"not_picked":["Biased Cognition","Rainbow"],"picked":"Electrodynamics","floor":16},{"not_picked":["Beam Cell","Rebound"],"picked":"Consume","floor":17},{"not_picked":["Beam Cell","Gash+1","Coolheaded"],"picked":"SKIP","floor":18},{"not_picked":["Conserve Battery","Stack+1"],"picked":"BootSequence","floor":21},{"not_picked":["Barrage","Go for the Eyes"],"picked":"Double Energy","floor":27}],"player_experience":118520,"relics_obtained":[{"floor":6,"key":"Smiling Mask"},{"floor":9,"key":"Toy Ornithopter"},{"floor":12,"key":"Bag of Marbles"},{"floor":26,"key":"Pen Nib"},{"floor":27,"key":"Blood Vial"}],"event_choices":[{"damage_healed":0,"gold_gain":0,"player_choice":"Upgraded","damage_taken":0,"max_hp_gain":0,"max_hp_loss":0,"event_name":"Upgrade Shrine","floor":2,"gold_loss":0,"cards_upgraded":["Capacitor"]},{"damage_healed":0,"gold_gain":0,"player_choice":"Take Wound","damage_taken":0,"relics_obtained":["Golden Idol"],"max_hp_gain":0,"max_hp_loss":0,"event_name":"Golden Idol","floor":4,"gold_loss":0,"cards_obtained":["Injury"]},{"damage_healed":0,"gold_gain":0,"player_choice":"Entered Light","damage_taken":14,"max_hp_gain":0,"max_hp_loss":0,"event_name":"Shining Light","floor":5,"gold_loss":0,"cards_upgraded":["Defend_B","Strike_B"]},{"damage_healed":0,"gold_gain":30,"player_choice":"Searched \u00272\u0027 times","damage_taken":0,"max_hp_gain":0,"max_hp_loss":0,"event_name":"Dead Adventurer","floor":8,"gold_loss":0},{"cards_removed":["Strike_B"],"damage_healed":0,"gold_gain":0,"player_choice":"Gave Gold","damage_taken":0,"max_hp_gain":0,"max_hp_loss":0,"event_name":"Beggar","floor":20,"gold_loss":75},{"damage_healed":0,"gold_gain":0,"player_choice":"Opened","damage_taken":0,"relics_obtained":["Meat on the Bone"],"max_hp_gain":0,"max_hp_loss":0,"event_name":"The Mausoleum","floor":22,"gold_loss":0},{"damage_healed":0,"gold_gain":99,"player_choice":"Stole From Cult","damage_taken":0,"max_hp_gain":0,"max_hp_loss":0,"event_name":"Nest","floor":24,"gold_loss":0}],"is_beta":true,"boss_relics":[{"not_picked":["Ectoplasm","Snecko Eye"],"picked":"Tiny House"}],"items_purged_floors":[10,19],"is_endless":false,"potions_floor_spawned":[1,6,7,12],"killed_by":"3 Cultists","ascension_level":2}