{"gold_per_floor":[18,33,53,64,84,114,124,124,198,217,242,242,272,284,284,379,379,399,419,5,19,19,45,45,55,107,139,163,163,177,197,197,302,302,320,340,25,25,39,39],"floor_reached":40,"playtime":3421,"items_purged":["Defend_R"],"score":547,"play_id":"45e465cf-50c4-4967-a029-6fcaaa827c31","local_time":"20180726221425","is_ascension_mode":true,"campfire_choices":[{"floor":8,"key":"REST"},{"data":"Barricade","floor":12,"key":"SMITH"},{"floor":15,"key":"REST"},{"data":"Demon Form","floor":24,"key":"SMITH"},{"floor":29,"key":"REST"},{"data":"Metallicize","floor":32,"key":"SMITH"}],"neow_cost":"NO_GOLD","seed_source_timestamp":255810744530910,"circlet_count":0,"master_deck":["Strike_R","Strike_R+1","Strike_R","Strike_R","Defend_R","Defend_R","Defend_R","Bash","Demon Form+1","Heavy Blade","Anger","Anger","Metallicize+1","Sword Boomerang+1","Evolve","Pummel","Barricade+1","Thunderclap","Shrug It Off","Impervious","Ghostly Armor","Sword Boomerang","Twin Strike","Impervious","Heavy Blade+1"],"relics":["Burning Blood","Singing Bowl","Question Card","Happy Flower","Incense Burner","Busted Crown","StoneCalendar","Bag of Preparation","Centennial Puzzle","Whetstone","Juzu Bracelet","Mark of Pain","Blood Vial","Calipers"],"potions_floor_usage":[7,11,16,16,21,21,23,27,33,36,40],"damage_taken":[{"damage":13,"enemies":"Jaw Worm","floor":1,"turns":5},{"damage":10,"enemies":"Small Slimes","floor":2,"turns":4},{"damage":1,"enemies":"2 Louse","floor":3,"turns":2},{"damage":22,"enemies":"Blue Slaver","floor":4,"turns":5},{"damage":7,"enemies":"Red Slaver","floor":5,"turns":4},{"damage":20,"enemies":"Lagavulin","floor":6,"turns":5},{"damage":41,"enemies":"Gremlin Gang","floor":7,"turns":5},{"damage":11,"enemies":"Large Slime","floor":10,"turns":6},{"damage":17,"enemies":"Gremlin Nob","floor":11,"turns":4},{"damage":1,"enemies":"Lagavulin","floor":13,"turns":5},{"damage":9,"enemies":"2 Fungi Beasts","floor":14,"turns":3},{"damage":9,"enemies":"Slime Boss","floor":16,"turns":6},{"damage":1,"enemies":"Shell Parasite","floor":18,"turns":5},{"damage":8,"enemies":"2 Thieves","floor":19,"turns":4},{"damage":19,"enemies":"Snake Plant","floor":21,"turns":5},{"damage":30,"enemies":"Gremlin Leader","floor":23,"turns":7},{"damage":14,"enemies":"Centurion and Healer","floor":25,"turns":7},{"damage":20,"enemies":"Book of Stabbing","floor":27,"turns":4},{"damage":9,"enemies":"Chosen and Byrds","floor":30,"turns":5},{"damage":15,"enemies":"Snecko","floor":31,"turns":6},{"damage":30,"enemies":"Automaton","floor":33,"turns":7},{"damage":1,"enemies":"Orb Walker","floor":35,"turns":3},{"damage":31,"enemies":"3 Darklings","floor":36,"turns":4},{"damage":0,"floor":38,"turns":7},{"damage":79,"enemies":"Transient","floor":39,"turns":5},{"damage":36,"enemies":"Giant Head","floor":40,"turns":5}],"seed_played":"1740037839609217995","potions_obtained":[{"floor":4,"key":"SkillPotion"},{"floor":5,"key":"Regen Potion"},{"floor":11,"key":"FearPotion"},{"floor":13,"key":"Energy Potion"},{"floor":14,"key":"FearPotion"},{"floor":19,"key":"Fruit Juice"},{"floor":21,"key":"SpeedPotion"},{"floor":23,"key":"FearPotion"},{"floor":25,"key":"Fire Potion"},{"floor":35,"key":"Block Potion"},{"floor":38,"key":"Regen Potion"}],"is_trial":false,"path_per_floor":["M","M","M","M","M","E","M","R","T","M","E","R","E","M","R","B",null,"M","M","$","M","?","E","R","M","T","E","T","R","M","M","R","B",null,"M","M","$","?","M"],"character_chosen":"IRONCLAD","items_purchased":["Sword Boomerang","StoneCalendar","Impervious","Blood Vial"],"campfire_rested":3,"item_purchase_floors":[20,20,37,37],"current_hp_per_floor":[73,69,74,58,57,43,10,34,34,29,30,30,35,32,56,53,82,84,82,82,76,76,54,54,48,48,36,36,65,64,57,57,35,103,105,80,80,90,19,0],"gold":39,"neow_bonus":"THREE_RARE_CARDS","is_prod":false,"is_daily":false,"chose_seed":false,"campfire_upgraded":3,"win_rate":0,"timestamp":1532668465,"path_taken":["M","M","M","M","M","E","M","R","T","M","E","R","E","M","R","BOSS","M","M","$","M","?","E","R","M","T","E","?","R","M","M","R","BOSS","M","M","$","?","M","E"],"build_version":"2018-07-26","purchased_purges":1,"victory":false,"max_hp_per_floor":[80,80,80,80,80,80,82,82,82,82,82,82,82,82,82,82,82,84,84,84,91,91,93,93,95,95,97,97,97,99,101,101,103,103,105,105,105,107,107,107],"card_choices":[{"not_picked":["Double Tap","Fiend Fire"],"picked":"Demon Form","floor":0},{"not_picked":["Wild Strike","Flex"],"picked":"Heavy Blade","floor":1},{"not_picked":["Clothesline","Headbutt"],"picked":"Anger","floor":2},{"not_picked":["Perfected Strike","Clothesline"],"picked":"Anger","floor":3},{"not_picked":["Twin Strike","Ghostly Armor"],"picked":"Metallicize","floor":4},{"not_picked":["Disarm","Iron Wave"],"picked":"Sword Boomerang","floor":5},{"not_picked":["Double Tap","Headbutt"],"picked":"Evolve","floor":6},{"not_picked":["Flex","Corruption","Rupture"],"picked":"Singing Bowl","floor":7},{"not_picked":["Body Slam","Corruption","Cleave"],"picked":"Pummel","floor":10},{"not_picked":["Iron Wave","Clash","Pommel Strike"],"picked":"Barricade","floor":11},{"not_picked":["True Grit","Twin Strike","Body Slam"],"picked":"Thunderclap","floor":13},{"not_picked":["Bloodletting","Rampage","Dropkick"],"picked":"Shrug It Off","floor":14},{"not_picked":["Bludgeon","Juggernaut","Demon Form"],"picked":"Impervious","floor":16},{"not_picked":["Anger+1","Headbutt"],"picked":"Singing Bowl","floor":18},{"not_picked":["Bloodletting"],"picked":"Ghostly Armor","floor":19},{"not_picked":["Thunderclap","Combust"],"picked":"Singing Bowl","floor":21},{"not_picked":["Brutality","Clash"],"picked":"Singing Bowl","floor":23},{"not_picked":["Dual Wield","Battle Trance"],"picked":"Singing Bowl","floor":25},{"not_picked":["Infernal Blade","Carnage"],"picked":"Singing Bowl","floor":27},{"not_picked":["Iron Wave","Seeing Red"],"picked":"Singing Bowl","floor":30},{"not_picked":["Dual Wield+1","Battle Trance"],"picked":"Singing Bowl","floor":31},{"not_picked":["Demon Form","Barricade"],"picked":"Singing Bowl","floor":33},{"not_picked":["Pommel Strike","Cleave"],"picked":"Singing Bowl","floor":35},{"not_picked":["Clash+1"],"picked":"Twin Strike","floor":36},{"not_picked":["Burning Pact+1","Fire Breathing+1"],"picked":"Singing Bowl","floor":38},{"not_picked":["Searing Blow+1"],"picked":"Heavy Blade+1","floor":39}],"player_experience":177667,"relics_obtained":[{"floor":6,"key":"Singing Bowl"},{"floor":9,"key":"Question Card"},{"floor":11,"key":"Happy Flower"},{"floor":13,"key":"Incense Burner"},{"floor":23,"key":"Bag of Preparation"},{"floor":26,"key":"Centennial Puzzle"},{"floor":27,"key":"Whetstone"},{"floor":28,"key":"Juzu Bracelet"},{"floor":38,"key":"Calipers"}],"event_choices":[{"event_name":"Back to Basics","player_choice":"Elegance","floor":22,"damage_taken":0},{"event_name":"MindBloom","player_choice":"Fight","floor":38,"damage_taken":0}],"is_beta":true,"boss_relics":[{"not_picked":["Pandora\u0027s Box","Fusion Hammer"],"picked":"Busted Crown"},{"not_picked":["Astrolabe","Philosopher\u0027s Stone"],"picked":"Mark of Pain"}],"items_purged_floors":[20],"is_endless":false,"potions_floor_spawned":[4,5,11,13,14,19,21,23,25,35,38],"killed_by":"Giant Head","ascension_level":3}