{"gold_per_floor":[117,17,192,206,219,249,249,262,262,70,83,111,127,4,4,99,99,117,117],"floor_reached":19,"playtime":2061,"items_purged":["Strike_G","Doubt"],"score":224,"play_id":"ddf6cb37-c7f8-4064-ab56-195967ef71b6","local_time":"20180923204958","is_ascension_mode":true,"campfire_choices":[{"floor":7.0,"key":"REST"},{"floor":15.0,"key":"REST"}],"neow_cost":"NONE","seed_source_timestamp":0,"circlet_count":0,"master_deck":["Defend_G","Defend_G","Defend_G","Defend_G","Defend_G","Strike_G","Strike_G","Strike_G","Strike_G","Survivor","Neutralize","Choke","Prepared","Blade Dance","Well Laid Plans","Backflip","Dodge and Roll","Accuracy","Deflect","Burst","Deadly Poison","Deflect"],"special_seed":0,"relics":["Ring of the Snake","Bag of Marbles","Bronze Scales","Oddly Smooth Stone","Orichalcum","Kunai","WristBlade"],"potions_floor_usage":[19],"damage_taken":[{"damage":2.0,"enemies":"Small Slimes","floor":1.0,"turns":4.0},{"damage":6.0,"enemies":"2 Louse","floor":4.0,"turns":2.0},{"damage":1.0,"enemies":"Jaw Worm","floor":5.0,"turns":3.0},{"damage":39.0,"enemies":"Gremlin Nob","floor":6.0,"turns":5.0},{"damage":14.0,"enemies":"Large Slime","floor":8.0,"turns":5.0},{"damage":0.0,"enemies":"Looter","floor":11.0,"turns":1.0},{"damage":10.0,"enemies":"3 Sentries","floor":12.0,"turns":6.0},{"damage":0.0,"enemies":"Blue Slaver","floor":13.0,"turns":4.0},{"damage":35.0,"enemies":"Slime Boss","floor":16.0,"turns":14.0},{"damage":12,"enemies":"Chosen","floor":18,"turns":8},{"damage":13,"enemies":"Colosseum Slavers","floor":19,"turns":5},{"damage":31,"enemies":"Colosseum Nobs","floor":19,"turns":3}],"seed_played":"-5075150031462840406","potions_obtained":[{"floor":4.0,"key":"Weak Potion"},{"floor":8.0,"key":"EntropicBrew"},{"floor":11.0,"key":"Explosive Potion"},{"floor":16.0,"key":"LiquidBronze"}],"is_trial":false,"path_per_floor":["M","$","?","M","M","E","R","M","T","$","M","E","M","$","R","B",null,"M"],"character_chosen":"THE_SILENT","items_purchased":["Prepared","Accuracy","Orichalcum","Deflect"],"campfire_rested":2,"item_purchase_floors":[2,10,10,14],"current_hp_per_floor":[68,68,68,62,61,22,43,29,29,29,29,19,19,19,40,5,54,42,0],"gold":117,"neow_bonus":"RANDOM_COMMON_RELIC","is_prod":false,"is_daily":false,"chose_seed":false,"campfire_upgraded":0,"win_rate":0,"timestamp":1537760998,"path_taken":["M","$","?","M","M","E","R","M","T","$","M","E","M","?","R","BOSS","M","?"],"build_version":"2018-09-20","purchased_purges":2,"victory":false,"max_hp_per_floor":[70,70,70,70,70,70,70,70,70,70,70,70,70,70,70,70,70,70,70],"card_choices":[{"not_picked":["Bane","Terror"],"picked":"Choke","floor":1.0},{"not_picked":["Outmaneuver","Crippling Poison"],"picked":"Blade Dance","floor":4.0},{"not_picked":["Eviscerate","Distraction"],"picked":"Well Laid Plans","floor":5.0},{"not_picked":["Flying Knee","Tactician"],"picked":"Backflip","floor":6.0},{"not_picked":["Eviscerate","PiercingWail"],"picked":"Dodge and Roll","floor":8.0},{"not_picked":["Choke","Dagger Spray"],"picked":"Deflect","floor":11.0},{"not_picked":["Acrobatics","All Out Attack"],"picked":"Burst","floor":12.0},{"not_picked":["Sucker Punch","Dagger Spray"],"picked":"Deadly Poison","floor":13.0},{"not_picked":["Tactician","Concentrate","Crippling Poison"],"picked":"SKIP","floor":18}],"player_experience":215832,"relics_obtained":[{"floor":6.0,"key":"Bronze Scales"},{"floor":9.0,"key":"Oddly Smooth Stone"},{"floor":12.0,"key":"Kunai"}],"event_choices":[{"event_name":"Liars Game","player_choice":"agreed","floor":3.0,"damage_taken":0.0},{"event_name":"Colosseum","player_choice":"Fight","floor":19,"damage_taken":0},{"event_name":"Colosseum","player_choice":"Fought Nobs","floor":19,"damage_taken":0}],"is_beta":true,"boss_relics":[{"not_picked":["Sozu","Pandora\u0027s Box"],"picked":"WristBlade"}],"items_purged_floors":[2,14],"is_endless":false,"potions_floor_spawned":[4,8,11,16,19],"killed_by":"Colosseum Nobs","ascension_level":5}