{"gold_per_floor":[115,115,43,168,182,212,212,47,71,99,113,123,153,163,163,265,265,281,300,78,43,16,44,63,92,92,18,35,45,57,76,76,180,180,197,51,66,116,166,199,219,248,248,261,261],"floor_reached":45,"playtime":4026,"items_purged":["Defend_R","Strike_R"],"score":774,"play_id":"a4ab21d5-03c1-4b36-b759-79c6f9416dca","local_time":"20180814194835","is_ascension_mode":true,"campfire_choices":[{"floor":7.0,"key":"REST"},{"data":"Metallicize","floor":15.0,"key":"SMITH"},{"floor":32.0,"key":"REST"}],"neow_cost":"NONE","seed_source_timestamp":0,"circlet_count":0,"master_deck":["Strike_R+1","Strike_R+1","Strike_R","Strike_R","Defend_R","Defend_R","Defend_R","Bash+1","Disarm","Armaments","Armaments","Spot Weakness","Metallicize+1","Feed+1","Warcry","Reckless Charge+1","Hemokinesis+1","Inflame","Reckless Charge+1","Limit Break","Infernal Blade","Heavy Blade+1","Rupture","J.A.X.","Sword Boomerang+1","Inflame+1","Rage+1","Shrug It Off","Sword Boomerang+1","Twin Strike+1","Flame Barrier+1","Offering","Warcry+1","Metallicize+1","Madness","Madness","Heavy Blade+1","Flame Barrier+1","Whirlwind+1","Infernal Blade"],"special_seed":0,"relics":["Burning Blood","SsserpentHead","Molten Egg 2","Oddly Smooth Stone","Self Forming Clay","Mercury Hourglass","Black Star","Anchor","Regal Pillow","Red Skull","Whetstone","Vajra","Art of War","Darkstone Periapt","Philosopher\u0027s Stone","Orichalcum","Frozen Egg 2","Bottled Lightning","Bronze Scales","Strawberry","Pantograph"],"potions_floor_usage":[40,45],"damage_taken":[{"damage":6.0,"enemies":"Jaw Worm","floor":1.0,"turns":4.0},{"damage":1.0,"enemies":"Cultist","floor":5.0,"turns":3.0},{"damage":54.0,"enemies":"Gremlin Nob","floor":6.0,"turns":6.0},{"damage":29.0,"enemies":"3 Sentries","floor":10.0,"turns":11.0},{"damage":4.0,"enemies":"Small Slimes","floor":11.0,"turns":3.0},{"damage":4.0,"enemies":"Exordium Thugs","floor":12.0,"turns":5.0},{"damage":11.0,"enemies":"Lagavulin","floor":13.0,"turns":8.0},{"damage":1.0,"enemies":"3 Louse","floor":14.0,"turns":3.0},{"damage":37.0,"enemies":"The Guardian","floor":16.0,"turns":8.0},{"damage":16.0,"enemies":"Spheric Guardian","floor":18.0,"turns":4.0},{"damage":14.0,"enemies":"Chosen","floor":19.0,"turns":3.0},{"damage":48.0,"enemies":"Book of Stabbing","floor":23.0,"turns":7.0},{"damage":15.0,"enemies":"3 Cultists","floor":24.0,"turns":4.0},{"damage":27.0,"enemies":"Slavers","floor":25.0,"turns":3.0},{"damage":20.0,"enemies":"Centurion and Healer","floor":28.0,"turns":4.0},{"damage":8.0,"enemies":"Snake Plant","floor":29.0,"turns":2.0},{"damage":0.0,"enemies":"Cultist and Chosen","floor":30.0,"turns":4.0},{"damage":13.0,"enemies":"Snecko","floor":31.0,"turns":3.0},{"damage":59.0,"enemies":"Collector","floor":33.0,"turns":7.0},{"damage":20,"enemies":"3 Darklings","floor":35,"turns":5},{"damage":7,"enemies":"3 Shapes","floor":37,"turns":10},{"damage":47,"enemies":"Nemesis","floor":40,"turns":5},{"damage":27,"enemies":"Spire Growth","floor":41,"turns":4},{"damage":4,"enemies":"2 Orb Walkers","floor":42,"turns":2},{"damage":20,"enemies":"Flame Bruiser 2 Orb","floor":44,"turns":5},{"damage":43,"enemies":"Nemesis","floor":45,"turns":4}],"seed_played":"-8442645309597827805","potions_obtained":[{"floor":1.0,"key":"LiquidBronze"},{"floor":11.0,"key":"EntropicBrew"},{"floor":13.0,"key":"PowerPotion"},{"floor":14.0,"key":"Regen Potion"},{"floor":24.0,"key":"Explosive Potion"},{"floor":25.0,"key":"AttackPotion"},{"floor":28.0,"key":"SpeedPotion"},{"floor":31.0,"key":"Explosive Potion"},{"floor":37,"key":"Regen Potion"}],"is_trial":false,"path_per_floor":["M","?","$","?","M","E","R","$","T","E","M","M","E","M","R","B",null,"M","M","$","?","?","E","M","E","T","$","M","M","M","M","R","B",null,"M","$","M","?","?","E","M","E","T","M"],"character_chosen":"IRONCLAD","items_purchased":["Armaments","Metallicize","Feed+1","Rupture","Anchor","Shrug It Off","Orichalcum","PowerPotion"],"campfire_rested":2,"item_purchase_floors":[3,8,8,20,20,27,36,36],"current_hp_per_floor":[80,80,80,69,74,26,50,50,50,31,37,43,42,51,51,39,104,98,94,94,94,94,52,47,26,26,26,12,10,20,13,64,11,120,106,106,109,109,93,66,45,54,54,40,0],"gold":261,"neow_bonus":"UPGRADE_CARD","is_prod":false,"is_daily":false,"chose_seed":false,"campfire_upgraded":1,"win_rate":0,"timestamp":1534301315,"path_taken":["M","?","?","?","M","E","R","?","T","E","M","M","E","M","R","BOSS","M","M","$","?","?","E","M","E","T","?","M","M","M","M","R","BOSS","M","?","M","?","?","E","M","E","T","M","E"],"build_version":"2018-08-13v2","purchased_purges":2,"victory":false,"max_hp_per_floor":[80,80,80,80,80,80,80,80,80,84,88,92,96,100,100,104,104,108,112,112,112,112,112,116,116,116,116,116,116,120,120,120,120,120,120,120,124,124,124,124,124,131,131,131,131],"card_choices":[{"not_picked":["Second Wind","Clothesline"],"picked":"Disarm","floor":1.0},{"not_picked":["Havoc","True Grit"],"picked":"Armaments","floor":5.0},{"not_picked":["Armaments","Exhume"],"picked":"Spot Weakness","floor":6.0},{"not_picked":["Pommel Strike+1","Searing Blow+1"],"picked":"Warcry","floor":10.0},{"not_picked":["Havoc","Pommel Strike+1"],"picked":"Reckless Charge+1","floor":11.0},{"not_picked":["Seeing Red","Intimidate"],"picked":"Hemokinesis+1","floor":12.0},{"not_picked":["Rampage+1","Fire Breathing"],"picked":"Inflame","floor":13.0},{"not_picked":["Warcry","Clothesline+1"],"picked":"Reckless Charge+1","floor":14.0},{"not_picked":["Dark Embrace","Fiend Fire+1"],"picked":"Limit Break","floor":16.0},{"not_picked":["Armaments","Headbutt+1"],"picked":"Infernal Blade","floor":18.0},{"not_picked":["True Grit","Dropkick+1"],"picked":"Heavy Blade+1","floor":19.0},{"not_picked":["Warcry","Thunderclap+1"],"picked":"Sword Boomerang+1","floor":23.0},{"not_picked":["Rampage+1","Perfected Strike+1"],"picked":"Inflame+1","floor":24.0},{"not_picked":["Armaments","Clothesline+1"],"picked":"Rage+1","floor":25.0},{"not_picked":["Dual Wield+1","Blood for Blood+1"],"picked":"Intimidate+1","floor":28.0},{"not_picked":["Flex","Shockwave+1"],"picked":"Sword Boomerang+1","floor":29.0},{"not_picked":["Headbutt+1","Corruption"],"picked":"Twin Strike+1","floor":30.0},{"not_picked":["Infernal Blade","Disarm"],"picked":"Flame Barrier+1","floor":31.0},{"not_picked":["Fiend Fire+1","Dark Embrace"],"picked":"Offering","floor":33.0},{"not_picked":["Thunderclap+1","Seeing Red"],"picked":"Warcry+1","floor":35},{"not_picked":["Seeing Red+1","Warcry"],"picked":"Metallicize+1","floor":37},{"not_picked":["Entrench","Wild Strike+1"],"picked":"Heavy Blade+1","floor":40},{"not_picked":["Searing Blow+1","Heavy Blade+1"],"picked":"Flame Barrier+1","floor":41},{"not_picked":["Cleave+1","Rage+1"],"picked":"Whirlwind+1","floor":42},{"not_picked":["Berserk+1","True Grit+1"],"picked":"Infernal Blade","floor":44}],"player_experience":197453,"relics_obtained":[{"floor":6.0,"key":"Molten Egg 2"},{"floor":9.0,"key":"Oddly Smooth Stone"},{"floor":10.0,"key":"Self Forming Clay"},{"floor":13.0,"key":"Mercury Hourglass"},{"floor":23.0,"key":"Red Skull"},{"floor":23.0,"key":"Whetstone"},{"floor":25.0,"key":"Vajra"},{"floor":25.0,"key":"Art of War"},{"floor":26.0,"key":"Darkstone Periapt"},{"floor":40,"key":"Frozen Egg 2"},{"floor":40,"key":"Bottled Lightning"},{"floor":42,"key":"Bronze Scales"},{"floor":42,"key":"Strawberry"},{"floor":43,"key":"Pantograph"}],"event_choices":[{"event_name":"FaceTrader","player_choice":"Trade","floor":2.0,"damage_taken":0.0},{"event_name":"World of Goop","player_choice":"Gather Gold","floor":4.0,"damage_taken":0.0},{"event_name":"Addict","player_choice":"Obtained Relic","floor":21.0,"damage_taken":0.0},{"event_name":"Drug Dealer","player_choice":"Got JAXXED","floor":22.0,"damage_taken":0.0},{"event_name":"Falling","player_choice":"Removed Skill","floor":38,"damage_taken":0},{"event_name":"Winding Halls","player_choice":"Embrace Madness","floor":39,"damage_taken":0}],"is_beta":true,"boss_relics":[{"not_picked":["Velvet Choker","Calling Bell"],"picked":"Black Star"},{"not_picked":["Eternal Feather","White Beast Statue"],"picked":"Philosopher\u0027s Stone"}],"items_purged_floors":[3,27],"is_endless":false,"potions_floor_spawned":[1,11,13,14,24,25,28,31,37],"killed_by":"Nemesis","ascension_level":4}