{"gold_per_floor":[118,133,111,124,136,136,150,182,182,182,182,213,247,259,259,361,361,373,33,33,33,49,49,49,66,66,0,0,12,12,12,12,12],"floor_reached":33,"playtime":2294,"items_purged":["Strike_R"],"score":265,"play_id":"a65ccde3-21d8-437d-a9f0-17d2672fba9e","local_time":"20190901122756","is_ascension_mode":false,"campfire_choices":[{"data":"Heavy Blade","floor":6,"key":"SMITH"},{"data":"Warcry","floor":10,"key":"SMITH"},{"floor":11,"key":"REST"},{"data":"Flex","floor":15,"key":"SMITH"},{"data":"Apotheosis","floor":23,"key":"SMITH"},{"data":"Spot Weakness","floor":24,"key":"SMITH"},{"floor":32,"key":"REST"}],"neow_cost":"PERCENT_DAMAGE","seed_source_timestamp":81537030484021,"circlet_count":0,"master_deck":["Strike_R","Strike_R","Strike_R","Strike_R","Defend_R","Defend_R","Defend_R","Defend_R","Bash","Iron Wave","Shrug It Off","Spot Weakness+1","Heavy Blade+1","Warcry+1","Metallicize+1","Entrench","Flex+1","Thunderclap","Demon Form+1","Apotheosis+1","Inflame+1","Pommel Strike","Cleave","Infernal Blade","Shame"],"relics":["Burning Blood","Torii","Frozen Egg 2","WingedGreaves","Ginger","Magic Flower","Eternal Feather","Pantograph","Ice Cream","Centennial Puzzle","Lantern"],"potions_floor_usage":[8,16,16,16,33,33],"damage_taken":[{"damage":1,"enemies":"Small Slimes","floor":1,"turns":6},{"damage":1,"enemies":"2 Louse","floor":2,"turns":3},{"damage":0,"enemies":"Jaw Worm","floor":4,"turns":3},{"damage":3,"enemies":"Looter","floor":5,"turns":4},{"damage":4,"enemies":"3 Louse","floor":7,"turns":3},{"damage":27,"enemies":"Lagavulin","floor":8,"turns":6},{"damage":12,"enemies":"3 Sentries","floor":12,"turns":6},{"damage":31,"enemies":"Lagavulin","floor":13,"turns":10},{"damage":3,"enemies":"Blue Slaver","floor":14,"turns":5},{"damage":7,"enemies":"Hexaghost","floor":16,"turns":8},{"damage":17,"enemies":"Spheric Guardian","floor":18,"turns":5},{"damage":10,"enemies":"Shell Parasite","floor":22,"turns":7},{"damage":46,"enemies":"Cultist and Chosen","floor":25,"turns":7},{"damage":38,"enemies":"Snake Plant","floor":29,"turns":6},{"damage":104,"enemies":"Collector","floor":33,"turns":6}],"seed_played":"2972367636756751632","potions_obtained":[{"floor":5,"key":"Fire Potion"},{"floor":12,"key":"LiquidBronze"},{"floor":13,"key":"Poison Potion"},{"floor":14,"key":"EssenceOfSteel"},{"floor":22,"key":"SkillPotion"},{"floor":29,"key":"BloodPotion"}],"is_trial":false,"path_per_floor":["M","M","?","M","M","R","M","E","T","R","R","E","E","M","R","B",null,"M","$","?","?","M","R","R","M","T","?","?","M","?","T","R","B"],"character_chosen":"IRONCLAD","items_purchased":["Apotheosis","Inflame+1"],"campfire_rested":2,"item_purchase_floors":[19,19],"current_hp_per_floor":[61,66,66,72,75,75,77,56,56,56,80,74,49,55,55,57,80,72,72,56,56,55,67,79,42,42,42,42,13,13,13,52,0],"gold":12,"neow_bonus":"ONE_RARE_RELIC","is_prod":false,"is_daily":false,"chose_seed":false,"campfire_upgraded":5,"win_rate":0.0,"timestamp":1567366076,"path_taken":["M","M","?","M","M","R","M","E","T","R","R","E","E","M","R","BOSS","M","$","?","?","M","R","R","M","T","?","?","?","?","?","R","BOSS"],"build_version":"2019-07-17","purchased_purges":1,"victory":false,"max_hp_per_floor":[80,80,80,80,80,80,80,80,80,80,80,80,80,80,80,80,80,80,80,80,80,80,80,80,80,80,80,80,80,80,80,80,80],"card_choices":[{"not_picked":["Sword Boomerang","Second Wind"],"picked":"Iron Wave","floor":1},{"not_picked":["Armaments","Entrench"],"picked":"Shrug It Off","floor":2},{"not_picked":["Wild Strike","Pommel Strike"],"picked":"Spot Weakness","floor":4},{"not_picked":["Headbutt","Berserk"],"picked":"Heavy Blade","floor":5},{"not_picked":["Searing Blow","Perfected Strike"],"picked":"Warcry","floor":7},{"not_picked":["Fiend Fire","Pummel"],"picked":"Metallicize","floor":8},{"not_picked":["Dual Wield","Shrug It Off"],"picked":"Entrench","floor":12},{"not_picked":["Warcry","Burning Pact"],"picked":"Flex","floor":13},{"not_picked":["Clothesline","Sword Boomerang"],"picked":"Thunderclap","floor":14},{"not_picked":["Reaper","Immolate"],"picked":"Demon Form+1","floor":16},{"not_picked":["True Grit+1","Rage","Entrench+1"],"picked":"SKIP","floor":18},{"not_picked":["Burning Pact+1","True Grit"],"picked":"Pommel Strike","floor":22},{"not_picked":["Body Slam","Headbutt"],"picked":"Cleave","floor":25},{"not_picked":["Clash+1","Clothesline"],"picked":"Infernal Blade","floor":29}],"player_experience":21525,"relics_obtained":[{"floor":8,"key":"Frozen Egg 2"},{"floor":9,"key":"WingedGreaves"},{"floor":12,"key":"Ginger"},{"floor":13,"key":"Magic Flower"},{"floor":26,"key":"Pantograph"},{"floor":31,"key":"Lantern"}],"event_choices":[{"damage_healed":0,"gold_gain":0,"player_choice":"Left Gold","damage_taken":0,"max_hp_gain":0,"max_hp_loss":0,"event_name":"World of Goop","floor":3,"gold_loss":22},{"damage_healed":0,"gold_gain":0,"player_choice":"Obtained Book","damage_taken":16,"max_hp_gain":0,"max_hp_loss":0,"event_name":"Cursed Tome","floor":20,"gold_loss":0},{"damage_healed":0,"gold_gain":0,"player_choice":"Ignored","damage_taken":0,"max_hp_gain":0,"max_hp_loss":0,"event_name":"Vampires","floor":21,"gold_loss":0},{"damage_healed":0,"gold_gain":0,"player_choice":"Paid Fearfully","damage_taken":0,"max_hp_gain":0,"max_hp_loss":0,"event_name":"Masked Bandits","floor":27,"gold_loss":66},{"damage_healed":0,"gold_gain":0,"player_choice":"Opened","damage_taken":0,"relics_obtained":["Ice Cream"],"max_hp_gain":0,"max_hp_loss":0,"event_name":"The Mausoleum","floor":28,"gold_loss":0},{"damage_healed":0,"gold_gain":0,"player_choice":"Stole Relic","damage_taken":0,"relics_obtained":["Centennial Puzzle"],"max_hp_gain":0,"max_hp_loss":0,"event_name":"Addict","floor":30,"gold_loss":0,"cards_obtained":["Shame"]}],"is_beta":false,"boss_relics":[{"not_picked":["Orrery","White Beast Statue"],"picked":"Eternal Feather"}],"items_purged_floors":[19],"is_endless":false,"potions_floor_spawned":[5,12,13,14,22,29],"killed_by":"Collector","ascension_level":0}