{"path_per_floor":["M","?","?","M","M","E","R","E","T","M","E","M","M","M","R","B",null,"M","$","M","M","?","R","E","M","T","M","M","M","R","M","R","B",null,"M","?","T","M","M","R"],"character_chosen":"THE_SILENT","items_purchased":["Shuriken","Bronze Scales","Infinite Blades"],"gold_per_floor":[119,119,119,135,155,188,188,223,270,282,312,322,334,354,354,454,484,502,30,40,51,141,141,175,175,245,258,275,291,291,306,306,402,402,414,414,414,428,438,438,438],"floor_reached":41,"campfire_rested":3,"playtime":4704,"item_purchase_floors":[19,19,19],"current_hp_per_floor":[68,68,61,59,56,47,47,45,45,47,53,45,31,29,53,31,85,77,77,75,72,58,58,6,8,8,40,30,24,49,46,71,13,85,75,75,75,60,43,43,0],"items_purged":[],"gold":438,"score":538,"play_id":"67cf9d24-464c-419b-8079-5887446f65ee","local_time":"20180521231419","is_prod":false,"is_daily":false,"chose_seed":false,"is_ascension_mode":true,"campfire_upgraded":2,"timestamp":1526969659,"campfire_choices":[{"data":"Noxious Fumes","floor":7,"key":"SMITH"},{"floor":15,"key":"REST"},{"data":"Infinite Blades","floor":23,"key":"SMITH"},{"floor":30,"key":"REST"},{"floor":32,"key":"REST"},{"data":"1","floor":40,"key":"LIFT"}],"path_taken":["M","?","?","M","M","E","R","E","T","?","E","M","M","M","R","BOSS","M","$","M","M","?","R","E","M","T","M","M","M","R","M","R","BOSS","M","?","?","M","M","R","E"],"build_version":"2018-05-18","seed_source_timestamp":1104076830760327,"purchased_purges":0,"victory":false,"master_deck":["Defend_G","Defend_G","Defend_G","Defend_G","Defend_G","Strike_G","Strike_G+1","Strike_G","Survivor","Neutralize","Accuracy","Noxious Fumes+1","Cloak And Dagger","Deflect","Deadly Poison","Infinite Blades","Noxious Fumes","Poisoned Stab","Noxious Fumes","Accuracy","Tools of the Trade","Backflip","Leg Sweep","Infinite Blades+1","Dagger Throw","Blade Dance","Cloak And Dagger+1","Cloak And Dagger","Sucker Punch+1","Deflect","Flechettes","Wraith Form v2+1","Choke","Caltrops+1","Outmaneuver","Cloak And Dagger","Blur","Acrobatics+1","Master of Strategy","Bouncing Flask+1","Blade Dance"],"max_hp_per_floor":[70,70,70,70,70,70,70,70,70,70,80,80,80,80,80,80,85,85,85,85,85,85,85,85,85,85,85,85,85,85,85,85,85,85,85,85,85,85,85,85,85],"relics":["Lizard Tail","Kunai","Blood Vial","Orichalcum","Pear","Tiny House","Shuriken","Bronze Scales","Question Card","Frozen Egg 2","Orrery","Girya"],"card_choices":[{"not_picked":["Flechettes","Outmaneuver"],"picked":"Accuracy","floor":1},{"not_picked":["Sucker Punch","Malaise"],"picked":"Noxious Fumes","floor":4},{"not_picked":["Outmaneuver","Backflip"],"picked":"Cloak And Dagger","floor":5},{"not_picked":["Prepared","Distraction"],"picked":"Deflect","floor":6},{"not_picked":["Die Die Die","Flechettes"],"picked":"Deadly Poison","floor":8},{"not_picked":["Predator","Caltrops"],"picked":"Infinite Blades","floor":10},{"not_picked":["Expertise","Deadly Poison"],"picked":"Noxious Fumes","floor":11},{"not_picked":["Deadly Poison","Flying Knee"],"picked":"Poisoned Stab","floor":12},{"not_picked":["Bane","Outmaneuver"],"picked":"Noxious Fumes","floor":13},{"not_picked":["Distraction","Dagger Spray"],"picked":"Accuracy","floor":14},{"not_picked":["Wraith Form v2","Phantasmal Killer"],"picked":"Tools of the Trade","floor":16},{"not_picked":["Dagger Spray","Flying Knee"],"picked":"Backflip","floor":17},{"not_picked":["Eviscerate","Acrobatics"],"picked":"Leg Sweep","floor":18},{"not_picked":["Quick Slash","Skewer"],"picked":"Dagger Throw","floor":20},{"not_picked":["Expertise","Distraction"],"picked":"Blade Dance","floor":21},{"not_picked":["Terror","Prepared"],"picked":"Cloak And Dagger+1","floor":24},{"not_picked":["Outmaneuver+1","Corpse Explosion","Quick Slash"],"picked":"Cloak And Dagger","floor":27},{"not_picked":["Underhanded Strike","Deflect","Bane"],"picked":"Sucker Punch+1","floor":28},{"not_picked":["Quick Slash+1","All Out Attack","Poisoned Stab"],"picked":"Deflect","floor":29},{"not_picked":["Corpse Explosion","Bane","Quick Slash+1"],"picked":"Flechettes","floor":31},{"not_picked":["Unload","Phantasmal Killer","Glass Knife"],"picked":"Wraith Form v2+1","floor":33},{"not_picked":["Slice","Masterful Stab","Flying Knee"],"picked":"Choke","floor":34},{"not_picked":["Deflect+1","All Out Attack","Crippling Poison"],"picked":"Caltrops+1","floor":34},{"not_picked":["PiercingWail","Sucker Punch+1","Reflex+1"],"picked":"Outmaneuver","floor":34},{"not_picked":["Dagger Throw","Endless Agony","Leg Sweep"],"picked":"Cloak And Dagger","floor":34},{"not_picked":["Dodge and Roll","Phantasmal Killer","Poisoned Stab+1"],"picked":"Blur","floor":34},{"not_picked":["Predator+1","Slice+1","Dash+1"],"picked":"Acrobatics+1","floor":35},{"not_picked":["Trip","Transmutation","Purity"],"picked":"Master of Strategy","floor":36},{"not_picked":["Heel Hook","Sucker Punch+1","Caltrops+1"],"picked":"Bouncing Flask+1","floor":38},{"not_picked":["Poisoned Stab+1","Riddle With Holes+1","Backflip"],"picked":"Blade Dance","floor":39}],"player_experience":82108,"potions_floor_usage":[6,16,18,20,24,25,25,28],"damage_taken":[{"damage":2,"enemies":"2 Louse","floor":1,"turns":2},{"damage":2,"enemies":"Cultist","floor":4,"turns":6},{"damage":3,"enemies":"Small Slimes","floor":5,"turns":4},{"damage":9,"enemies":"3 Sentries","floor":6,"turns":9},{"damage":2,"enemies":"Lagavulin","floor":8,"turns":9},{"damage":0,"enemies":"Red Slaver","floor":10,"turns":5},{"damage":6,"enemies":"3 Sentries","floor":11,"turns":6},{"damage":10,"enemies":"Exordium Thugs","floor":12,"turns":4},{"damage":16,"enemies":"3 Louse","floor":13,"turns":4},{"damage":4,"enemies":"Looter","floor":14,"turns":3},{"damage":24,"enemies":"Hexaghost","floor":16,"turns":8},{"damage":8,"enemies":"3 Byrds","floor":18,"turns":5},{"damage":4,"enemies":"Spheric Guardian","floor":20,"turns":5},{"damage":5,"enemies":"Snecko","floor":21,"turns":5},{"damage":54,"enemies":"Gremlin Leader","floor":24,"turns":7},{"damage":0,"enemies":"Sentry and Sphere","floor":25,"turns":3},{"damage":12,"enemies":"3 Cultists","floor":27,"turns":6},{"damage":12,"enemies":"Snake Plant","floor":28,"turns":4},{"damage":8,"enemies":"Centurion and Healer","floor":29,"turns":6},{"damage":5,"enemies":"Snecko","floor":31,"turns":4},{"damage":60,"enemies":"Collector","floor":33,"turns":8},{"damage":10,"enemies":"Flame Bruiser 1 Orb","floor":35,"turns":8},{"damage":17,"enemies":"Orb Walker","floor":38,"turns":4},{"damage":19,"enemies":"Maw","floor":39,"turns":9},{"damage":47,"enemies":"Giant Head","floor":41,"turns":6}],"relics_obtained":[{"floor":6,"key":"Kunai"},{"floor":8,"key":"Blood Vial"},{"floor":9,"key":"Orichalcum"},{"floor":11,"key":"Pear"},{"floor":24,"key":"Question Card"},{"floor":26,"key":"Frozen Egg 2"},{"floor":37,"key":"Girya"}],"event_choices":[{"event_name":"Purifier","player_choice":"One Purge","floor":2,"damage_taken":0},{"event_name":"Golden Wing","player_choice":"Card Removal","floor":3,"damage_taken":0},{"event_name":"Knowing Skull","player_choice":"GOLD ","floor":22,"damage_taken":0},{"event_name":"SensoryStone","player_choice":"Memory 1","floor":36,"damage_taken":0}],"boss_relics":[{"not_picked":["Sozu","Philosopher\u0027s Stone"],"picked":"Tiny House"},{"not_picked":["Runic Dome","Velvet Choker"],"picked":"Orrery"}],"items_purged_floors":[],"potions_floor_spawned":[1,8,11,14,16,18,21,27,31],"seed_played":"-8445009710334024549","killed_by":"Giant Head","ascension_level":1,"potions_obtained":[{"floor":1,"key":"Weak Potion"},{"floor":8,"key":"SpeedPotion"},{"floor":11,"key":"Swift Potion"},{"floor":14,"key":"LiquidBronze"},{"floor":16,"key":"GhostInAJar"},{"floor":18,"key":"SmokeBomb"},{"floor":21,"key":"Dexterity Potion"},{"floor":27,"key":"Block Potion"},{"floor":31,"key":"Ancient Potion"}],"is_trial":false}