{"path_per_floor":["M","?","M","M","M","E","R","E","T","$","M","M","R","T","R","B",null,"M","?","M","?"],"character_chosen":"DEFECT","items_purchased":["Capacitor+1"],"gold_per_floor":[114,114,134,151,165,199,199,234,234,124,135,151,151,175,175,273,273,273,273,273,273,273],"floor_reached":22,"campfire_rested":2,"playtime":1518,"item_purchase_floors":[10],"current_hp_per_floor":[75,42,40,39,32,25,47,40,40,40,36,29,51,51,51,25,75,56,40,40,5,0],"items_purged":["Strike_B"],"gold":273,"score":206,"play_id":"cf04daa2-b1a2-430b-ad4f-981fd93bac27","local_time":"20180602122358","is_prod":false,"is_daily":false,"chose_seed":false,"is_ascension_mode":true,"campfire_upgraded":1,"win_rate":0,"timestamp":1527967438,"campfire_choices":[{"floor":7,"key":"REST"},{"floor":13,"key":"REST"},{"data":"Biased Cognition","floor":15,"key":"SMITH"}],"path_taken":["M","?","M","M","M","E","R","E","T","$","M","?","R","?","R","BOSS","M","?","M","?","M"],"build_version":"2018-05-30v2","seed_source_timestamp":2105025096279239,"purchased_purges":1,"victory":false,"master_deck":["Strike_B","Strike_B","Strike_B","Defend_B","Defend_B","Defend_B","Defend_B","Zap","Dualcast","Biased Cognition+1","Conserve Battery","Go for the Eyes","Ball Lightning","Gash","Creative AI+1","Defragment+1","Capacitor+1","Beam Cell","Sweeping Beam","Seek","Storm+1","Loop+1","Coolheaded"],"max_hp_per_floor":[75,75,75,75,75,75,75,75,75,75,75,75,75,75,75,75,75,75,75,75,75,75],"relics":["Cracked Core","Potion Belt","Frozen Egg 2","Vajra","Bottled Tornado","Dream Catcher","Ectoplasm","Red Mask"],"card_choices":[{"not_picked":["Consume","Melter"],"picked":"Conserve Battery","floor":1},{"not_picked":["Steam","Consume"],"picked":"Go for the Eyes","floor":3},{"not_picked":["Streamline","Steam"],"picked":"Ball Lightning","floor":4},{"not_picked":["Scrape","Machine Learning"],"picked":"Gash","floor":5},{"not_picked":["Leap","Reinforced Body"],"picked":"Creative AI","floor":6},{"not_picked":["Go for the Eyes","Gash"],"picked":"Defragment+1","floor":8},{"not_picked":["Redo","FTL"],"picked":"Beam Cell","floor":11},{"not_picked":["Consume","Steam Power"],"picked":"Sweeping Beam","floor":12},{"not_picked":["Hyperbeam","Reboot"],"picked":"Seek","floor":16},{"not_picked":["Cold Snap","Undo+1"],"picked":"Storm+1","floor":18},{"not_picked":["Reprogram+1","White Noise"],"picked":"Loop+1","floor":20},{"not_picked":["Reinforced Body+1","Sweeping Beam+1"],"picked":"Coolheaded","floor":21}],"player_experience":96618,"potions_floor_usage":[6,11,11,21,21,22],"damage_taken":[{"damage":0,"enemies":"2 Louse","floor":1,"turns":2},{"damage":2,"enemies":"Small Slimes","floor":3,"turns":3},{"damage":1,"enemies":"Cultist","floor":4,"turns":3},{"damage":7,"enemies":"Exordium Thugs","floor":5,"turns":4},{"damage":7,"enemies":"Lagavulin","floor":6,"turns":5},{"damage":7,"enemies":"Gremlin Nob","floor":8,"turns":3},{"damage":4,"enemies":"3 Louse","floor":11,"turns":2},{"damage":7,"enemies":"Exordium Wildlife","floor":12,"turns":5},{"damage":26,"enemies":"Slime Boss","floor":16,"turns":6},{"damage":19,"enemies":"Shell Parasite","floor":18,"turns":5},{"damage":0,"enemies":"Spheric Guardian","floor":20,"turns":2},{"damage":35,"enemies":"Masked Bandits","floor":21,"turns":4},{"damage":5,"enemies":"Snake Plant","floor":22,"turns":1}],"relics_obtained":[{"floor":6,"key":"Frozen Egg 2"},{"floor":8,"key":"Vajra"},{"floor":9,"key":"Bottled Tornado"},{"floor":14,"key":"Dream Catcher"},{"floor":21,"key":"Red Mask"}],"event_choices":[{"event_name":"Scrap Ooze","player_choice":"success","floor":2,"damage_taken":33},{"event_name":"Cursed Tome","player_choice":"Obtained Book","floor":19,"damage_taken":0},{"event_name":"Masked Bandits","player_choice":"Fought over 273 gold","floor":21,"damage_taken":0}],"boss_relics":[{"not_picked":["Philosopher\u0027s Stone","Velvet Choker"],"picked":"Ectoplasm"}],"items_purged_floors":[10],"potions_floor_spawned":[4,5,8,16,18,21],"seed_played":"8695083633802185613","killed_by":"Snake Plant","ascension_level":1,"potions_obtained":[{"floor":4,"key":"SkillPotion"},{"floor":5,"key":"LiquidBronze"},{"floor":8,"key":"SkillPotion"},{"floor":16,"key":"Ancient Potion"},{"floor":18,"key":"AttackPotion"},{"floor":21,"key":"PowerPotion"}],"is_trial":false}