{"gold_per_floor":[118,133,65,88,107,134,134,175,175,216,235,235,235,256,256,379,442,465,484,505,505],"floor_reached":21,"playtime":1922,"items_purged":[],"score":251,"play_id":"fba11d05-865e-4a8f-bcec-7448b83194bb","local_time":"20190601152322","is_ascension_mode":true,"campfire_choices":[{"floor":13,"key":"REST"},{"floor":15,"key":"REST"}],"neow_cost":"NONE","seed_source_timestamp":566860010400553,"circlet_count":0,"master_deck":["Strike_G","Strike_G","Strike_G","Strike_G","Strike_G","Defend_G","Defend_G","Defend_G","Defend_G","Defend_G","Survivor","Neutralize","Well Laid Plans","Blur","Infinite Blades","Doubt","Poisoned Stab","Prepared","Injury","Dagger Throw","Shame","Predator","Blade Dance+1","Crippling Poison","After Image","Calculated Gamble","Poisoned Stab","Dagger Spray+1","Dodge and Roll+1"],"relics":["Cursed Key","Orichalcum","Art of War","Golden Idol","Shuriken","Bottled Tornado","Question Card","Tiny House"],"potions_floor_usage":[8,10,11,20],"damage_taken":[{"damage":0,"enemies":"Cultist","floor":1,"turns":4},{"damage":1,"enemies":"Small Slimes","floor":2,"turns":4},{"damage":0,"enemies":"2 Louse","floor":5,"turns":2},{"damage":20,"enemies":"Lagavulin","floor":6,"turns":10},{"damage":23,"enemies":"Gremlin Nob","floor":8,"turns":5},{"damage":11,"enemies":"Lagavulin","floor":10,"turns":6},{"damage":12,"enemies":"Exordium Wildlife","floor":11,"turns":4},{"damage":18,"enemies":"Lots of Slimes","floor":14,"turns":4},{"damage":23,"enemies":"The Guardian","floor":16,"turns":10},{"damage":10,"enemies":"Chosen","floor":18,"turns":5},{"damage":28,"enemies":"2 Thieves","floor":19,"turns":4},{"damage":5,"enemies":"Centurion and Healer","floor":20,"turns":6},{"damage":20,"enemies":"Snake Plant","floor":21,"turns":3}],"seed_played":"5349676485047645124","potions_obtained":[{"floor":5,"key":"PowerPotion"},{"floor":8,"key":"Dexterity Potion"},{"floor":10,"key":"Block Potion"},{"floor":17,"key":"Block Potion"}],"is_trial":false,"path_per_floor":["M","M","$","T","M","E","?","E","T","E","M","?","R","M","R","B",null,"M","M","M","M"],"character_chosen":"THE_SILENT","items_purchased":["Infinite Blades"],"campfire_rested":2,"item_purchase_floors":[3],"current_hp_per_floor":[70,69,69,69,69,49,49,26,26,15,3,3,24,6,27,4,59,49,21,16,0],"gold":505,"neow_bonus":"BOSS_RELIC","is_prod":false,"is_daily":false,"chose_seed":false,"campfire_upgraded":0,"win_rate":0,"timestamp":1559427802,"path_taken":["M","M","$","?","M","E","?","E","T","E","M","?","R","?","R","BOSS","M","M","?","M"],"build_version":"2019-05-31","purchased_purges":0,"victory":false,"max_hp_per_floor":[70,70,70,70,70,70,70,70,70,70,70,70,70,70,70,70,75,75,75,75,75],"card_choices":[{"not_picked":["Sucker Punch","Deflect"],"picked":"Well Laid Plans","floor":1},{"not_picked":["Bane","Cloak And Dagger"],"picked":"Blur","floor":2},{"not_picked":["Flying Knee","Dagger Spray"],"picked":"Poisoned Stab","floor":5},{"not_picked":["Cloak And Dagger","Flying Knee"],"picked":"Prepared","floor":6},{"not_picked":["Deflect","Prepared"],"picked":"Dagger Throw","floor":8},{"not_picked":["Setup","Dagger Throw"],"picked":"Predator","floor":10},{"not_picked":["Well Laid Plans","Slice","Prepared"],"picked":"Blade Dance","floor":11},{"not_picked":["Phantasmal Killer","Catalyst","Slice"],"picked":"Crippling Poison","floor":14},{"not_picked":["Storm of Steel","A Thousand Cuts","Malaise"],"picked":"After Image","floor":16},{"not_picked":["Distraction","Slice","Outmaneuver"],"picked":"Calculated Gamble","floor":17},{"not_picked":["Sucker Punch","Deadly Poison","Dodge and Roll"],"picked":"Poisoned Stab","floor":18},{"not_picked":["Flying Knee","Blade Dance","Deadly Poison"],"picked":"Dagger Spray+1","floor":19},{"not_picked":["Deflect","Prepared","Flying Knee"],"picked":"Dodge and Roll+1","floor":20}],"player_experience":304363,"relics_obtained":[{"floor":4,"key":"Orichalcum"},{"floor":6,"key":"Art of War"},{"floor":8,"key":"Shuriken"},{"floor":9,"key":"Bottled Tornado"},{"floor":10,"key":"Question Card"}],"event_choices":[{"damage_healed":0,"gold_gain":0,"player_choice":"Take Wound","damage_taken":0,"relics_obtained":["Golden Idol"],"max_hp_gain":0,"max_hp_loss":0,"event_name":"Golden Idol","floor":7,"gold_loss":0,"cards_obtained":["Injury"]},{"damage_healed":0,"gold_gain":0,"player_choice":"Fled","damage_taken":0,"max_hp_gain":0,"max_hp_loss":0,"event_name":"Scrap Ooze","floor":12,"gold_loss":0}],"is_beta":true,"boss_relics":[{"not_picked":["Runic Pyramid","Eternal Feather"],"picked":"Tiny House"}],"items_purged_floors":[],"is_endless":false,"potions_floor_spawned":[5,8,10],"killed_by":"Snake Plant","ascension_level":5}