{"path_per_floor":["M","M","?","$","?","E","M","E","T","R","M","M","$","M","R","B",null,"M","M","M","?","M","E","?","?","T","R","?","M","R","M","R","B",null,"M","$","M","M","M","E","?","M","T","$","E","M","R","?","R","B"],"character_chosen":"IRONCLAD","items_purchased":["Orichalcum","Frozen Egg 2","Sword Boomerang","Fire Breathing"],"gold_per_floor":[115,131,131,56,56,87,99,131,131,131,151,164,8,27,27,122,122,135,145,162,162,182,210,210,210,210,210,210,221,221,237,237,334,334,353,6,22,33,52,86,141,161,161,61,87,100,100,100,100,100],"floor_reached":51,"campfire_rested":1,"playtime":5936,"current_hp_per_floor":[80,80,85,85,85,61,67,71,71,71,77,77,77,83,83,87,95,95,95,95,95,95,95,95,95,95,95,95,95,95,95,95,88,95,95,95,92,89,78,54,64,64,64,64,50,58,58,46,74,59],"items_purged":["Strike_R","Warcry"],"gold":100,"score":766,"play_id":"1ea4a765-8f29-48ac-bd2d-fd51250cb0e1","local_time":"20180428130745","is_prod":false,"is_daily":false,"chose_seed":false,"is_ascension_mode":false,"campfire_upgraded":3,"timestamp":1524946065,"path_taken":["M","M","?","$","?","E","M","E","T","R","M","M","$","M","R","BOSS","M","M","M","?","?","E","?","?","T","R","?","M","R","M","R","BOSS","M","?","M","M","?","E","?","M","T","$","E","?","R","?","R","BOSS"],"build_version":"2018-04-26","seed_source_timestamp":390930266050024,"purchased_purges":3,"victory":true,"master_deck":["Strike_R+1","Strike_R+1","Defend_R+1","Defend_R+1","Defend_R+1","Defend_R+1","Bash","Sword Boomerang","Shockwave","Flex","Iron Wave","Metallicize+1","Clash","Fire Breathing+1","Flex","Anger+1","Double Tap","Headbutt","Armaments","Sever Soul","Clothesline+1","Warcry+1","Shrug It Off","Thunderclap+1","Juggernaut+1","Iron Wave+1","Sword Boomerang","Fire Breathing+1","Shockwave+1","Shrug It Off+1","Body Slam+1","Uppercut","Heavy Blade+1","Sword Boomerang+1","Heavy Blade","Sword Boomerang+1","Madness","Madness"],"max_hp_per_floor":[80,80,85,85,85,85,85,95,95,95,95,95,95,95,95,95,95,95,95,95,95,95,95,95,95,95,95,95,95,95,95,95,95,95,95,95,95,95,95,95,95,95,95,95,95,95,95,95,95,95],"relics":["Black Blood","Thread and Needle","Pear","Bottled Tornado","Orichalcum","Velvet Choker","Girya","Gremlin Horn","Frozen Egg 2","Paper Frog","Magic Flower","Letter Opener","Lantern"],"card_choices":[{"not_picked":["Thunderclap","Carnage"],"picked":"Shockwave","floor":1},{"not_picked":["Cleave","Anger"],"picked":"Flex","floor":2},{"not_picked":["Intimidate","Pummel"],"picked":"Iron Wave","floor":6},{"not_picked":["Iron Wave","Rupture"],"picked":"Metallicize","floor":7},{"not_picked":["Entrench","Iron Wave"],"picked":"Clash","floor":8},{"not_picked":["Cleave","Reckless Charge"],"picked":"Fire Breathing","floor":11},{"not_picked":["Clothesline","Sever Soul"],"picked":"Flex","floor":12},{"not_picked":["True Grit","Demon Form"],"picked":"Anger","floor":14},{"not_picked":["Feed","Demon Form"],"picked":"Double Tap","floor":16},{"not_picked":["Cleave","Reckless Charge"],"picked":"Headbutt","floor":18},{"not_picked":["Warcry","Rage"],"picked":"Armaments","floor":19},{"not_picked":["Corruption","Headbutt"],"picked":"Sever Soul","floor":20},{"not_picked":["Cleave","Anger"],"picked":"Clothesline","floor":22},{"not_picked":["Berserk","Twin Strike"],"picked":"Warcry","floor":23},{"not_picked":["True Grit","Warcry"],"picked":"Shrug It Off","floor":29},{"not_picked":["Anger","Armaments"],"picked":"Thunderclap","floor":31},{"not_picked":["Offering","Brutality"],"picked":"Juggernaut","floor":33},{"not_picked":["Uppercut","Body Slam"],"picked":"Iron Wave","floor":35},{"not_picked":["Thunderclap","Iron Wave"],"picked":"Shockwave","floor":37},{"not_picked":["Flex","Anger"],"picked":"Shrug It Off","floor":38},{"not_picked":["Shrug It Off","Headbutt"],"picked":"Body Slam","floor":39},{"not_picked":["Demon Form","Reckless Charge"],"picked":"Uppercut","floor":40},{"not_picked":["Twin Strike","True Grit"],"picked":"Heavy Blade","floor":41},{"not_picked":["Headbutt","Thunderclap"],"picked":"Sword Boomerang","floor":42},{"not_picked":["Dropkick","Sword Boomerang"],"picked":"Heavy Blade","floor":45},{"not_picked":["Twin Strike","Hemokinesis"],"picked":"Sword Boomerang","floor":46}],"player_experience":8813,"potions_floor_usage":[16,50,50,50],"damage_taken":[{"damage":1,"enemies":"Jaw Worm","floor":1,"turns":3},{"damage":0,"enemies":"Small Slimes","floor":2,"turns":5},{"damage":30,"enemies":"Lagavulin","floor":6,"turns":6},{"damage":0,"enemies":"2 Louse","floor":7,"turns":3},{"damage":12,"enemies":"Gremlin Nob","floor":8,"turns":6},{"damage":0,"enemies":"Blue Slaver","floor":11,"turns":3},{"damage":6,"enemies":"3 Louse","floor":12,"turns":4},{"damage":0,"enemies":"Large Slime","floor":14,"turns":5},{"damage":2,"enemies":"Slime Boss","floor":16,"turns":10},{"damage":5,"enemies":"Spheric Guardian","floor":18,"turns":4},{"damage":0,"enemies":"Shell Parasite","floor":19,"turns":3},{"damage":3,"enemies":"3 Cultists","floor":20,"turns":7},{"damage":0,"enemies":"Centurion and Healer","floor":22,"turns":6},{"damage":5,"enemies":"Book of Stabbing","floor":23,"turns":6},{"damage":0,"enemies":"Snecko","floor":29,"turns":4},{"damage":0,"enemies":"Snake Plant","floor":31,"turns":4},{"damage":13,"enemies":"Automaton","floor":33,"turns":8},{"damage":2,"enemies":"3 Darklings","floor":35,"turns":4},{"damage":13,"enemies":"3 Shapes","floor":37,"turns":3},{"damage":13,"enemies":"Sphere and 2 Shapes","floor":38,"turns":5},{"damage":21,"enemies":"Maw","floor":39,"turns":7},{"damage":34,"enemies":"Giant Head","floor":40,"turns":8},{"damage":0,"enemies":"Mysterious Sphere","floor":41,"turns":3},{"damage":15,"enemies":"4 Shapes","floor":42,"turns":5},{"damage":29,"enemies":"Nemesis","floor":45,"turns":7},{"damage":7,"enemies":"3 Darklings","floor":46,"turns":5},{"damage":55,"enemies":"Awakened One","floor":50,"turns":9}],"event_choices":[{"event_name":"Big Fish","player_choice":"Donut","floor":3,"damage_taken":0},{"event_name":"Living Wall","player_choice":"Change","floor":5,"damage_taken":0},{"event_name":"Vampires","player_choice":"Ignored","floor":21,"damage_taken":0},{"event_name":"Back to Basics","player_choice":"Simplicity","floor":24,"damage_taken":0},{"event_name":"Beggar","player_choice":"Ignored","floor":25,"damage_taken":0},{"event_name":"Upgrade Shrine","player_choice":"Upgraded","floor":28,"damage_taken":0},{"event_name":"Mysterious Sphere","player_choice":"Fight","floor":41,"damage_taken":0},{"event_name":"Winding Halls","player_choice":"Embrace Madness","floor":48,"damage_taken":0}],"boss_relics":[{"not_picked":["Tiny House","Runic Pyramid"],"picked":"Velvet Choker"},{"not_picked":["Runic Dome","Runic Cube"],"picked":"Black Blood"}],"potions_floor_spawned":[2,11,12,16,19,22,29,33,37,40,41,42,46],"seed_played":"-1553486323290767559","ascension_level":0,"is_trial":false}