{"gold_per_floor":[413,433,108,120,131,157,157,174,174,203,217,272,297,308,308,407,407,421,135,135,65,65,97,97,97,97,97,109,142,155,190,190,295,295,308,255,266,276,22,51,51,82,137,137,163,163,43,3,3,3],"floor_reached":51,"playtime":3805,"items_purged":["Strike_R","Doubt"],"score":1101,"play_id":"dff09c0d-a081-4406-8ba2-b4ed4f3deb1e","local_time":"20190511212900","is_ascension_mode":true,"campfire_choices":[{"floor":7,"key":"REST"},{"floor":15,"key":"REST"},{"floor":24,"key":"REST"},{"floor":27,"key":"REST"},{"floor":32,"key":"REST"},{"floor":41,"key":"REST"},{"floor":44,"key":"REST"},{"floor":46,"key":"REST"},{"data":"Demon Form","floor":49,"key":"SMITH"}],"neow_cost":"PERCENT_DAMAGE","seed_source_timestamp":348836019194997,"circlet_count":0,"master_deck":["Strike_R","Strike_R","Strike_R","Strike_R","Defend_R","Defend_R","Defend_R","Defend_R","Bash","Metallicize","Twin Strike","Sword Boomerang","Demon Form+1","Feel No Pain","True Grit","Warcry","Feed","Second Wind","Iron Wave","Sword Boomerang","Feed","Sword Boomerang","Ghostly Armor","Inflame","Twin Strike","Reckless Charge","Shame","Limit Break","Heavy Blade","Juggernaut","Clumsy","Decay","Armaments+1","Pummel","Battle Trance","Flame Barrier","Ghostly Armor","Reaper","Normality","Feel No Pain","Iron Wave"],"relics":["Burning Blood","Old Coin","Question Card","Unceasing Top","Torii","Matryoshka","FossilizedHelix","Lantern","Cursed Key","Bottled Tornado","Dodecahedron","Orichalcum","Singing Bowl","Shovel","Mummified Hand","Calling Bell","Red Skull","Sundial","Turnip","Self Forming Clay","Thread and Needle","The Courier","Juzu Bracelet","Pen Nib","Pear"],"potions_floor_usage":[12,12,16,31,33,33,40,45,45,50,50],"damage_taken":[{"damage":13,"enemies":"Jaw Worm","floor":1,"turns":4},{"damage":6,"enemies":"2 Louse","floor":2,"turns":3},{"damage":2,"enemies":"Cultist","floor":4,"turns":4},{"damage":7,"enemies":"Red Slaver","floor":5,"turns":3},{"damage":21,"enemies":"Gremlin Nob","floor":6,"turns":4},{"damage":28,"enemies":"Lots of Slimes","floor":8,"turns":6},{"damage":14,"enemies":"3 Sentries","floor":10,"turns":11},{"damage":13,"enemies":"Large Slime","floor":11,"turns":7},{"damage":10,"enemies":"Gremlin Nob","floor":12,"turns":4},{"damage":1,"enemies":"Lagavulin","floor":13,"turns":6},{"damage":11,"enemies":"Looter","floor":14,"turns":3},{"damage":6,"enemies":"Hexaghost","floor":16,"turns":7},{"damage":19,"enemies":"Spheric Guardian","floor":18,"turns":5},{"damage":45,"enemies":"Slavers","floor":23,"turns":6},{"damage":6,"enemies":"Shell Parasite","floor":28,"turns":4},{"damage":20,"enemies":"Book of Stabbing","floor":29,"turns":5},{"damage":33,"enemies":"Centurion and Healer","floor":30,"turns":6},{"damage":10,"enemies":"Gremlin Leader","floor":31,"turns":5},{"damage":33,"enemies":"Champ","floor":33,"turns":8},{"damage":31,"enemies":"Orb Walker","floor":35,"turns":5},{"damage":45,"enemies":"3 Darklings","floor":37,"turns":5},{"damage":12,"enemies":"4 Shapes","floor":38,"turns":6},{"damage":16,"enemies":"Giant Head","floor":40,"turns":6},{"damage":1,"enemies":"Nemesis","floor":42,"turns":5},{"damage":32,"enemies":"Giant Head","floor":45,"turns":7},{"damage":25,"enemies":"Time Eater","floor":50,"turns":5}],"seed_played":"-2130749071475557333","potions_obtained":[{"floor":1,"key":"SpeedPotion"},{"floor":11,"key":"Fire Potion"},{"floor":12,"key":"SpeedPotion"},{"floor":14,"key":"Poison Potion"},{"floor":29,"key":"FearPotion"},{"floor":31,"key":"AttackPotion"},{"floor":40,"key":"Poison Potion"},{"floor":42,"key":"Poison Potion"}],"is_trial":false,"path_per_floor":["M","M","$","M","M","E","R","M","T","E","M","?","E","M","R","B",null,"M","$","?","$","?","E","R","?","T","R","M","E","M","E","R","B",null,"M","?","M","M","$","E","R","E","T","R","E","R","$","$","R","B",null],"character_chosen":"IRONCLAD","items_purchased":["Question Card","Bottled Tornado","Ghostly Armor","Inflame","Flame Barrier","EssenceOfSteel","Iron Wave","Strength Potion","AttackPotion","Strength Potion"],"campfire_rested":8,"item_purchase_floors":[3,19,19,21,39,39,47,47,47,48],"current_hp_per_floor":[49,49,49,53,52,37,61,39,39,31,24,23,28,23,47,50,77,64,64,64,64,64,31,58,58,58,85,87,73,51,50,80,53,90,68,68,29,23,23,13,44,49,49,80,73,107,107,107,107,96],"gold":3,"neow_bonus":"ONE_RARE_RELIC","is_prod":false,"is_daily":false,"chose_seed":false,"campfire_upgraded":1,"win_rate":0,"timestamp":1557635340,"path_taken":["M","M","$","M","M","E","R","M","T","E","M","?","E","M","R","BOSS","M","$","?","$","?","E","R","?","T","R","M","E","M","E","R","BOSS","M","?","M","?","$","E","R","E","T","R","E","R","?","$","R","BOSS"],"build_version":"2019-05-07","purchased_purges":2,"victory":true,"max_hp_per_floor":[80,80,80,80,80,80,80,80,80,80,80,83,83,83,83,86,86,86,86,86,86,86,92,92,92,92,92,94,94,99,102,102,102,102,105,105,105,105,105,105,105,105,105,105,115,115,115,115,115,115],"card_choices":[{"not_picked":["Pommel Strike","Havoc"],"picked":"Metallicize","floor":1},{"not_picked":["Pommel Strike","Clash"],"picked":"Twin Strike","floor":2},{"not_picked":["Wild Strike","Perfected Strike","Body Slam"],"picked":"Sword Boomerang","floor":4},{"not_picked":["Iron Wave","Clothesline","Cleave"],"picked":"Demon Form","floor":5},{"not_picked":["Headbutt","Perfected Strike","Demon Form"],"picked":"Feel No Pain","floor":6},{"not_picked":["Perfected Strike","Havoc","Body Slam"],"picked":"True Grit","floor":8},{"not_picked":["Headbutt","Entrench","Anger"],"picked":"Warcry","floor":10},{"not_picked":["Heavy Blade","Thunderclap","True Grit"],"picked":"Feed","floor":11},{"not_picked":["Wild Strike","Intimidate","Seeing Red"],"picked":"Second Wind","floor":12},{"not_picked":["Exhume","Body Slam","Searing Blow"],"picked":"Iron Wave","floor":13},{"not_picked":["Anger","Havoc","Heavy Blade"],"picked":"Sword Boomerang","floor":14},{"not_picked":["Immolate","Offering","Fiend Fire"],"picked":"Feed","floor":16},{"not_picked":["Anger","Iron Wave","Flex+1"],"picked":"Sword Boomerang","floor":18},{"not_picked":["Warcry","Clash","Uppercut+1"],"picked":"Reckless Charge","floor":23},{"not_picked":["Blood for Blood","Headbutt","Brutality","Shockwave"],"picked":"Singing Bowl","floor":28},{"not_picked":["Body Slam","Sword Boomerang","Pommel Strike+1"],"picked":"Limit Break","floor":29},{"not_picked":["Bloodletting+1","Combust","True Grit","Shrug It Off"],"picked":"Singing Bowl","floor":30},{"not_picked":["Wild Strike","Body Slam","Shockwave"],"picked":"Heavy Blade","floor":31},{"not_picked":["Offering","Double Tap","Berserk"],"picked":"Juggernaut","floor":33},{"not_picked":["Shrug It Off","Iron Wave","Cleave"],"picked":"Armaments+1","floor":35},{"not_picked":["True Grit+1","Iron Wave","Brutality"],"picked":"Pummel","floor":37},{"not_picked":["Pommel Strike+1","Shrug It Off+1","Shockwave+1"],"picked":"Battle Trance","floor":38},{"not_picked":["Anger","Flex+1","Thunderclap+1"],"picked":"Ghostly Armor","floor":40},{"not_picked":["Shrug It Off+1","Evolve+1","Rampage"],"picked":"Reaper","floor":42},{"not_picked":["Anger+1","Entrench+1","Intimidate"],"picked":"Feel No Pain","floor":45}],"player_experience":285721,"relics_obtained":[{"floor":6,"key":"Unceasing Top"},{"floor":9,"key":"Torii"},{"floor":10,"key":"Matryoshka"},{"floor":12,"key":"FossilizedHelix"},{"floor":13,"key":"Lantern"},{"floor":23,"key":"Dodecahedron"},{"floor":26,"key":"Orichalcum"},{"floor":26,"key":"Singing Bowl"},{"floor":29,"key":"Shovel"},{"floor":31,"key":"Mummified Hand"},{"floor":34,"key":"Red Skull"},{"floor":34,"key":"Sundial"},{"floor":34,"key":"Turnip"},{"floor":40,"key":"Thread and Needle"},{"floor":42,"key":"The Courier"},{"floor":43,"key":"Juzu Bracelet"},{"floor":43,"key":"Pen Nib"},{"floor":45,"key":"Pear"}],"event_choices":[{"damage_healed":0,"gold_gain":0,"player_choice":"Searched \u00271\u0027 times","damage_taken":0,"max_hp_gain":0,"max_hp_loss":0,"event_name":"Dead Adventurer","floor":12,"gold_loss":0},{"damage_healed":0,"gold_gain":0,"player_choice":"Ignored","damage_taken":0,"max_hp_gain":0,"max_hp_loss":0,"event_name":"Vampires","floor":20,"gold_loss":0},{"damage_healed":0,"gold_gain":0,"player_choice":"Read","damage_taken":0,"max_hp_gain":0,"max_hp_loss":0,"event_name":"The Library","floor":22,"gold_loss":0,"cards_obtained":["Twin Strike"]},{"damage_healed":0,"gold_gain":0,"player_choice":"Ignored","damage_taken":0,"max_hp_gain":0,"max_hp_loss":0,"event_name":"Ghosts","floor":25,"gold_loss":0},{"damage_healed":0,"gold_gain":0,"player_choice":"Paid Gold","damage_taken":0,"relics_obtained":["Self Forming Clay"],"max_hp_gain":0,"max_hp_loss":0,"event_name":"WeMeetAgain","floor":36,"gold_loss":53}],"is_beta":true,"boss_relics":[{"not_picked":["Velvet Choker","Snecko Eye"],"picked":"Cursed Key"},{"not_picked":["Runic Cube","Empty Cage"],"picked":"Calling Bell"}],"items_purged_floors":[3,39],"is_endless":false,"potions_floor_spawned":[1,11,12,14,29,31,40,42],"ascension_level":5}