{"gold_per_floor":[119,130,160,160,235,260,273,305,332,332,71,89,103,117,117,117],"floor_reached":16,"playtime":1061,"items_purged":[],"score":140,"play_id":"fff6c984-f459-4054-b29d-2251b6b02252","local_time":"20190122200526","is_ascension_mode":true,"campfire_choices":[{"floor":15,"key":"REST"}],"neow_cost":"NONE","seed_source_timestamp":991032376893753,"circlet_count":0,"master_deck":["Strike_R+1","Strike_R+1","Strike_R","Strike_R","Strike_R","Defend_R","Defend_R","Defend_R","Defend_R","Bash","Cleave","Evolve","Barricade","Heavy Blade","Rupture","Rampage","Combust","Iron Wave"],"relics":["Burning Blood","Tiny Chest","Oddly Smooth Stone","Whetstone","Potion Belt","Happy Flower","Question Card"],"potions_floor_usage":[8,8,16],"damage_taken":[{"damage":6,"enemies":"Cultist","floor":1,"turns":4},{"damage":0,"enemies":"2 Louse","floor":2,"turns":2},{"damage":30,"enemies":"3 Sentries","floor":6,"turns":8},{"damage":0,"enemies":"Small Slimes","floor":7,"turns":4},{"damage":36,"enemies":"Gremlin Nob","floor":8,"turns":5},{"damage":14,"enemies":"Blue Slaver","floor":12,"turns":4},{"damage":9,"enemies":"2 Fungi Beasts","floor":13,"turns":4},{"damage":8,"enemies":"Large Slime","floor":14,"turns":5},{"damage":42,"enemies":"The Guardian","floor":16,"turns":5}],"seed_played":"-1983305897775672371","potions_obtained":[{"floor":6,"key":"Weak Potion"},{"floor":7,"key":"Energy Potion"},{"floor":8,"key":"SpeedPotion"}],"is_trial":false,"path_per_floor":["?","?","?","T"],"character_chosen":"IRONCLAD","items_purchased":["Question Card"],"campfire_rested":1,"item_purchase_floors":[11],"current_hp_per_floor":[88,88,88,88,77,53,59,29,29,29,29,21,18,16,42,0],"gold":117,"neow_bonus":"TEN_PERCENT_HP_BONUS","is_prod":false,"is_daily":false,"chose_seed":false,"campfire_upgraded":0,"win_rate":0,"timestamp":1548216326,"path_taken":["M","M","?","?","?","E","M","E","T","?","$","M","M","M","R","BOSS"],"build_version":"2019-01-22","purchased_purges":0,"victory":false,"max_hp_per_floor":[88,88,88,88,88,88,88,88,88,88,88,88,88,88,88,88],"card_choices":[{"not_picked":["Body Slam","Warcry"],"picked":"Cleave","floor":1},{"not_picked":["Sword Boomerang","Heavy Blade"],"picked":"Evolve","floor":2},{"not_picked":["Heavy Blade","Pommel Strike"],"picked":"Barricade","floor":6},{"not_picked":["Pommel Strike","Thunderclap"],"picked":"Heavy Blade","floor":7},{"not_picked":["True Grit","Warcry"],"picked":"Rupture","floor":8},{"not_picked":["Armaments","Entrench","Sword Boomerang"],"picked":"Rampage","floor":12},{"not_picked":["Dropkick","Double Tap","Shrug It Off"],"picked":"Combust","floor":13},{"not_picked":["Twin Strike","Cleave","Warcry"],"picked":"Iron Wave","floor":14}],"player_experience":228898,"relics_obtained":[{"floor":6,"key":"Oddly Smooth Stone"},{"floor":8,"key":"Whetstone"},{"floor":9,"key":"Potion Belt"},{"floor":10,"key":"Happy Flower"}],"event_choices":[{"damage_healed":0,"gold_gain":0,"player_choice":"Box","damage_taken":0,"relics_obtained":["Tiny Chest"],"max_hp_gain":0,"max_hp_loss":0,"event_name":"Big Fish","floor":3,"gold_loss":0,"cards_obtained":["Regret"]},{"cards_removed":["Regret"],"damage_healed":0,"gold_gain":0,"player_choice":"Forget","damage_taken":0,"max_hp_gain":0,"max_hp_loss":0,"event_name":"Living Wall","floor":4,"gold_loss":0},{"damage_healed":0,"gold_gain":75,"player_choice":"Gather Gold","damage_taken":11,"max_hp_gain":0,"max_hp_loss":0,"event_name":"World of Goop","floor":5,"gold_loss":0}],"is_beta":true,"boss_relics":[],"items_purged_floors":[],"is_endless":false,"potions_floor_spawned":[6,7,8],"killed_by":"The Guardian","ascension_level":5}