{"gold_per_floor":[110,110,127,146,163,195,41,41,68,88,118,118,129,29,29,134,134,150,169,169,169,169,169,194,213,239,239,256,290,290,307,307,407,407,422,199,209,309,309,309,336,336,381,407,407,440,452],"floor_reached":47,"playtime":4935,"items_purged":["Strike_P","Strike_P","Eruption"],"score":642,"play_id":"0df69c67-4969-4845-b18a-200fc20c86a0","local_time":"20190909161248","is_ascension_mode":true,"campfire_choices":[{"floor":8,"key":"REST"},{"floor":12,"key":"REST"},{"data":"Devotion","floor":15,"key":"SMITH"},{"floor":23,"key":"REST"},{"floor":27,"key":"REST"},{"floor":30,"key":"REST"},{"floor":32,"key":"REST"},{"floor":40,"key":"REST"},{"floor":42,"key":"REST"},{"data":"MasterReality","floor":45,"key":"SMITH"}],"neow_cost":"NONE","seed_source_timestamp":32942093295699,"circlet_count":0,"master_deck":["Strike_P+1","Strike_P+1","Defend_P+1","Defend_P+1","Vigilance","Consecrate","Devotion","CarveReality","Fasting","SandsOfTime","Protect","Devotion+1","FearNoEvil","Vault","WindmillStrike","Alpha","JustLucky","BowlingBash+1","RitualDagger","Establishment","ClearTheMind+1","Perseverance+1","Swivel+1","FlowState+1","StepAndStrike","MasterReality+1","CrushJoints+1","Crescendo+1","WreathOfFlame+1","Violence+1","CarveReality","FlurryOfBlows+1"],"relics":["PureWater","Art of War","War Paint","Whetstone","SlaversCollar","Toxic Egg 2","Orichalcum","Anchor","Philosopher\u0027s Stone","Incense Burner","Melange","Pen Nib","Vajra","MawBank"],"potions_floor_usage":[19,24,28,29,35,38,44,47,47],"damage_taken":[{"damage":0,"enemies":"2 Louse","floor":1,"turns":2},{"damage":6,"enemies":"Cultist","floor":3,"turns":4},{"damage":3,"enemies":"Small Slimes","floor":4,"turns":3},{"damage":11,"enemies":"2 Fungi Beasts","floor":5,"turns":4},{"damage":31,"enemies":"3 Sentries","floor":6,"turns":5},{"damage":5,"enemies":"3 Louse","floor":10,"turns":3},{"damage":10,"enemies":"Lagavulin","floor":11,"turns":5},{"damage":0,"enemies":"Exordium Wildlife","floor":13,"turns":3},{"damage":23,"enemies":"The Guardian","floor":16,"turns":7},{"damage":8,"enemies":"Chosen","floor":18,"turns":5},{"damage":25,"enemies":"3 Byrds","floor":19,"turns":6},{"damage":25,"enemies":"Book of Stabbing","floor":24,"turns":5},{"damage":13,"enemies":"Snecko","floor":25,"turns":5},{"damage":11,"enemies":"Cultist and Chosen","floor":28,"turns":6},{"damage":17,"enemies":"Gremlin Leader","floor":29,"turns":5},{"damage":36,"enemies":"Centurion and Healer","floor":31,"turns":7},{"damage":38,"enemies":"Champ","floor":33,"turns":8},{"damage":20,"enemies":"3 Darklings","floor":35,"turns":6},{"damage":7,"enemies":"3 Shapes","floor":37,"turns":5},{"damage":15,"enemies":"Mind Bloom Boss Battle","floor":38,"turns":6},{"damage":21,"enemies":"Reptomancer","floor":41,"turns":6},{"damage":0,"enemies":"Giant Head","floor":44,"turns":5},{"damage":38,"enemies":"Reptomancer","floor":46,"turns":5},{"damage":15,"enemies":"Transient","floor":47,"turns":5}],"seed_played":"-1587686699205889730","potions_obtained":[{"floor":6,"key":"SpeedPotion"},{"floor":13,"key":"Regen Potion"},{"floor":16,"key":"Weak Potion"},{"floor":28,"key":"LiquidBronze"},{"floor":31,"key":"FairyPotion"},{"floor":33,"key":"AttackPotion"},{"floor":37,"key":"StancePotion"},{"floor":38,"key":"Ancient Potion"},{"floor":41,"key":"Explosive Potion"},{"floor":46,"key":"Weak Potion"}],"is_trial":false,"path_per_floor":["M","?","M","M","M","E","$","R","T","M","E","R","M","$","R","B",null,"M","M","?","?","?","R","E","M","T","R","M","E","R","M","R","B",null,"M","$","M","?","?","R","E","R","T","E","R","E","M"],"character_chosen":"WATCHER","items_purchased":["Devotion","Block Potion","AttackPotion"],"campfire_rested":8,"item_purchase_floors":[7,36,36],"current_hp_per_floor":[71,71,65,62,51,20,20,41,41,36,26,47,47,47,47,24,71,63,38,32,32,32,53,28,15,15,36,40,23,44,8,29,21,71,51,51,44,29,29,50,29,50,50,50,50,12,0],"gold":452,"neow_bonus":"TEN_PERCENT_HP_BONUS","is_prod":false,"is_daily":false,"chose_seed":false,"campfire_upgraded":2,"win_rate":0,"timestamp":1568070768,"path_taken":["M","?","M","M","M","E","$","R","T","M","E","R","M","?","R","BOSS","M","M","?","?","?","R","E","?","T","R","M","E","R","M","R","BOSS","M","$","M","?","?","R","E","R","T","E","R","E","M"],"build_version":"2019-09-09","purchased_purges":3,"victory":false,"max_hp_per_floor":[71,71,71,71,71,71,71,71,71,71,71,71,71,71,71,71,71,71,71,71,71,71,71,71,71,71,71,71,71,71,71,71,71,71,71,71,71,71,71,71,71,71,71,71,71,71,71],"card_choices":[{"not_picked":["Halt","SpiritShield"],"picked":"Consecrate","floor":1},{"not_picked":["CleanseEvil","Weave"],"picked":"CarveReality","floor":3},{"not_picked":["Consecrate","CrushJoints"],"picked":"Fasting","floor":4},{"not_picked":["CrushJoints","EmptyFist"],"picked":"SandsOfTime","floor":5},{"not_picked":["CutThroughFate","ClearTheMind"],"picked":"Protect","floor":6},{"not_picked":["CrushJoints","BowlingBash"],"picked":"FearNoEvil","floor":10},{"not_picked":["Tantrum","FollowUp"],"picked":"Vault","floor":11},{"not_picked":["EmptyBody","JustLucky"],"picked":"WindmillStrike","floor":13},{"not_picked":["Wallop","DeusExMachina"],"picked":"Alpha","floor":16},{"not_picked":["FollowUp","BowlingBash"],"picked":"JustLucky","floor":18},{"not_picked":["EmptyMind","Evaluate+1"],"picked":"BowlingBash+1","floor":19},{"not_picked":["Weave","Scrawl"],"picked":"ClearTheMind","floor":24},{"not_picked":["Devotion","EmptyMind+1"],"picked":"Perseverance+1","floor":25},{"not_picked":["EmptyMind+1","CrushJoints"],"picked":"Swivel+1","floor":28},{"not_picked":["Fasting","Evaluate+1"],"picked":"FlowState+1","floor":29},{"not_picked":["Adaptation","PathToVictory+1"],"picked":"StepAndStrike","floor":31},{"not_picked":["Vault","ReachHeaven"],"picked":"MasterReality","floor":33},{"not_picked":["Halt+1","BowlingBash+1"],"picked":"CrushJoints+1","floor":35},{"not_picked":["FlyingSleeves+1","BowlingBash+1"],"picked":"Crescendo+1","floor":37},{"not_picked":["Meditate+1","Weave"],"picked":"WreathOfFlame+1","floor":38},{"not_picked":["Jack Of All Trades+1","Impatience+1"],"picked":"Violence+1","floor":39},{"not_picked":["Conclude+1","Establishment+1","Meditate+1"],"picked":"SKIP","floor":41},{"not_picked":["CrushJoints+1","EmptyMind+1"],"picked":"CarveReality","floor":44},{"not_picked":["Crescendo+1","FollowUp+1"],"picked":"FlurryOfBlows+1","floor":46}],"player_experience":329215,"relics_obtained":[{"floor":6,"key":"Art of War"},{"floor":9,"key":"War Paint"},{"floor":11,"key":"Whetstone"},{"floor":24,"key":"Toxic Egg 2"},{"floor":26,"key":"Orichalcum"},{"floor":29,"key":"Anchor"},{"floor":38,"key":"Incense Burner"},{"floor":41,"key":"Melange"},{"floor":43,"key":"Pen Nib"},{"floor":44,"key":"Vajra"},{"floor":46,"key":"MawBank"}],"event_choices":[{"damage_healed":0,"gold_gain":0,"cards_transformed":["Defend_P"],"player_choice":"Transformed","damage_taken":0,"max_hp_gain":0,"max_hp_loss":0,"event_name":"Transmorgrifier","floor":2,"gold_loss":0,"cards_obtained":["Devotion"]},{"damage_healed":0,"gold_gain":0,"player_choice":"Joined the Cult","damage_taken":6,"max_hp_gain":0,"max_hp_loss":0,"event_name":"Nest","floor":20,"gold_loss":0,"cards_obtained":["RitualDagger"]},{"cards_removed":["Defend_P"],"damage_healed":0,"gold_gain":0,"player_choice":"Elegance","damage_taken":0,"max_hp_gain":0,"max_hp_loss":0,"event_name":"Back to Basics","floor":21,"gold_loss":0},{"damage_healed":0,"gold_gain":0,"player_choice":"Read","damage_taken":0,"max_hp_gain":0,"max_hp_loss":0,"event_name":"The Library","floor":22,"gold_loss":0,"cards_obtained":["Establishment"]},{"damage_healed":0,"gold_gain":0,"player_choice":"Fight","damage_taken":0,"max_hp_gain":0,"max_hp_loss":0,"event_name":"MindBloom","floor":38,"gold_loss":0},{"damage_healed":0,"gold_gain":0,"player_choice":"Memory 1","damage_taken":0,"max_hp_gain":0,"max_hp_loss":0,"event_name":"SensoryStone","floor":39,"gold_loss":0}],"is_beta":true,"boss_relics":[{"not_picked":["Black Star","Runic Pyramid"],"picked":"SlaversCollar"},{"not_picked":["Snecko Eye","Coffee Dripper"],"picked":"Philosopher\u0027s Stone"}],"items_purged_floors":[7,14,36],"is_endless":false,"potions_floor_spawned":[6,13,16,28,31,33,37,38,41,46],"killed_by":"Transient","ascension_level":1}