{"path_per_floor":["M","M","M","M","M","R","E","?","T","M","R","E","M","$","R","B",null,"M","M","?","M","$","E"],"character_chosen":"DEFECT","items_purchased":["Apotheosis","Fusion","Capacitor"],"gold_per_floor":[116,130,140,157,170,170,202,202,229,240,240,273,284,9,9,111,111,123,95,45,55,9,43,43],"floor_reached":24,"campfire_rested":1,"playtime":2187,"current_hp_per_floor":[75,75,74,54,49,49,60,60,60,52,52,29,26,26,51,37,85,82,85,85,85,85,13,0],"items_purged":[],"gold":43,"score":230,"play_id":"7fc713ee-4c76-46ce-bf59-b68eab3f99a1","local_time":"20180512020232","is_prod":false,"is_daily":false,"chose_seed":false,"is_ascension_mode":false,"campfire_upgraded":2,"timestamp":1526115752,"path_taken":["M","M","?","M","M","R","E","?","T","M","R","E","M","$","R","BOSS","M","M","?","M","$","E","M"],"build_version":"2018-05-11","seed_source_timestamp":252703948607057,"purchased_purges":0,"victory":false,"master_deck":["Strike_B","Strike_B","Defend_B","Defend_B","Defend_B","Defend_B","Zap","Dualcast","Rebound","Loop+1","Self Repair","Defragment+1","Axe Kick","White Noise","Chill","Static Discharge","Stack","Apotheosis","Fusion","Genetic Algorithm","Buffer","Injury","Normality","Decay","Cold Snap","Rebound+1","Tempest","Capacitor","Stack+1"],"max_hp_per_floor":[75,75,75,75,75,75,85,85,85,85,85,85,85,85,85,85,85,85,85,85,85,85,85,85],"relics":["Cracked Core","Pear","Bag of Preparation","Dream Catcher","Calling Bell","Oddly Smooth Stone","Shuriken","Du-Vu Doll","Prayer Wheel"],"card_choices":[{"not_picked":["Sweeping Beam","Coolheaded"],"picked":"Rebound","floor":1},{"not_picked":["Barrage","Streamline"],"picked":"Loop","floor":2},{"not_picked":["Barrage","Axe Kick"],"picked":"Self Repair","floor":3},{"not_picked":["Stack","Glacier"],"picked":"Defragment","floor":4},{"not_picked":["Undo","FTL"],"picked":"Axe Kick","floor":5},{"not_picked":["Steam Power","Beam Cell"],"picked":"White Noise","floor":7},{"not_picked":["Ball Lightning","Streamline"],"picked":"Chill","floor":10},{"not_picked":["Ball Lightning","Hologram"],"picked":"Static Discharge","floor":12},{"not_picked":["Hologram","Seek"],"picked":"Stack","floor":13},{"not_picked":["Go for the Eyes","Streamline"],"picked":"Genetic Algorithm","floor":15},{"not_picked":["Meteor Strike","Machine Learning"],"picked":"Buffer","floor":16},{"not_picked":["Blizzard","Barrage"],"picked":"Cold Snap","floor":18},{"not_picked":["Lockon","Cold Snap"],"picked":"Rebound+1","floor":19},{"not_picked":["Steam+1","Melter+1"],"picked":"Tempest","floor":21},{"not_picked":["Tempest","Lockon"],"picked":"Stack+1","floor":23}],"player_experience":60787,"potions_floor_usage":[7,13,19,19],"damage_taken":[{"damage":0,"enemies":"Cultist","floor":1,"turns":3},{"damage":0,"enemies":"2 Louse","floor":2,"turns":2},{"damage":1,"enemies":"Jaw Worm","floor":3,"turns":3},{"damage":27,"enemies":"Exordium Thugs","floor":4,"turns":5},{"damage":12,"enemies":"Looter","floor":5,"turns":4},{"damage":6,"enemies":"Lagavulin","floor":7,"turns":7},{"damage":15,"enemies":"3 Louse","floor":10,"turns":3},{"damage":30,"enemies":"Gremlin Nob","floor":12,"turns":4},{"damage":10,"enemies":"Exordium Wildlife","floor":13,"turns":4},{"damage":24,"enemies":"Hexaghost","floor":16,"turns":7},{"damage":13,"enemies":"Spheric Guardian","floor":18,"turns":6},{"damage":4,"enemies":"2 Thieves","floor":19,"turns":5},{"damage":9,"enemies":"3 Cultists","floor":21,"turns":8},{"damage":79,"enemies":"Slavers","floor":23,"turns":6},{"damage":15,"enemies":"Cultist and Chosen","floor":24,"turns":3}],"event_choices":[{"event_name":"Living Wall","player_choice":"Forget","floor":8,"damage_taken":0},{"event_name":"The Joust","player_choice":"Bet on Owner","floor":20,"damage_taken":0}],"boss_relics":[{"not_picked":["Sozu","White Beast Statue"],"picked":"Calling Bell"}],"potions_floor_spawned":[4,5,16,18,21],"seed_played":"7145304094373107730","killed_by":"Cultist and Chosen","ascension_level":0,"is_trial":false}