{"gold_per_floor":[113,44,54,129,129,157,222,247,273,273,285,313,313,363,363,461,461,478,528,22,98,98],"floor_reached":22,"playtime":1681,"items_purged":[],"score":275,"play_id":"ded678c9-d483-44fa-8fc1-9fdf28b79a41","local_time":"20190518213726","is_ascension_mode":true,"campfire_choices":[{"floor":10,"key":"REST"},{"floor":13,"key":"REST"},{"floor":15,"key":"REST"}],"neow_cost":"NONE","seed_source_timestamp":956275099873585,"circlet_count":0,"master_deck":["Defend_G","Defend_G","Defend_G","Defend_G","Defend_G","Strike_G","Strike_G","Strike_G","Strike_G","Strike_G","Survivor","Neutralize","Flying Knee","Noxious Fumes","Footwork","Deflect","Sucker Punch","Leg Sweep","Caltrops","Infinite Blades","Tools of the Trade","Deadly Poison","Deflect","Caltrops","Prepared"],"relics":["Ring of the Snake","SsserpentHead","Art of War","Potion Belt","Boot","Shuriken","Mango","WristBlade","Singing Bowl","Gremlin Horn","PreservedInsect","Red Mask"],"potions_floor_usage":[6,8,12],"damage_taken":[{"damage":8,"enemies":"Small Slimes","floor":1,"turns":5},{"damage":0,"enemies":"Jaw Worm","floor":3,"turns":4},{"damage":38,"enemies":"Gremlin Nob","floor":6,"turns":5},{"damage":0,"enemies":"Cultist","floor":7,"turns":4},{"damage":13,"enemies":"3 Sentries","floor":8,"turns":6},{"damage":0,"enemies":"Exordium Thugs","floor":11,"turns":5},{"damage":21,"enemies":"Gremlin Nob","floor":12,"turns":5},{"damage":28,"enemies":"Hexaghost","floor":16,"turns":10},{"damage":8,"enemies":"3 Byrds","floor":18,"turns":5},{"damage":74,"enemies":"Masked Bandits","floor":21,"turns":7},{"damage":10,"enemies":"Chosen","floor":22,"turns":4}],"seed_played":"-5116342306499543601","potions_obtained":[{"floor":3,"key":"PowerPotion"},{"floor":6,"key":"Fruit Juice"},{"floor":11,"key":"GhostInAJar"}],"is_trial":false,"path_per_floor":["M","$","M","?","?","E","M","E","T","R","M","E","R","T","R","B",null,"M","T","$","?","M"],"character_chosen":"THE_SILENT","items_purchased":["Noxious Fumes","Gremlin Horn","PreservedInsect","Deflect","Caltrops"],"campfire_rested":3,"item_purchase_floors":[2,20,20,20,20],"current_hp_per_floor":[69,69,69,58,58,25,25,12,12,36,36,15,39,53,81,53,85,77,77,77,3,0],"gold":98,"neow_bonus":"TEN_PERCENT_HP_BONUS","is_prod":false,"is_daily":false,"chose_seed":false,"campfire_upgraded":0,"win_rate":0,"timestamp":1558240646,"path_taken":["M","$","M","?","?","E","?","E","T","R","M","E","R","?","R","BOSS","M","?","$","?","M"],"build_version":"2019-05-07","purchased_purges":0,"victory":false,"max_hp_per_floor":[77,77,77,77,77,82,82,82,82,82,82,82,82,96,96,96,96,96,96,96,96,96],"card_choices":[{"not_picked":["Choke","Blade Dance"],"picked":"Flying Knee","floor":1},{"not_picked":["Acrobatics","Eviscerate"],"picked":"Footwork","floor":3},{"not_picked":["Cloak And Dagger","Acrobatics"],"picked":"Deflect","floor":6},{"not_picked":["Terror","Dash"],"picked":"Sucker Punch","floor":7},{"not_picked":["Dagger Throw","Well Laid Plans"],"picked":"Leg Sweep","floor":8},{"not_picked":["Dash","Blade Dance"],"picked":"Caltrops","floor":11},{"not_picked":["Heel Hook","Unload"],"picked":"Infinite Blades","floor":12},{"not_picked":["Glass Knife","Night Terror"],"picked":"Tools of the Trade","floor":16},{"not_picked":["Quick Slash","PiercingWail"],"picked":"Deadly Poison","floor":18},{"not_picked":["Backflip","Adrenaline"],"picked":"Prepared","floor":21}],"player_experience":299912,"relics_obtained":[{"floor":6,"key":"Art of War"},{"floor":8,"key":"Potion Belt"},{"floor":9,"key":"Boot"},{"floor":12,"key":"Shuriken"},{"floor":14,"key":"Mango"},{"floor":19,"key":"Singing Bowl"},{"floor":21,"key":"Red Mask"}],"event_choices":[{"damage_healed":0,"gold_gain":75,"player_choice":"Gather Gold","damage_taken":11,"max_hp_gain":0,"max_hp_loss":0,"event_name":"World of Goop","floor":4,"gold_loss":0},{"damage_healed":0,"gold_gain":0,"player_choice":"Trade","damage_taken":0,"relics_obtained":["SsserpentHead"],"max_hp_gain":0,"max_hp_loss":0,"event_name":"FaceTrader","floor":5,"gold_loss":0},{"damage_healed":0,"gold_gain":0,"player_choice":"Fought Bandits","damage_taken":0,"max_hp_gain":0,"max_hp_loss":0,"event_name":"Masked Bandits","floor":21,"gold_loss":0}],"is_beta":true,"boss_relics":[{"not_picked":["Orrery","Busted Crown"],"picked":"WristBlade"}],"items_purged_floors":[],"is_endless":false,"potions_floor_spawned":[3,6,11],"killed_by":"Chosen","ascension_level":5}