{"gold_per_floor":[213,284,284,308,258,296,296,296,296,296,69,69,32,45,45,45],"floor_reached":16,"playtime":534,"items_purged":["Parasite"],"score":106,"play_id":"57fd0774-5124-4752-9d3e-e8bdeeef9c85","local_time":"20190910173552","is_ascension_mode":true,"campfire_choices":[{"floor":10,"key":"REST"},{"floor":12,"key":"RECALL"},{"data":"Bash","floor":15,"key":"SMITH"}],"neow_cost":"NONE","seed_source_timestamp":7100183837234,"circlet_count":0,"master_deck":["Strike_R","Strike_R","Strike_R","Strike_R","Strike_R","Defend_R","Defend_R","Defend_R","Defend_R","Bash+1","Heavy Blade","Shrug It Off","Cleave","Pummel+1","Heavy Blade+1"],"relics":["Burning Blood","Golden Idol","Gremlin Horn","Molten Egg 2","Pen Nib"],"potions_floor_usage":[16],"damage_taken":[{"damage":0,"enemies":"Small Slimes","floor":1,"turns":3},{"damage":12,"enemies":"Jaw Worm","floor":4,"turns":3},{"damage":72,"enemies":"3 Sentries","floor":6,"turns":17},{"damage":0,"enemies":"Cultist","floor":14,"turns":3},{"damage":63,"enemies":"The Guardian","floor":16,"turns":9}],"seed_played":"7296472291550786091","potions_obtained":[{"floor":14,"key":"EssenceOfSteel"}],"is_trial":false,"path_per_floor":["M","?","?","M","?","E","?","?","T","R","$","R","$","M","R","B"],"character_chosen":"IRONCLAD","items_purchased":["Pen Nib","Pummel+1"],"campfire_rested":1,"item_purchase_floors":[11,13],"current_hp_per_floor":[80,80,80,74,74,8,28,28,28,52,52,52,52,58,58,0],"gold":45,"neow_bonus":"HUNDRED_GOLD","is_prod":false,"is_daily":false,"chose_seed":false,"campfire_upgraded":1,"win_rate":0,"timestamp":1568162152,"path_taken":["M","?","?","M","?","E","?","?","T","R","$","R","$","M","R","BOSS"],"build_version":"2019-09-10","purchased_purges":1,"victory":false,"max_hp_per_floor":[80,80,80,80,80,80,80,80,80,80,77,77,77,77,77,77],"card_choices":[{"not_picked":["Thunderclap","True Grit"],"picked":"Heavy Blade","floor":1},{"not_picked":["Second Wind","Clothesline"],"picked":"Shrug It Off","floor":4},{"not_picked":["Power Through","Feel No Pain"],"picked":"Cleave","floor":6},{"not_picked":["True Grit","Battle Trance"],"picked":"Heavy Blade+1","floor":14}],"player_experience":99217,"relics_obtained":[{"floor":6,"key":"Gremlin Horn"},{"floor":9,"key":"Molten Egg 2"}],"event_choices":[{"damage_healed":0,"gold_gain":71,"player_choice":"Gained Gold","damage_taken":0,"max_hp_gain":0,"max_hp_loss":0,"event_name":"Golden Wing","floor":2,"gold_loss":0},{"damage_healed":0,"gold_gain":0,"player_choice":"Take Wound","damage_taken":0,"relics_obtained":["Golden Idol"],"max_hp_gain":0,"max_hp_loss":0,"event_name":"Golden Idol","floor":3,"gold_loss":0,"cards_obtained":["Injury"]},{"cards_removed":["Injury"],"damage_healed":0,"gold_gain":0,"player_choice":"Card Removal","damage_taken":0,"max_hp_gain":0,"max_hp_loss":0,"event_name":"The Cleric","floor":5,"gold_loss":50},{"damage_healed":20,"gold_gain":0,"player_choice":"Healed and dodged fight","damage_taken":0,"max_hp_gain":0,"max_hp_loss":0,"event_name":"Mushrooms","floor":7,"gold_loss":0,"cards_obtained":["Parasite"]},{"damage_healed":0,"gold_gain":0,"player_choice":"Ignored","damage_taken":0,"max_hp_gain":0,"max_hp_loss":0,"event_name":"Shining Light","floor":8,"gold_loss":0}],"is_beta":true,"boss_relics":[],"items_purged_floors":[11],"is_endless":false,"potions_floor_spawned":[14],"killed_by":"The Guardian","ascension_level":2}