{"gold_per_floor":[219,219,1,13,13,13,27,27,54,54,65,79,79,110,110,206,206,220,73,172,185,185,215,215,232,232,258,258,258,75,88,88,184,184,204,220,220,320,320,320,336,349,376,123,123,123,143,161,161,161],"floor_reached":51,"playtime":2023,"items_purged":["Strike_B","Defend_B+1"],"score":760,"play_id":"33d642f7-f694-49b7-bb09-2e7625cebc20","local_time":"20190911231036","is_ascension_mode":false,"campfire_choices":[{"data":"Zap","floor":6.0,"key":"SMITH"},{"data":"Dualcast","floor":8.0,"key":"SMITH"},{"data":"Defragment","floor":10.0,"key":"SMITH"},{"data":"Genetic Algorithm","floor":13.0,"key":"SMITH"},{"data":"1","floor":15.0,"key":"LIFT"},{"data":"Buffer","floor":24,"key":"SMITH"},{"data":"Defragment","floor":32,"key":"SMITH"},{"data":"Amplify","floor":40,"key":"SMITH"},{"data":"2","floor":46,"key":"LIFT"},{"data":"3","floor":49,"key":"LIFT"}],"neow_cost":"NONE","seed_source_timestamp":9109382259600,"circlet_count":0,"master_deck":["Strike_B+1","Strike_B+1","Defend_B+1","Defend_B+1","Defend_B+1","Zap+1","Dualcast+1","Defragment+1","FTL","Conserve Battery+1","Genetic Algorithm+1","Rebound","Cold Snap","Buffer+1","Leap+1","Melter+1","Defragment+1","Beam Cell+1","Amplify+1","Genetic Algorithm+1","Parasite"],"special_seed":0,"relics":["Cracked Core","Girya","DataDisk","Oddly Smooth Stone","Bag of Preparation","SlaversCollar","War Paint","Lantern","Strawberry","MutagenicStrength","Bronze Scales","Busted Crown","Ginger","TungstenRod","DollysMirror"],"potions_floor_usage":[23,27,35,42,50,50],"damage_taken":[{"damage":0.0,"enemies":"2 Louse","floor":1.0,"turns":2.0},{"damage":0.0,"enemies":"Small Slimes","floor":4.0,"turns":2.0},{"damage":0.0,"enemies":"Cultist","floor":7.0,"turns":3.0},{"damage":0.0,"enemies":"2 Fungi Beasts","floor":11.0,"turns":3.0},{"damage":0.0,"enemies":"Looter","floor":12.0,"turns":3.0},{"damage":12.0,"enemies":"3 Sentries","floor":14.0,"turns":8.0},{"damage":15.0,"enemies":"Slime Boss","floor":16.0,"turns":8.0},{"damage":7,"enemies":"Shell Parasite","floor":18,"turns":4},{"damage":0,"enemies":"Spheric Guardian","floor":21,"turns":4},{"damage":6,"enemies":"Book of Stabbing","floor":23,"turns":6},{"damage":0,"enemies":"Shelled Parasite and Fungi","floor":25,"turns":7},{"damage":0,"enemies":"Gremlin Leader","floor":27,"turns":6},{"damage":0,"enemies":"Snake Plant","floor":31,"turns":4},{"damage":0,"enemies":"Automaton","floor":33,"turns":9},{"damage":8,"enemies":"3 Darklings","floor":35,"turns":5},{"damage":0,"enemies":"3 Shapes","floor":36,"turns":3},{"damage":0,"enemies":"Mind Bloom Boss Battle","floor":38,"turns":5},{"damage":0,"enemies":"Jaw Worm Horde","floor":41,"turns":4},{"damage":7,"enemies":"4 Shapes","floor":42,"turns":3},{"damage":0,"enemies":"3 Darklings","floor":47,"turns":5},{"damage":0,"enemies":"Writhing Mass","floor":48,"turns":6},{"damage":2,"enemies":"Donu and Deca","floor":50,"turns":4}],"seed_played":"-7468298276227375621","potions_obtained":[{"floor":1.0,"key":"Ancient Potion"},{"floor":11.0,"key":"Swift Potion"},{"floor":16.0,"key":"PowerPotion"},{"floor":23,"key":"Weak Potion"},{"floor":25,"key":"PowerPotion"},{"floor":31,"key":"Swift Potion"},{"floor":36,"key":"SpeedPotion"},{"floor":38,"key":"PowerPotion"},{"floor":41,"key":"PowerPotion"},{"floor":48,"key":"PowerPotion"}],"is_trial":false,"path_per_floor":["M","?","$","M","?","R","M","R","T","R","M","M","R","E","R","B",null,"M","$","?","M","?","E","R","M","T","E","?","?","$","M","R","B",null,"M","M","?","?","?","R","M","M","T","$","?","R","M","M","R","B",null],"character_chosen":"DEFECT","items_purchased":["DataDisk","Core Surge","Bronze Scales","Defragment","DollysMirror"],"campfire_rested":0,"item_purchase_floors":[3,19,30,30,44],"current_hp_per_floor":[75,72,72,72,72,72,72,72,72,72,72,72,72,60,60,45,75,68,68,68,68,68,62,62,62,62,69,69,53,53,53,53,53,87,79,79,79,79,79,79,79,72,72,72,72,72,72,72,72,70],"gold":161,"neow_bonus":"HUNDRED_GOLD","is_prod":false,"is_daily":false,"chose_seed":false,"campfire_upgraded":7,"win_rate":0,"timestamp":1568211036,"path_taken":["M","?","$","M","?","R","?","R","T","R","M","M","R","E","R","BOSS","M","$","?","M","?","E","R","M","T","E","?","?","?","?","R","BOSS","M","?","?","?","?","R","M","M","T","$","?","R","M","M","R","BOSS"],"build_version":"2019-09-10","purchased_purges":2,"victory":true,"max_hp_per_floor":[75,75,75,75,75,75,75,75,75,75,75,75,75,75,75,75,75,75,75,75,75,75,75,75,75,75,82,82,87,87,87,87,87,87,87,87,87,87,87,87,87,87,87,87,87,87,87,87,87,87],"card_choices":[{"not_picked":["Chill","Recycle"],"picked":"Defragment","floor":1.0},{"not_picked":["Chaos","Sweeping Beam"],"picked":"FTL","floor":4.0},{"not_picked":["Undo","Tempest","Stack"],"picked":"SKIP","floor":7.0},{"not_picked":["Hologram","Sweeping Beam"],"picked":"Genetic Algorithm","floor":11.0},{"not_picked":["Reprogram","Undo","Rebound"],"picked":"SKIP","floor":12.0},{"not_picked":["Reprogram","Undo"],"picked":"Rebound","floor":12.0},{"not_picked":["Reboot","Sweeping Beam"],"picked":"Cold Snap","floor":14.0},{"not_picked":["Fission","Hyperbeam"],"picked":"Buffer","floor":16.0},{"not_picked":["Scrape","Darkness"],"picked":"Leap","floor":18},{"not_picked":["Force Field","Gash","Conserve Battery"],"picked":"SKIP","floor":21},{"not_picked":["Chaos+1","Redo","Sweeping Beam"],"picked":"SKIP","floor":23},{"not_picked":["Steam","Redo"],"picked":"Melter+1","floor":25},{"not_picked":["Stack","Heatsinks","Barrage"],"picked":"SKIP","floor":27},{"not_picked":["Gash+1","Cold Snap"],"picked":"Beam Cell+1","floor":31},{"not_picked":["Meteor Strike","Seek"],"picked":"Amplify","floor":33},{"not_picked":["Stack"],"picked":"SKIP","floor":35},{"not_picked":["Turbo+1"],"picked":"SKIP","floor":36},{"not_picked":["Force Field"],"picked":"SKIP","floor":41},{"not_picked":["Chill"],"picked":"SKIP","floor":42},{"not_picked":["Blizzard"],"picked":"SKIP","floor":47},{"not_picked":["Barrage+1"],"picked":"SKIP","floor":48}],"player_experience":428972,"relics_obtained":[{"floor":9.0,"key":"Oddly Smooth Stone"},{"floor":14.0,"key":"Bag of Preparation"},{"floor":23,"key":"War Paint"},{"floor":26,"key":"Lantern"},{"floor":27,"key":"Strawberry"},{"floor":38,"key":"Ginger"},{"floor":43,"key":"TungstenRod"}],"event_choices":[{"damage_healed":0.0,"max_hp_gain":0.0,"max_hp_loss":0.0,"gold_gain":0.0,"event_name":"Scrap Ooze","player_choice":"Success","floor":2.0,"gold_loss":0.0,"damage_taken":3.0,"relics_obtained":["Girya"]},{"damage_healed":0.0,"max_hp_gain":0.0,"max_hp_loss":0.0,"gold_gain":0.0,"cards_transformed":["Strike_B"],"event_name":"Transmorgrifier","player_choice":"Transformed","floor":5.0,"gold_loss":0.0,"damage_taken":0.0,"cards_obtained":["Conserve Battery"]},{"damage_healed":0,"gold_gain":99,"player_choice":"Stole From Cult","damage_taken":0,"max_hp_gain":0,"max_hp_loss":0,"event_name":"Nest","floor":20,"gold_loss":0},{"damage_healed":0,"gold_gain":0,"player_choice":"Simplicity","damage_taken":0,"max_hp_gain":0,"max_hp_loss":0,"event_name":"Back to Basics","floor":22,"gold_loss":0,"cards_upgraded":["Strike_B","Strike_B","Defend_B","Defend_B","Defend_B","Defend_B"]},{"damage_healed":0,"gold_gain":0,"player_choice":"Inject Mutagens","damage_taken":0,"relics_obtained":["MutagenicStrength"],"max_hp_gain":0,"max_hp_loss":0,"event_name":"Drug Dealer","floor":28,"gold_loss":0},{"damage_healed":0,"gold_gain":0,"player_choice":"Shed Blood","damage_taken":21,"max_hp_gain":5,"max_hp_loss":0,"event_name":"Forgotten Altar","floor":29,"gold_loss":0},{"damage_healed":0,"gold_gain":0,"player_choice":"Ignored","damage_taken":0,"max_hp_gain":0,"max_hp_loss":0,"event_name":"Tomb of Lord Red Mask","floor":37,"gold_loss":0},{"damage_healed":0,"gold_gain":0,"player_choice":"Fight","damage_taken":0,"max_hp_gain":0,"max_hp_loss":0,"event_name":"MindBloom","floor":38,"gold_loss":0},{"damage_healed":0,"gold_gain":0,"player_choice":"Ignored","damage_taken":0,"max_hp_gain":0,"max_hp_loss":0,"event_name":"Mysterious Sphere","floor":39,"gold_loss":0},{"cards_removed":["Core Surge"],"damage_healed":0,"gold_gain":0,"player_choice":"Removed Attack","damage_taken":0,"max_hp_gain":0,"max_hp_loss":0,"event_name":"Falling","floor":45,"gold_loss":0}],"is_beta":true,"boss_relics":[{"not_picked":["Snecko Eye","Calling Bell"],"picked":"SlaversCollar"},{"not_picked":["Nuclear Battery","Velvet Choker"],"picked":"Busted Crown"}],"items_purged_floors":[3,44],"is_endless":false,"potions_floor_spawned":[1,11,16,23,25,31,36,38,41,48],"ascension_level":0}