{"gold_per_floor":[110,110,129,145,145,175,175,190,216,244,261,279,296,182,182,284,284,298,151,151,80,95,95],"floor_reached":23,"playtime":1721,"items_purged":["Strike_R","Perfected Strike"],"score":291,"play_id":"3e9f60f0-40c3-461f-9157-495469e1919a","local_time":"20180721135537","is_ascension_mode":true,"campfire_choices":[{"data":"Hemokinesis","floor":7,"key":"SMITH"},{"floor":15,"key":"REST"}],"neow_cost":"NONE","seed_source_timestamp":762781450030679,"circlet_count":0,"master_deck":["Bash+1","Hemokinesis+1","Twin Strike","Sentinel","Fire Breathing","Evolve","Brutality","Twin Strike","Rage","Heavy Blade","Hemokinesis","Juggernaut","Cleave","Metallicize","Body Slam","Warcry","Armaments","Iron Wave+1","True Grit+1","Rupture","Disarm"],"relics":["Burning Blood","Red Skull","Blood Vial","Oddly Smooth Stone","Pandora\u0027s Box"],"potions_floor_usage":[6,11,16,23],"damage_taken":[{"damage":6,"enemies":"Jaw Worm","floor":1,"turns":5},{"damage":6,"enemies":"Small Slimes","floor":3,"turns":3},{"damage":1,"enemies":"Cultist","floor":4,"turns":3},{"damage":19,"enemies":"Gremlin Nob","floor":6,"turns":3},{"damage":12,"enemies":"Looter","floor":8,"turns":3},{"damage":24,"enemies":"Lagavulin","floor":10,"turns":3},{"damage":28,"enemies":"Exordium Wildlife","floor":11,"turns":3},{"damage":0,"enemies":"2 Fungi Beasts","floor":12,"turns":3},{"damage":19,"enemies":"Exordium Thugs","floor":13,"turns":4},{"damage":12,"enemies":"Slime Boss","floor":16,"turns":6},{"damage":17,"enemies":"Chosen","floor":18,"turns":5},{"damage":32,"enemies":"3 Byrds","floor":22,"turns":6},{"damage":47,"enemies":"Book of Stabbing","floor":23,"turns":5}],"seed_played":"6264519161126382084","potions_obtained":[{"floor":1,"key":"BloodPotion"},{"floor":4,"key":"PowerPotion"},{"floor":12,"key":"Strength Potion"},{"floor":16,"key":"Weak Potion"}],"is_trial":false,"path_per_floor":["M","?","M","M","?","E","R","M","T","E","M","M","M","$","R","B",null,"M","$","?","$","M"],"character_chosen":"IRONCLAD","items_purchased":["Hemokinesis","True Grit","Rupture"],"campfire_rested":1,"item_purchase_floors":[14,19,21],"current_hp_per_floor":[80,64,64,69,69,56,56,50,50,34,22,30,19,19,43,39,80,69,69,69,69,45,0],"gold":95,"neow_bonus":"REMOVE_CARD","is_prod":false,"is_daily":false,"chose_seed":false,"campfire_upgraded":1,"win_rate":0,"timestamp":1532206537,"path_taken":["M","?","M","M","?","E","R","M","T","E","?","M","M","$","R","BOSS","M","$","?","$","?","E"],"build_version":"2018-07-19","purchased_purges":2,"victory":false,"max_hp_per_floor":[80,80,80,80,80,80,80,80,80,80,80,80,80,80,80,80,80,80,80,80,80,80,80],"card_choices":[{"not_picked":["Carnage","Clothesline"],"picked":"Hemokinesis","floor":1},{"not_picked":["Anger","Thunderclap"],"picked":"Twin Strike","floor":3},{"not_picked":["Battle Trance","Body Slam"],"picked":"Sentinel","floor":4},{"not_picked":["Dark Embrace","Disarm"],"picked":"Fire Breathing","floor":6},{"not_picked":["Shrug It Off","Dropkick"],"picked":"Evolve","floor":8},{"not_picked":["Dropkick","Hemokinesis"],"picked":"Brutality","floor":10},{"not_picked":["Armaments","Clash"],"picked":"Twin Strike","floor":11},{"not_picked":["Dual Wield","Sentinel"],"picked":"Rage","floor":12},{"not_picked":["Perfected Strike","Warcry"],"picked":"Heavy Blade","floor":13},{"not_picked":["Double Tap","Brutality"],"picked":"Juggernaut","floor":16},{"not_picked":["Cleave","Rage"],"picked":"Iron Wave+1","floor":18},{"not_picked":["Dropkick+1","Clash+1"],"picked":"Disarm","floor":22}],"player_experience":162487,"relics_obtained":[{"floor":6,"key":"Red Skull"},{"floor":9,"key":"Blood Vial"},{"floor":10,"key":"Oddly Smooth Stone"}],"event_choices":[{"event_name":"Shining Light","player_choice":"Entered Light","floor":2,"damage_taken":0},{"event_name":"Living Wall","player_choice":"Forget","floor":5,"damage_taken":0},{"event_name":"Upgrade Shrine","player_choice":"Upgraded","floor":20,"damage_taken":0}],"is_beta":true,"boss_relics":[{"not_picked":["Orrery","Snecko Eye"],"picked":"Pandora\u0027s Box"}],"items_purged_floors":[14,19],"is_endless":false,"potions_floor_spawned":[1,4,12,16],"killed_by":"Book of Stabbing","ascension_level":3}