{"gold_per_floor":[112,112,112,77,95,95,126,51,101,119,119,158,183,195,207,342,354,385,297,297,212,232,232,248,261,261,261,300,300,325,338,338,468,468,481,606,627,597,29,29,69,69,69,84,45,60,73,73],"floor_reached":48,"playtime":2111,"items_purged":["Injury","Regret","Defend_B"],"score":540,"play_id":"552ac315-eb9a-4df7-b8eb-dbac870cfd60","local_time":"20190910193630","is_ascension_mode":true,"campfire_choices":[{"floor":6,"key":"RECALL"},{"floor":15,"key":"REST"},{"floor":23,"key":"REST"},{"floor":29,"key":"REST"},{"floor":32,"key":"REST"},{"floor":40,"key":"REST"},{"data":"Creative AI","floor":42,"key":"SMITH"}],"neow_cost":"NONE","seed_source_timestamp":11045236177402,"circlet_count":0,"master_deck":["Strike_B+1","Strike_B","Strike_B","Defend_B","Defend_B+1","Zap","Dualcast","Sweeping Beam","Ball Lightning","BootSequence","Sunder","Leap","Machine Learning","Turbo+1","Electrodynamics","Steam+1","Hologram","Ball Lightning","Ball Lightning+1","Glacier","Chill+1","Buffer","Cold Snap","Creative AI+1","FTL","Ball Lightning+1"],"relics":["FrozenCore","Golden Idol","Nunchaku","Blood Vial","MawBank","Vajra","Matryoshka","DataDisk","Dodecahedron","Bottled Lightning","Inserter","Bird Faced Urn","Bronze Scales","War Paint","TheAbacus","Centennial Puzzle","Bag of Marbles","Shuriken"],"potions_floor_usage":[12,16,22,22,25,33,36,41,41,41,41,44,44,48],"damage_taken":[{"damage":3,"enemies":"2 Louse","floor":1,"turns":3},{"damage":0,"enemies":"Small Slimes","floor":5,"turns":3},{"damage":10,"enemies":"3 Sentries","floor":7,"turns":6},{"damage":0,"enemies":"Jaw Worm","floor":10,"turns":2},{"damage":6,"enemies":"Gremlin Nob","floor":12,"turns":3},{"damage":0,"enemies":"Looter","floor":13,"turns":2},{"damage":66,"enemies":"Hexaghost","floor":16,"turns":10},{"damage":23,"enemies":"3 Byrds","floor":18,"turns":5},{"damage":6,"enemies":"2 Thieves","floor":22,"turns":3},{"damage":20,"enemies":"Snecko","floor":24,"turns":5},{"damage":0,"enemies":"Cultist and Chosen","floor":25,"turns":3},{"damage":29,"enemies":"Book of Stabbing","floor":28,"turns":7},{"damage":17,"enemies":"3 Cultists","floor":30,"turns":6},{"damage":3,"enemies":"Snake Plant","floor":31,"turns":5},{"damage":42,"enemies":"Collector","floor":33,"turns":11},{"damage":0,"enemies":"3 Shapes","floor":35,"turns":4},{"damage":18,"enemies":"Mind Bloom Boss Battle","floor":36,"turns":8},{"damage":12,"enemies":"Orb Walker","floor":37,"turns":5},{"damage":19,"enemies":"Giant Head","floor":41,"turns":10},{"damage":55,"enemies":"Maw","floor":44,"turns":8},{"damage":8,"enemies":"Transient","floor":46,"turns":5},{"damage":3,"enemies":"4 Shapes","floor":47,"turns":4},{"damage":57,"enemies":"Nemesis","floor":48,"turns":8}],"seed_played":"4142514762616301803","potions_obtained":[{"floor":7,"key":"Poison Potion"},{"floor":12,"key":"DuplicationPotion"},{"floor":16,"key":"Weak Potion"},{"floor":18,"key":"Strength Potion"},{"floor":24,"key":"Explosive Potion"},{"floor":31,"key":"EssenceOfSteel"},{"floor":35,"key":"Block Potion"},{"floor":36,"key":"Energy Potion"},{"floor":38,"key":"PowerPotion"},{"floor":38,"key":"GamblersBrew"},{"floor":41,"key":"EntropicBrew"},{"floor":47,"key":"Explosive Potion"}],"is_trial":false,"path_per_floor":["M","?","?","?","M","R","E","$","T","M","?","E","M","?","R","B",null,"M","$","?","?","M","R","M","M","T","?","E","R","M","M","R","B",null,"M","?","M","?","$","R","E","R","T","M","$","M","M","E"],"character_chosen":"DEFECT","items_purchased":["Bronze Scales","War Paint","TheAbacus","FTL"],"campfire_rested":5,"item_purchase_floors":[39,39,39,45],"current_hp_per_floor":[72,72,57,75,75,75,65,65,65,65,58,54,56,56,75,9,75,52,52,52,52,48,70,52,54,54,54,27,49,34,33,55,15,75,75,57,49,49,49,71,66,66,66,17,17,17,28,0],"gold":73,"neow_bonus":"THREE_CARDS","is_prod":false,"is_daily":false,"chose_seed":false,"campfire_upgraded":1,"win_rate":0,"timestamp":1568169390,"path_taken":["M","?","?","?","M","R","E","$","T","M","?","E","M","?","R","BOSS","M","$","?","?","M","R","M","M","T","?","E","R","?","M","R","BOSS","M","?","M","?","$","R","E","R","T","M","$","M","?","E"],"build_version":"2019-09-10","purchased_purges":3,"victory":false,"max_hp_per_floor":[75,75,75,75,75,75,75,75,75,75,75,75,75,75,75,75,75,75,75,75,75,75,75,75,75,75,75,75,75,75,75,75,75,75,75,75,75,75,75,75,75,75,75,75,75,75,75,75],"card_choices":[{"not_picked":["Steam","Barrage"],"picked":"Sweeping Beam","floor":0},{"not_picked":["Leap","Undo"],"picked":"Ball Lightning","floor":1},{"not_picked":["Sweeping Beam","Streamline"],"picked":"BootSequence","floor":5},{"not_picked":["Go for the Eyes","Conserve Battery"],"picked":"Sunder","floor":7},{"not_picked":["Steam","Coolheaded"],"picked":"Leap","floor":10},{"not_picked":["Hologram","Steam"],"picked":"Machine Learning","floor":12},{"not_picked":["Compile Driver","Reprogram"],"picked":"Turbo","floor":13},{"not_picked":["Thunder Strike","Machine Learning"],"picked":"Electrodynamics","floor":16},{"not_picked":["Conserve Battery","Hologram"],"picked":"Steam","floor":18},{"not_picked":["Scrape","Coolheaded"],"picked":"Ball Lightning+1","floor":22},{"not_picked":["Hologram","Stack"],"picked":"Glacier","floor":24},{"not_picked":["Beam Cell","Force Field+1"],"picked":"Chill+1","floor":25},{"not_picked":["Go for the Eyes","Scrape"],"picked":"Buffer","floor":28},{"not_picked":["Chaos","Barrage","Ball Lightning"],"picked":"SKIP","floor":30},{"not_picked":["Sweeping Beam","Barrage+1"],"picked":"Cold Snap","floor":31},{"not_picked":["Multi-Cast","Rainbow"],"picked":"Creative AI","floor":33},{"not_picked":["Undo","Rebound","Gash+1"],"picked":"SKIP","floor":35},{"not_picked":["Coolheaded","Sweeping Beam+1","Reboot"],"picked":"SKIP","floor":37},{"not_picked":["Rebound+1","Cold Snap","Fission"],"picked":"SKIP","floor":41},{"not_picked":["Gash","Consume","Conserve Battery"],"picked":"SKIP","floor":44},{"not_picked":["Capacitor+1","Hello World+1","White Noise"],"picked":"SKIP","floor":46},{"not_picked":["Coolheaded+1","Barrage+1"],"picked":"Ball Lightning+1","floor":47}],"player_experience":102743,"relics_obtained":[{"floor":7,"key":"Nunchaku"},{"floor":12,"key":"MawBank"},{"floor":26,"key":"DataDisk"},{"floor":26,"key":"Dodecahedron"},{"floor":28,"key":"Bottled Lightning"},{"floor":36,"key":"Bird Faced Urn"},{"floor":41,"key":"Centennial Puzzle"},{"floor":43,"key":"Bag of Marbles"},{"floor":43,"key":"Shuriken"}],"event_choices":[{"damage_healed":0,"gold_gain":0,"player_choice":"Take Wound","damage_taken":0,"relics_obtained":["Golden Idol"],"max_hp_gain":0,"max_hp_loss":0,"event_name":"Golden Idol","floor":2,"gold_loss":0,"cards_obtained":["Injury"]},{"damage_healed":0,"gold_gain":0,"player_choice":"Entered Light","damage_taken":15,"max_hp_gain":0,"max_hp_loss":0,"event_name":"Shining Light","floor":3,"gold_loss":0,"cards_upgraded":["Strike_B","Defend_B"]},{"damage_healed":18,"gold_gain":0,"player_choice":"Healed","damage_taken":0,"max_hp_gain":0,"max_hp_loss":0,"event_name":"The Cleric","floor":4,"gold_loss":35},{"damage_healed":0,"gold_gain":0,"player_choice":"Success","damage_taken":7,"relics_obtained":["Blood Vial"],"max_hp_gain":0,"max_hp_loss":0,"event_name":"Scrap Ooze","floor":11,"gold_loss":0},{"damage_healed":0,"gold_gain":0,"player_choice":"Box","damage_taken":0,"relics_obtained":["Vajra"],"max_hp_gain":0,"max_hp_loss":0,"event_name":"Big Fish","floor":14,"gold_loss":0,"cards_obtained":["Regret"]},{"damage_healed":0,"gold_gain":0,"cards_transformed":["Defend_B","Strike_B"],"player_choice":"Became Test Subject","damage_taken":0,"max_hp_gain":0,"max_hp_loss":0,"event_name":"Drug Dealer","floor":20,"gold_loss":0,"cards_obtained":["Hologram","Ball Lightning"]},{"damage_healed":0,"gold_gain":0,"player_choice":"Obtained Relic","damage_taken":0,"relics_obtained":["Matryoshka"],"max_hp_gain":0,"max_hp_loss":0,"event_name":"Addict","floor":21,"gold_loss":85},{"damage_healed":0,"gold_gain":0,"player_choice":"Ignored","damage_taken":0,"max_hp_gain":0,"max_hp_loss":0,"event_name":"Ghosts","floor":27,"gold_loss":0},{"damage_healed":0,"gold_gain":0,"player_choice":"Fight","damage_taken":0,"max_hp_gain":0,"max_hp_loss":0,"event_name":"MindBloom","floor":36,"gold_loss":0},{"damage_healed":0,"gold_gain":0,"player_choice":"Bought 2 Potions","damage_taken":0,"max_hp_gain":0,"max_hp_loss":0,"event_name":"The Woman in Blue","floor":38,"gold_loss":0}],"is_beta":true,"boss_relics":[{"not_picked":["SlaversCollar","Runic Dome"],"picked":"FrozenCore"},{"not_picked":["Runic Pyramid","Tiny House"],"picked":"Inserter"}],"items_purged_floors":[8,19,39],"is_endless":false,"potions_floor_spawned":[7,12,16,18,24,31,35,36,41,47],"killed_by":"Nemesis","ascension_level":1}