{"gold_per_floor":[119,138,148,168,343,376,376,390,416,441,467,486,486],"floor_reached":13,"playtime":886,"items_purged":[],"score":97,"play_id":"e18e0a29-7fa6-4667-9f69-50a00eb2856a","local_time":"20190831162716","is_ascension_mode":false,"campfire_choices":[{"floor":7,"key":"REST"}],"neow_cost":"NONE","seed_source_timestamp":60921011492684,"circlet_count":0,"master_deck":["Strike_G","Strike_G","Strike_G+1","Strike_G","Strike_G","Defend_G","Defend_G","Defend_G","Defend_G","Defend_G","Survivor","Neutralize","Poisoned Stab+1","Poisoned Stab","Deadly Poison","Sucker Punch","Doubt","Bullet Time","Deadly Poison","Deadly Poison","Predator"],"relics":["Ring of the Snake","Ancient Tea Set","Bag of Marbles","Snake Skull","Whetstone"],"potions_floor_usage":[4,6,11,12],"damage_taken":[{"damage":1,"enemies":"2 Louse","floor":1,"turns":2},{"damage":9,"enemies":"Jaw Worm","floor":2,"turns":4},{"damage":0,"enemies":"Small Slimes","floor":3,"turns":2},{"damage":10,"enemies":"Looter","floor":4,"turns":3},{"damage":22,"enemies":"Lagavulin","floor":6,"turns":6},{"damage":7,"enemies":"3 Louse","floor":8,"turns":3},{"damage":45,"enemies":"3 Sentries","floor":11,"turns":9},{"damage":0,"enemies":"Blue Slaver","floor":12,"turns":2},{"damage":10,"enemies":"Gremlin Nob","floor":13,"turns":2}],"seed_played":"4952809338653540057","potions_obtained":[{"floor":2,"key":"Strength Potion"},{"floor":3,"key":"SkillPotion"},{"floor":6,"key":"SneckoOil"},{"floor":11,"key":"Poison Potion"}],"is_trial":false,"path_per_floor":["M","M","M","M","?","E","R","M","T","T","E","M","E"],"character_chosen":"THE_SILENT","items_purchased":[],"campfire_rested":1,"item_purchase_floors":[],"current_hp_per_floor":[76,67,67,57,57,35,58,51,51,51,6,6,0],"gold":486,"neow_bonus":"TEN_PERCENT_HP_BONUS","is_prod":false,"is_daily":false,"chose_seed":false,"campfire_upgraded":0,"win_rate":0.0,"timestamp":1567294036,"path_taken":["M","M","M","M","?","E","R","M","T","?","E","M","E"],"build_version":"2019-07-17","purchased_purges":0,"victory":false,"max_hp_per_floor":[77,77,77,77,77,77,77,77,77,77,77,77,77],"card_choices":[{"not_picked":["Distraction","Sucker Punch"],"picked":"Poisoned Stab","floor":1},{"not_picked":["Prepared","Acrobatics"],"picked":"Poisoned Stab","floor":2},{"not_picked":["Prepared","PiercingWail"],"picked":"Deadly Poison","floor":3},{"not_picked":["Reflex","Choke"],"picked":"Sucker Punch","floor":4},{"not_picked":["Sucker Punch","Skewer"],"picked":"Bullet Time","floor":6},{"not_picked":["Masterful Stab","Flechettes"],"picked":"Deadly Poison","floor":8},{"not_picked":["Deflect","Quick Slash"],"picked":"Deadly Poison","floor":11},{"not_picked":["Acrobatics","Underhanded Strike"],"picked":"Predator","floor":12}],"player_experience":10137,"relics_obtained":[{"floor":6,"key":"Ancient Tea Set"},{"floor":9,"key":"Bag of Marbles"},{"floor":10,"key":"Snake Skull"},{"floor":11,"key":"Whetstone"}],"event_choices":[{"damage_healed":0,"gold_gain":175,"player_choice":"AGREE","damage_taken":0,"max_hp_gain":0,"max_hp_loss":0,"event_name":"Liars Game","floor":5,"gold_loss":0,"cards_obtained":["Doubt"]}],"is_beta":false,"boss_relics":[],"items_purged_floors":[],"is_endless":false,"potions_floor_spawned":[2,3,6,11],"killed_by":"Gremlin Nob","ascension_level":0}