{"gold_per_floor":[119,119,131,158,186,226,238,108,108,108,135,148,162,178,178,275,275,285,285,274,100,25,25],"floor_reached":23,"playtime":1306,"items_purged":["Defend_R","Defend_R"],"score":236,"play_id":"589ff3f3-f537-4d6c-8078-eff893b3b775","local_time":"20190909172707","is_ascension_mode":true,"campfire_choices":[{"floor":7.0,"key":"RECALL"},{"data":"Impervious","floor":10.0,"key":"SMITH"},{"floor":15.0,"key":"REST"}],"neow_cost":"NONE","seed_source_timestamp":2106395499430799,"circlet_count":0,"master_deck":["Strike_R","Strike_R","Strike_R","Strike_R","Strike_R","Bash","Spot Weakness","Cleave","Inflame","Heavy Blade","Impervious+1","Hemokinesis","Body Slam","Rampage","Demon Form","Ghostly","Ghostly","Ghostly","Ghostly","Ghostly","Body Slam+1","Blood for Blood"],"special_seed":0,"relics":["Black Blood","Regal Pillow","MawBank","Kunai","Bag of Preparation"],"potions_floor_usage":[],"damage_taken":[{"damage":8.0,"enemies":"Jaw Worm","floor":1.0,"turns":4.0},{"damage":1.0,"enemies":"Cultist","floor":4.0,"turns":3.0},{"damage":8.0,"enemies":"2 Louse","floor":5.0,"turns":2.0},{"damage":14.0,"enemies":"Lagavulin","floor":6.0,"turns":5.0},{"damage":24.0,"enemies":"3 Sentries","floor":11.0,"turns":8.0},{"damage":3.0,"enemies":"Large Slime","floor":12.0,"turns":5.0},{"damage":13.0,"enemies":"Looter","floor":13.0,"turns":2.0},{"damage":15.0,"enemies":"2 Fungi Beasts","floor":14.0,"turns":2.0},{"damage":57.0,"enemies":"Hexaghost","floor":16.0,"turns":6.0},{"damage":44.0,"enemies":"3 Byrds","floor":18.0,"turns":7.0},{"damage":10.0,"enemies":"2 Thieves","floor":20.0,"turns":4.0},{"damage":41,"enemies":"Gremlin Leader","floor":23,"turns":5}],"seed_played":"7172150333816579835","potions_obtained":[{"floor":4.0,"key":"Block Potion"},{"floor":5.0,"key":"Energy Potion"},{"floor":6.0,"key":"FearPotion"},{"floor":13.0,"key":"SpeedPotion"},{"floor":14.0,"key":"Swift Potion"}],"is_trial":false,"path_per_floor":["M","?","?","M","M","E","R","$","T","R","E","M","M","M","R","B",null,"M","?","M","$","?","E"],"character_chosen":"IRONCLAD","items_purchased":["Impervious","Blood for Blood"],"campfire_rested":1,"item_purchase_floors":[8,21],"current_hp_per_floor":[78,75,75,80,78,70,70,70,70,70,52,55,48,39,78,27,80,46,40,40,40,40,0],"gold":25,"neow_bonus":"RANDOM_COMMON_RELIC","is_prod":false,"is_daily":false,"chose_seed":false,"campfire_upgraded":1,"win_rate":0,"timestamp":1568064427,"path_taken":["M","?","?","M","M","E","R","$","T","R","E","M","M","?","R","BOSS","M","?","M","$","?","E"],"build_version":"2019-07-17","purchased_purges":2,"victory":false,"max_hp_per_floor":[80,80,80,80,80,80,80,80,80,80,80,80,80,80,80,80,80,80,40,40,40,40,40],"card_choices":[{"not_picked":["Pommel Strike","Heavy Blade"],"picked":"Spot Weakness","floor":1.0},{"not_picked":["Headbutt","Clash"],"picked":"Cleave","floor":4.0},{"not_picked":["Uppercut","Headbutt"],"picked":"Inflame","floor":5.0},{"not_picked":["Clash","Iron Wave"],"picked":"Heavy Blade","floor":6.0},{"not_picked":["Shrug It Off","Dual Wield"],"picked":"Hemokinesis","floor":11.0},{"not_picked":["Sword Boomerang","Pommel Strike"],"picked":"Body Slam","floor":12.0},{"not_picked":["Pommel Strike","Body Slam","Reckless Charge"],"picked":"SKIP","floor":13.0},{"not_picked":["True Grit","Intimidate"],"picked":"Rampage","floor":14.0},{"not_picked":["Berserk","Bludgeon"],"picked":"Demon Form","floor":16.0},{"not_picked":["Shrug It Off","Pommel Strike","Perfected Strike+1"],"picked":"SKIP","floor":18.0},{"not_picked":["Ghostly Armor","Juggernaut"],"picked":"Body Slam+1","floor":20.0}],"player_experience":59926,"relics_obtained":[{"floor":6.0,"key":"Kunai"},{"floor":11.0,"key":"Bag of Preparation"}],"event_choices":[{"damage_healed":0.0,"max_hp_gain":0.0,"max_hp_loss":0.0,"gold_gain":0.0,"event_name":"Scrap Ooze","player_choice":"Success","floor":2.0,"gold_loss":0.0,"damage_taken":3.0,"relics_obtained":["MawBank"]},{"cards_removed":["Defend_R"],"damage_healed":0.0,"max_hp_gain":0.0,"max_hp_loss":0.0,"gold_gain":0.0,"event_name":"Purifier","player_choice":"Purged","floor":3.0,"gold_loss":0.0,"damage_taken":0.0},{"damage_healed":0.0,"max_hp_gain":0.0,"max_hp_loss":40.0,"gold_gain":0.0,"event_name":"Ghosts","player_choice":"Became a Ghost","floor":19.0,"gold_loss":0.0,"damage_taken":0.0,"cards_obtained":["Ghostly","Ghostly","Ghostly","Ghostly","Ghostly"]},{"cards_removed":["Defend_R"],"damage_healed":0.0,"max_hp_gain":0.0,"max_hp_loss":0.0,"gold_gain":0.0,"event_name":"Beggar","player_choice":"Gave Gold","floor":22.0,"gold_loss":75.0,"damage_taken":0.0}],"is_beta":false,"boss_relics":[{"not_picked":["Black Star","Tiny House"],"picked":"Black Blood"}],"items_purged_floors":[8,21],"is_endless":false,"potions_floor_spawned":[4,5,6,13,14],"killed_by":"Gremlin Leader","ascension_level":1}