{"path_per_floor":["M","$","M","M","?","E","R","E","T","R","M","M","$","E","R","B",null,"M","M","?","M","$","R","M","R","T","R","?","?","$","E","R","B",null,"M","M","M","$"],"character_chosen":"IRONCLAD","items_purchased":["Metallicize","Metallicize"],"gold_per_floor":[109,34,47,63,63,88,88,116,116,116,130,142,8,36,36,140,140,156,172,172,185,106,106,117,117,117,117,40,40,40,68,68,168,168,181,199,214,89,89],"floor_reached":39,"campfire_rested":2,"playtime":3108,"item_purchase_floors":[13,22],"current_hp_per_floor":[79,79,80,80,77,71,71,66,66,66,68,68,68,70,70,64,80,66,72,72,56,56,56,26,50,50,50,50,50,50,23,47,45,80,39,45,11,11,0],"items_purged":["Strike_R","Strike_R","Injury"],"gold":89,"score":440,"play_id":"58d3b0d6-4c65-432f-9e7c-d7dd5801dfc4","local_time":"20180610183520","is_prod":false,"is_daily":false,"chose_seed":false,"is_ascension_mode":true,"campfire_upgraded":5,"win_rate":0,"timestamp":1528680920,"campfire_choices":[{"data":"Inflame","floor":7,"key":"SMITH"},{"data":"Armaments","floor":10,"key":"SMITH"},{"data":"Metallicize","floor":15,"key":"SMITH"},{"data":"Metallicize","floor":23,"key":"SMITH"},{"floor":25,"key":"REST"},{"data":"Metallicize","floor":27,"key":"SMITH"},{"floor":32,"key":"REST"}],"path_taken":["M","$","M","M","?","E","R","E","T","R","M","M","$","E","R","BOSS","M","?","?","M","$","R","M","R","T","R","?","?","?","E","R","BOSS","M","M","M","$","M"],"build_version":"2018-06-08","seed_source_timestamp":21165181686674,"purchased_purges":3,"victory":false,"master_deck":["Bash","Inflame+1","Sword Boomerang","Armaments+1","Clash","Intimidate","Heavy Blade","Thunderclap","Metallicize+1","Sword Boomerang","Berserk","Havoc","Wild Strike","Shrug It Off","Inflame","True Grit","Metallicize+1","Flex+1","Twin Strike","Metallicize+1","Iron Wave","J.A.X.","Disarm","Dark Embrace","Warcry","Sword Boomerang","Flex"],"max_hp_per_floor":[80,80,80,80,80,80,80,80,80,80,80,80,80,80,80,80,80,80,80,80,80,80,80,80,80,80,80,80,80,80,80,80,80,80,80,80,80,80,80],"relics":["Burning Blood","Matryoshka","Red Skull","Bronze Scales","Oddly Smooth Stone","Champion Belt","Pen Nib","Pandora\u0027s Box","Kunai","Ornamental Fan","Boot","Mark of Pain"],"card_choices":[{"not_picked":["Entrench","Clash"],"picked":"Inflame","floor":1},{"not_picked":["Power Through","Warcry"],"picked":"Sword Boomerang","floor":3},{"not_picked":["Headbutt","Double Tap"],"picked":"Armaments","floor":4},{"not_picked":["Evolve","Sever Soul"],"picked":"Clash","floor":6},{"not_picked":["Immolate","Clash"],"picked":"Intimidate","floor":8},{"not_picked":["Perfected Strike","Body Slam"],"picked":"Heavy Blade","floor":11},{"not_picked":["Iron Wave","Burning Pact"],"picked":"Thunderclap","floor":12},{"not_picked":["Sentinel","Perfected Strike"],"picked":"Sword Boomerang","floor":14},{"not_picked":["Fiend Fire","Offering"],"picked":"Berserk","floor":16},{"not_picked":["Cleave","Havoc"],"picked":"Metallicize","floor":18},{"not_picked":["Whirlwind+1","Wild Strike"],"picked":"Flex","floor":19},{"not_picked":["Heavy Blade","Clash"],"picked":"Twin Strike","floor":21},{"not_picked":["Second Wind+1","Thunderclap"],"picked":"Iron Wave","floor":24},{"not_picked":["Brutality","Battle Trance"],"picked":"Disarm","floor":31},{"not_picked":["Juggernaut","Berserk"],"picked":"Dark Embrace","floor":33},{"not_picked":["Body Slam+1","Reckless Charge+1"],"picked":"Warcry","floor":35},{"not_picked":["Clothesline","Warcry+1"],"picked":"Sword Boomerang","floor":36},{"not_picked":["Burning Pact","Perfected Strike+1"],"picked":"Flex","floor":37}],"player_experience":106290,"potions_floor_usage":[6,16,16,31,33,37,39],"damage_taken":[{"damage":7,"enemies":"Small Slimes","floor":1,"turns":4},{"damage":1,"enemies":"Jaw Worm","floor":3,"turns":3},{"damage":1,"enemies":"Cultist","floor":4,"turns":3},{"damage":12,"enemies":"Lagavulin","floor":6,"turns":8},{"damage":11,"enemies":"Gremlin Nob","floor":8,"turns":3},{"damage":4,"enemies":"Looter","floor":11,"turns":3},{"damage":6,"enemies":"Blue Slaver","floor":12,"turns":3},{"damage":4,"enemies":"Lagavulin","floor":14,"turns":6},{"damage":12,"enemies":"Slime Boss","floor":16,"turns":7},{"damage":20,"enemies":"Shell Parasite","floor":18,"turns":5},{"damage":0,"enemies":"3 Byrds","floor":19,"turns":3},{"damage":22,"enemies":"Sentry and Sphere","floor":21,"turns":5},{"damage":36,"enemies":"Slaver and Parasite","floor":24,"turns":5},{"damage":33,"enemies":"Gremlin Leader","floor":31,"turns":5},{"damage":8,"enemies":"Champ","floor":33,"turns":8},{"damage":47,"enemies":"3 Shapes","floor":35,"turns":7},{"damage":0,"enemies":"Orb Walker","floor":36,"turns":2},{"damage":40,"enemies":"Sphere and 2 Shapes","floor":37,"turns":15},{"damage":11,"enemies":"Maw","floor":39,"turns":2}],"relics_obtained":[{"floor":6,"key":"Red Skull"},{"floor":8,"key":"Bronze Scales"},{"floor":9,"key":"Oddly Smooth Stone"},{"floor":9,"key":"Champion Belt"},{"floor":14,"key":"Pen Nib"},{"floor":26,"key":"Kunai"},{"floor":26,"key":"Ornamental Fan"},{"floor":31,"key":"Boot"}],"event_choices":[{"event_name":"Scrap Ooze","player_choice":"success","floor":5,"damage_taken":3},{"event_name":"Back to Basics","player_choice":"Elegance","floor":20,"damage_taken":0},{"event_name":"Drug Dealer","player_choice":"Got JAXXED","floor":28,"damage_taken":0},{"event_name":"Accursed Blacksmith","player_choice":"Forge","floor":29,"damage_taken":0}],"boss_relics":[{"not_picked":["Orrery","Black Star"],"picked":"Pandora\u0027s Box"},{"not_picked":["Calling Bell","Astrolabe"],"picked":"Mark of Pain"}],"items_purged_floors":[2,13,38],"potions_floor_spawned":[1,3,12,14,18,21,31,33,36,37],"seed_played":"-6151413085810728066","killed_by":"Maw","ascension_level":1,"potions_obtained":[{"floor":1,"key":"Dexterity Potion"},{"floor":3,"key":"GamblersBrew"},{"floor":12,"key":"SteroidPotion"},{"floor":14,"key":"Swift Potion"},{"floor":18,"key":"SpeedPotion"},{"floor":21,"key":"Strength Potion"},{"floor":31,"key":"SmokeBomb"},{"floor":33,"key":"Strength Potion"},{"floor":36,"key":"LiquidBronze"},{"floor":37,"key":"Explosive Potion"}],"is_trial":false}