{"gold_per_floor":[110,285,301,301,301,301,336,7,30,41,60,76,87,101,101,200,200,210,210,226,14,14,49,49,49,49,64,82,116,116,130,130,130],"floor_reached":33,"playtime":1406,"items_purged":["Burning Pact","Battle Trance"],"score":316,"play_id":"9b199905-64a7-4ec5-a8e4-f60a9e8bc6f8","local_time":"20190831213516","is_ascension_mode":false,"campfire_choices":[{"data":"Twin Strike","floor":6,"key":"SMITH"},{"floor":15,"key":"REST"},{"data":"1","floor":24,"key":"LIFT"},{"data":"2","floor":32,"key":"LIFT"}],"neow_cost":"NONE","seed_source_timestamp":73039072585470,"circlet_count":0,"master_deck":["Strike_R","Strike_R","Strike_R","Strike_R","Strike_R","Defend_R","Defend_R","Defend_R","Defend_R","Twin Strike+1","Pommel Strike","Hemokinesis+1","Whirlwind+1","Uppercut+1","Headbutt+1","Bludgeon+1","Shrug It Off","Clothesline+1","Metallicize","Pummel+1","Perfected Strike+1","Armaments","Fire Breathing+1","Cleave+1","Rampage+1","Twin Strike+1"],"relics":["Burning Blood","NeowsBlessing","PreservedInsect","Ornamental Fan","Molten Egg 2","Centennial Puzzle","Coffee Dripper","Nilry\u0027s Codex","Girya","Letter Opener","Pocketwatch"],"potions_floor_usage":[11,16,16,20,23,23,25,29,33],"damage_taken":[{"damage":0,"enemies":"Small Slimes","floor":1,"turns":1},{"damage":0,"enemies":"2 Louse","floor":3,"turns":1},{"damage":0,"enemies":"Lagavulin","floor":7,"turns":1},{"damage":1,"enemies":"Jaw Worm","floor":10,"turns":3},{"damage":22,"enemies":"Large Slime","floor":11,"turns":5},{"damage":2,"enemies":"2 Fungi Beasts","floor":12,"turns":2},{"damage":5,"enemies":"Lots of Slimes","floor":13,"turns":2},{"damage":27,"enemies":"Gremlin Gang","floor":14,"turns":4},{"damage":37,"enemies":"Hexaghost","floor":16,"turns":8},{"damage":13,"enemies":"Shell Parasite","floor":18,"turns":3},{"damage":2,"enemies":"Chosen","floor":20,"turns":4},{"damage":34,"enemies":"Slavers","floor":23,"turns":3},{"damage":0,"enemies":"Shelled Parasite and Fungi","floor":25,"turns":1},{"damage":21,"enemies":"Chosen and Byrds","floor":27,"turns":4},{"damage":20,"enemies":"Snake Plant","floor":28,"turns":3},{"damage":11,"enemies":"Gremlin Leader","floor":29,"turns":3},{"damage":6,"enemies":"Snecko","floor":31,"turns":3},{"damage":16,"enemies":"Automaton","floor":33,"turns":2}],"seed_played":"-8188066870044457473","potions_obtained":[{"floor":3,"key":"Ancient Potion"},{"floor":11,"key":"GamblersBrew"},{"floor":13,"key":"Swift Potion"},{"floor":14,"key":"Weak Potion"},{"floor":16,"key":"Poison Potion"},{"floor":18,"key":"GamblersBrew"},{"floor":22,"key":"Regen Potion"},{"floor":22,"key":"LiquidBronze"},{"floor":22,"key":"SmokeBomb"},{"floor":28,"key":"Explosive Potion"},{"floor":31,"key":"SkillPotion"}],"is_trial":false,"path_per_floor":["M","?","M","?","?","R","E","$","T","M","M","M","M","M","R","B",null,"M","?","M","$","?","E","R","M","T","M","M","E","?","M","R","B"],"character_chosen":"IRONCLAD","items_purchased":["Molten Egg 2","Metallicize","Pummel+1"],"campfire_rested":1,"item_purchase_floors":[8,21,21],"current_hp_per_floor":[80,80,80,73,66,66,72,72,72,77,61,65,66,45,69,38,80,73,57,61,61,61,42,42,48,48,33,19,14,14,14,14,0],"gold":130,"neow_bonus":"THREE_ENEMY_KILL","is_prod":false,"is_daily":false,"chose_seed":false,"campfire_upgraded":1,"win_rate":0.0,"timestamp":1567312516,"path_taken":["M","?","M","?","?","R","E","$","T","M","M","M","M","M","R","BOSS","M","?","M","$","?","E","R","M","T","?","M","E","?","M","R","BOSS"],"build_version":"2019-07-17","purchased_purges":2,"victory":false,"max_hp_per_floor":[80,80,80,80,80,80,80,80,80,80,80,80,80,80,80,80,80,80,80,80,80,80,80,80,80,80,80,80,80,80,80,80,80],"card_choices":[{"not_picked":["Pommel Strike","True Grit"],"picked":"Burning Pact","floor":1},{"not_picked":["Headbutt","True Grit"],"picked":"Twin Strike","floor":3},{"not_picked":["True Grit","Fiend Fire"],"picked":"Pommel Strike","floor":7},{"not_picked":["Hemokinesis+1","Bloodletting"],"picked":"Battle Trance","floor":10},{"not_picked":["Combust","Clash+1"],"picked":"Hemokinesis+1","floor":11},{"not_picked":["Battle Trance","Perfected Strike+1"],"picked":"Whirlwind+1","floor":12},{"not_picked":["Perfected Strike+1","Warcry"],"picked":"Uppercut+1","floor":13},{"not_picked":["Hemokinesis+1","Warcry"],"picked":"Headbutt+1","floor":14},{"not_picked":["Limit Break","Impervious"],"picked":"Bludgeon+1","floor":16},{"not_picked":["Spot Weakness","Flex+1"],"picked":"Shrug It Off","floor":18},{"not_picked":["Dual Wield","Heavy Blade+1"],"picked":"Clothesline+1","floor":20},{"not_picked":["Anger+1","Headbutt+1"],"picked":"Perfected Strike+1","floor":23},{"not_picked":["Pommel Strike+1","Offering"],"picked":"Armaments","floor":27},{"not_picked":["Body Slam+1","Whirlwind+1"],"picked":"Fire Breathing+1","floor":28},{"not_picked":["Clash+1","True Grit"],"picked":"Cleave+1","floor":29},{"not_picked":["True Grit","Clothesline+1"],"picked":"Twin Strike+1","floor":31}],"player_experience":14318,"relics_obtained":[{"floor":7,"key":"Ornamental Fan"},{"floor":9,"key":"Centennial Puzzle"},{"floor":19,"key":"Nilry\u0027s Codex"},{"floor":23,"key":"Girya"},{"floor":26,"key":"Letter Opener"},{"floor":29,"key":"Pocketwatch"}],"event_choices":[{"damage_healed":0,"gold_gain":175,"player_choice":"AGREE","damage_taken":0,"max_hp_gain":0,"max_hp_loss":0,"event_name":"Liars Game","floor":2,"gold_loss":0,"cards_obtained":["Doubt"]},{"damage_healed":0,"gold_gain":0,"player_choice":"Success","damage_taken":7,"relics_obtained":["PreservedInsect"],"max_hp_gain":0,"max_hp_loss":0,"event_name":"Scrap Ooze","floor":4,"gold_loss":0},{"cards_removed":["Doubt"],"damage_healed":0,"gold_gain":0,"player_choice":"Card Removal","damage_taken":7,"max_hp_gain":0,"max_hp_loss":0,"event_name":"Golden Wing","floor":5,"gold_loss":0},{"damage_healed":0,"gold_gain":0,"player_choice":"Obtained Book","damage_taken":16,"max_hp_gain":0,"max_hp_loss":0,"event_name":"Cursed Tome","floor":19,"gold_loss":0},{"damage_healed":0,"gold_gain":0,"player_choice":"Got Potions","damage_taken":0,"max_hp_gain":0,"max_hp_loss":0,"event_name":"Lab","floor":22,"gold_loss":0},{"damage_healed":0,"gold_gain":0,"cards_transformed":["Bash"],"player_choice":"Transformed","damage_taken":0,"max_hp_gain":0,"max_hp_loss":0,"event_name":"Transmorgrifier","floor":30,"gold_loss":0,"cards_obtained":["Rampage"]}],"is_beta":false,"boss_relics":[{"not_picked":["Runic Cube","Ectoplasm"],"picked":"Coffee Dripper"}],"items_purged_floors":[8,21],"is_endless":false,"potions_floor_spawned":[3,11,13,14,16,18,25,28,31],"killed_by":"Automaton","ascension_level":0}