{"gold_per_floor":[113,38,38,50,68,68,99,114,164,239,259,259,259,275,275,399,399,420,335,335,29,43,43,68,68,115,115,15,49,67,81,81,206,206,226,351,367,85,0,0,40,40,40,315,336,349,373,45,45,45],"floor_reached":51,"playtime":2638,"items_purged":["Strike_B","Defend_B"],"score":1081,"play_id":"63982811-eb62-4a80-a5bc-c1735fd220ac","local_time":"20190912151027","is_ascension_mode":true,"campfire_choices":[{"data":"Zap","floor":6.0,"key":"SMITH"},{"floor":15.0,"key":"REST"},{"data":"Conserve Battery","floor":23.0,"key":"SMITH"},{"data":"Dualcast","floor":25.0,"key":"SMITH"},{"data":"Echo Form","floor":27.0,"key":"SMITH"},{"data":"Go for the Eyes","floor":32.0,"key":"SMITH"},{"data":"Machine Learning","floor":40.0,"key":"SMITH"},{"floor":42.0,"key":"REST"},{"data":"Loop","floor":49,"key":"SMITH"}],"neow_cost":"NONE","seed_source_timestamp":16143862219400,"circlet_count":0,"master_deck":["Strike_B","Defend_B+1","Defend_B+1","Zap+1","Dualcast+1","BootSequence+1","Ball Lightning","All For One+1","Melter","Conserve Battery+1","Echo Form+1","Blizzard+1","Sunder+1","Electrodynamics+1","Scrape+1","Leap+1","Coolheaded+1","Steam+1","Self Repair","Chill+1","Go for the Eyes+1","Machine Learning+1","Recycle+1","Swift Strike","Metamorphosis+1","Gash","Parasite","Reboot+1","Beam Cell","Loop+1"],"special_seed":0,"relics":["Cracked Core","Pear","Omamori","Golden Idol","Astrolabe","InkBottle","MealTicket","Toxic Egg 2","War Paint","Emotion Chip","Black Star","Nunchaku","Red Mask","Mercury Hourglass","Toy Ornithopter","Meat on the Bone","Bottled Lightning"],"potions_floor_usage":[50,50],"damage_taken":[{"damage":0.0,"enemies":"Cultist","floor":1.0,"turns":4.0},{"damage":1.0,"enemies":"Jaw Worm","floor":4.0,"turns":4.0},{"damage":0.0,"enemies":"2 Louse","floor":5.0,"turns":1.0},{"damage":20.0,"enemies":"Lagavulin","floor":7.0,"turns":5.0},{"damage":1.0,"enemies":"2 Fungi Beasts","floor":8.0,"turns":3.0},{"damage":6.0,"enemies":"3 Louse","floor":11.0,"turns":3.0},{"damage":7.0,"enemies":"Exordium Thugs","floor":14.0,"turns":4.0},{"damage":14.0,"enemies":"Hexaghost","floor":16.0,"turns":13.0},{"damage":18.0,"enemies":"2 Thieves","floor":18.0,"turns":3.0},{"damage":0.0,"enemies":"Spheric Guardian","floor":22.0,"turns":3.0},{"damage":24.0,"enemies":"Centurion and Healer","floor":24.0,"turns":5.0},{"damage":6.0,"enemies":"Slavers","floor":29.0,"turns":3.0},{"damage":0.0,"enemies":"Sentry and Sphere","floor":30.0,"turns":3.0},{"damage":11.0,"enemies":"Snecko","floor":31.0,"turns":4.0},{"damage":51.0,"enemies":"Champ","floor":33.0,"turns":13.0},{"damage":5.0,"enemies":"Orb Walker","floor":35.0,"turns":4.0},{"damage":2.0,"enemies":"Mind Bloom Boss Battle","floor":36.0,"turns":5.0},{"damage":22.0,"enemies":"3 Darklings","floor":37.0,"turns":5.0},{"damage":42.0,"enemies":"Giant Head","floor":41.0,"turns":7.0},{"damage":19.0,"enemies":"Writhing Mass","floor":45.0,"turns":6.0},{"damage":2,"enemies":"Jaw Worm Horde","floor":46,"turns":4},{"damage":5,"enemies":"3 Darklings","floor":47,"turns":5},{"damage":62,"enemies":"Time Eater","floor":50,"turns":10}],"seed_played":"-2087355687161426470","potions_obtained":[{"floor":0.0,"key":"PowerPotion"},{"floor":0.0,"key":"SneckoOil"},{"floor":0.0,"key":"AttackPotion"},{"floor":5.0,"key":"Block Potion"},{"floor":8.0,"key":"SkillPotion"},{"floor":18.0,"key":"FearPotion"},{"floor":29.0,"key":"Ancient Potion"},{"floor":31.0,"key":"Strength Potion"},{"floor":33.0,"key":"Energy Potion"},{"floor":36.0,"key":"PowerPotion"},{"floor":41.0,"key":"SteroidPotion"}],"is_trial":false,"path_per_floor":["M","$","?","M","M","R","E","M","T","?","M","?","?","M","R","B",null,"M","?","T","$","M","R","M","R","T","R","$","E","M","M","R","B",null,"M","?","M","$","?","R","E","R","T","?","M","M","M","$","R","B",null],"character_chosen":"DEFECT","items_purchased":["Toxic Egg 2","Leap+1","Swift Strike","Metamorphosis+1","Bottled Lightning","Loop"],"campfire_rested":2,"item_purchase_floors":[21,21,38,38,48,48],"current_hp_per_floor":[68,68,68,67,67,67,57,56,56,45,39,39,22,15,40,26,70,52,52,52,67,67,67,43,43,43,43,58,52,59,62,62,18,68,63,68,60,75,75,75,47,72,72,72,60,65,67,82,82,42],"gold":45,"neow_bonus":"THREE_SMALL_POTIONS","is_prod":false,"is_daily":false,"chose_seed":false,"campfire_upgraded":7,"win_rate":0,"timestamp":1568268627,"path_taken":["M","?","?","M","M","R","E","M","T","?","M","?","?","M","R","BOSS","M","?","?","$","M","R","M","R","T","R","$","E","M","M","R","BOSS","M","?","M","$","?","R","E","R","T","?","M","M","?","$","R","BOSS"],"build_version":"2019-09-10","purchased_purges":2,"victory":true,"max_hp_per_floor":[75,75,75,75,75,75,85,85,85,85,85,85,85,85,85,85,85,85,85,85,85,85,85,85,85,85,85,85,85,85,85,85,85,85,85,85,85,85,85,85,85,85,85,85,85,85,85,85,85,85],"card_choices":[{"not_picked":["Chaos","Lockon"],"picked":"BootSequence","floor":1.0},{"not_picked":["Sweeping Beam","Rip and Tear","Consume"],"picked":"SKIP","floor":4.0},{"not_picked":["Redo","Streamline"],"picked":"Ball Lightning","floor":5.0},{"not_picked":["Consume","Steam"],"picked":"All For One","floor":7.0},{"not_picked":["Reprogram","Leap"],"picked":"Melter","floor":8.0},{"not_picked":["Streamline","Heatsinks","Turbo"],"picked":"SKIP","floor":11.0},{"not_picked":["Cold Snap","Turbo"],"picked":"Conserve Battery","floor":14.0},{"not_picked":["Biased Cognition","Seek"],"picked":"Echo Form","floor":16.0},{"not_picked":["Aggregate","Melter"],"picked":"Scrape+1","floor":18.0},{"not_picked":["Skim+1","Compile Driver+1"],"picked":"Coolheaded+1","floor":22.0},{"not_picked":["Sweeping Beam","Hologram+1"],"picked":"Steam+1","floor":24.0},{"not_picked":["Coolheaded+1","Meteor Strike"],"picked":"Self Repair","floor":29.0},{"not_picked":["Fusion+1","Barrage+1"],"picked":"Chill+1","floor":30.0},{"not_picked":["Turbo+1","Force Field+1"],"picked":"Go for the Eyes","floor":31.0},{"not_picked":["Electrodynamics","Core Surge"],"picked":"Machine Learning","floor":33.0},{"not_picked":["Conserve Battery+1","Reinforced Body+1","Barrage"],"picked":"SKIP","floor":35.0},{"not_picked":["Compile Driver+1","Turbo+1"],"picked":"Recycle+1","floor":36.0},{"not_picked":["Compile Driver","Blizzard","Rebound+1"],"picked":"SKIP","floor":37.0},{"not_picked":["Thunder Strike","Cold Snap"],"picked":"Gash","floor":41.0},{"not_picked":["Sweeping Beam+1","Beam Cell","Conserve Battery+1"],"picked":"SKIP","floor":45.0},{"not_picked":["Sunder+1","Coolheaded+1"],"picked":"Reboot+1","floor":46},{"not_picked":["Stack+1","Compile Driver"],"picked":"Beam Cell","floor":47}],"player_experience":435800,"relics_obtained":[{"floor":7.0,"key":"Pear"},{"floor":9.0,"key":"Omamori"},{"floor":20.0,"key":"MealTicket"},{"floor":26.0,"key":"War Paint"},{"floor":29.0,"key":"Emotion Chip"},{"floor":36.0,"key":"Nunchaku"},{"floor":41.0,"key":"Mercury Hourglass"},{"floor":41.0,"key":"Toy Ornithopter"},{"floor":43.0,"key":"Meat on the Bone"}],"event_choices":[{"damage_healed":0.0,"max_hp_gain":0.0,"max_hp_loss":0.0,"gold_gain":0.0,"event_name":"Liars Game","player_choice":"Ignored","floor":3.0,"gold_loss":0.0,"damage_taken":0.0},{"damage_healed":0.0,"max_hp_gain":0.0,"max_hp_loss":0.0,"gold_gain":75.0,"event_name":"World of Goop","player_choice":"Gather Gold","floor":10.0,"gold_loss":0.0,"damage_taken":11.0},{"damage_healed":0.0,"max_hp_gain":0.0,"max_hp_loss":0.0,"gold_gain":0.0,"event_name":"Golden Idol","player_choice":"Take Wound","floor":12.0,"gold_loss":0.0,"damage_taken":0.0,"relics_obtained":["Golden Idol"],"cards_obtained":["Injury"]},{"damage_healed":0.0,"max_hp_gain":0.0,"max_hp_loss":0.0,"gold_gain":0.0,"event_name":"Shining Light","player_choice":"Entered Light","floor":13.0,"gold_loss":0.0,"damage_taken":17.0,"cards_upgraded":["Defend_B","All For One"]},{"damage_healed":0.0,"max_hp_gain":0.0,"max_hp_loss":0.0,"gold_gain":0.0,"event_name":"Addict","player_choice":"Obtained Relic","floor":19.0,"gold_loss":85.0,"damage_taken":0.0,"relics_obtained":["InkBottle"]},{"damage_healed":0.0,"max_hp_gain":0.0,"max_hp_loss":0.0,"gold_gain":0.0,"event_name":"MindBloom","player_choice":"Fight","floor":36.0,"gold_loss":0.0,"damage_taken":0.0},{"damage_healed":0.0,"max_hp_gain":0.0,"max_hp_loss":0.0,"gold_gain":0.0,"event_name":"Tomb of Lord Red Mask","player_choice":"Paid","floor":39.0,"gold_loss":85.0,"damage_taken":0.0,"relics_obtained":["Red Mask"]},{"damage_healed":0.0,"max_hp_gain":0.0,"max_hp_loss":0.0,"gold_gain":275.0,"event_name":"Golden Shrine","player_choice":"Desecrate","floor":44.0,"gold_loss":0.0,"damage_taken":0.0,"cards_obtained":["Regret"]}],"is_beta":true,"boss_relics":[{"not_picked":["Velvet Choker","Runic Pyramid"],"picked":"Astrolabe"},{"not_picked":["Pandora\u0027s Box","Runic Dome"],"picked":"Black Star"}],"items_purged_floors":[2,28],"is_endless":false,"potions_floor_spawned":[5,8,11,14,18,29,31,33,36,41,46],"ascension_level":8}