{"gold_per_floor":[168,186,202,66,84,119,132,157,157,332,332,361,361,136,136,237,237,253,253,266,86,101,126,126,137,137,137,165,5,17,29,29,125,125,139,116,130,130,130],"floor_reached":39,"playtime":4766,"items_purged":["Doubt","Defend_P","Strike_P"],"score":513,"play_id":"ae815ffc-0f09-47b6-8d77-2e165f6ecdc5","local_time":"20190909143804","is_ascension_mode":true,"campfire_choices":[{"floor":11,"key":"REST"},{"floor":13,"key":"REST"},{"floor":15,"key":"REST"},{"floor":24,"key":"REST"},{"floor":27,"key":"REST"},{"floor":32,"key":"REST"}],"neow_cost":"NONE","seed_source_timestamp":27426609278100,"circlet_count":0,"master_deck":["Strike_P","Strike_P+1","Strike_P","Defend_P","Defend_P","Defend_P","Eruption","Vigilance","TalkToTheHand","JustLucky","Protect","Worship","MasterReality","JustLucky","CutThroughFate","Establishment","Halt","Weave","Judgement","Weave+1","Devotion","ThirdEye+1","TalkToTheHand","SandsOfTime","Devotion","Weave","Ragnarok","CurseOfTheBell","ThirdEye","Crescendo","SandsOfTime"],"relics":["Tiny House","Calipers","Mercury Hourglass","Mango","Singing Bowl","TheAbacus","SacredBark","Girya","Blue Candle","Regal Pillow","Calling Bell","InkBottle","Matryoshka","Bird Faced Urn"],"potions_floor_usage":[7,8,16,22,28,28,30,33,39],"damage_taken":[{"damage":5,"enemies":"2 Louse","floor":1,"turns":4},{"damage":3,"enemies":"Small Slimes","floor":2,"turns":4},{"damage":0,"enemies":"Jaw Worm","floor":3,"turns":4},{"damage":25,"enemies":"Exordium Thugs","floor":5,"turns":5},{"damage":22,"enemies":"Gremlin Nob","floor":6,"turns":4},{"damage":2,"enemies":"Gremlin Gang","floor":7,"turns":4},{"damage":4,"enemies":"3 Sentries","floor":8,"turns":9},{"damage":18,"enemies":"Gremlin Nob","floor":12,"turns":5},{"damage":14,"enemies":"The Guardian","floor":16,"turns":8},{"damage":25,"enemies":"2 Thieves","floor":18,"turns":4},{"damage":26,"enemies":"Shell Parasite","floor":20,"turns":7},{"damage":32,"enemies":"3 Cultists","floor":22,"turns":5},{"damage":23,"enemies":"Gremlin Leader","floor":23,"turns":6},{"damage":16,"enemies":"Cultist and Chosen","floor":25,"turns":7},{"damage":5,"enemies":"Slavers","floor":28,"turns":3},{"damage":19,"enemies":"Sentry and Sphere","floor":30,"turns":6},{"damage":8,"enemies":"Centurion and Healer","floor":31,"turns":5},{"damage":52,"enemies":"Automaton","floor":33,"turns":9},{"damage":46,"enemies":"3 Darklings","floor":35,"turns":6},{"damage":31,"enemies":"3 Shapes","floor":37,"turns":4},{"damage":41,"enemies":"Spire Growth","floor":39,"turns":3}],"seed_played":"-4137300725764472420","potions_obtained":[{"floor":0,"key":"PowerPotion"},{"floor":6,"key":"Fire Potion"},{"floor":7,"key":"Energy Potion"},{"floor":12,"key":"FairyPotion"},{"floor":16,"key":"SteroidPotion"},{"floor":22,"key":"DuplicationPotion"},{"floor":25,"key":"Explosive Potion"},{"floor":28,"key":"Block Potion"},{"floor":31,"key":"DuplicationPotion"},{"floor":37,"key":"SkillPotion"}],"is_trial":false,"path_per_floor":["M","M","M","$","M","E","M","E","T","?","R","E","R","$","R","B",null,"M","?","M","$","M","E","R","M","T","R","E","$","M","M","R","B",null,"M","$","M","?","M"],"character_chosen":"WATCHER","items_purchased":["MasterReality","TheAbacus","Devotion","Devotion","Crescendo"],"campfire_rested":6,"item_purchase_floors":[4,14,21,29,36],"current_hp_per_floor":[65,62,62,62,37,15,13,9,23,23,48,30,55,55,80,66,84,61,44,18,18,45,22,49,33,33,60,57,57,40,32,75,23,95,55,55,30,30,0],"gold":130,"neow_bonus":"BOSS_RELIC","is_prod":false,"is_daily":false,"chose_seed":false,"campfire_upgraded":0,"win_rate":0,"timestamp":1568065084,"path_taken":["M","M","M","$","M","E","M","E","T","?","R","E","R","$","R","BOSS","M","?","M","$","M","E","R","M","T","R","E","$","M","M","R","BOSS","M","$","M","?","?"],"build_version":"2019-09-09","purchased_purges":3,"victory":false,"max_hp_per_floor":[70,70,70,70,70,70,70,70,84,84,84,84,84,84,84,84,84,86,91,91,91,91,91,91,91,91,91,93,93,95,95,95,95,95,95,95,97,97,97],"card_choices":[{"not_picked":["ThirdEye","FlyingSleeves"],"picked":"TalkToTheHand","floor":0},{"not_picked":["Fasting","EmptyFist"],"picked":"JustLucky","floor":1},{"not_picked":["Halt","ClearTheMind"],"picked":"Protect","floor":2},{"not_picked":["EmptyBody","Conclude"],"picked":"Worship","floor":3},{"not_picked":["Sanctity","ReachHeaven"],"picked":"JustLucky","floor":5},{"not_picked":["PathToVictory","EmptyMind"],"picked":"CutThroughFate","floor":6},{"not_picked":["Perseverance","Halt"],"picked":"Establishment","floor":7},{"not_picked":["EmptyFist","EmptyBody"],"picked":"Halt","floor":8},{"not_picked":["ThirdEye","Sanctity"],"picked":"Weave","floor":12},{"not_picked":["Unraveling","Metaphysics"],"picked":"Judgement","floor":16},{"not_picked":["FlyingSleeves","InnerPeace","FollowUp"],"picked":"Singing Bowl","floor":18},{"not_picked":["Conclude","EmptyMind"],"picked":"Weave+1","floor":20},{"not_picked":["EmptyFist","BowlingBash"],"picked":"ThirdEye+1","floor":22},{"not_picked":["EmptyBody","ForeignInfluence"],"picked":"TalkToTheHand","floor":23},{"not_picked":["EmptyBody","Crescendo"],"picked":"SandsOfTime","floor":25},{"not_picked":["Evaluate+1","EmptyFist+1","InnerPeace"],"picked":"Singing Bowl","floor":28},{"not_picked":["ForeignInfluence+1","Omniscience","EmptyBody+1"],"picked":"Singing Bowl","floor":30},{"not_picked":["EmptyMind","FearNoEvil"],"picked":"Weave","floor":31},{"not_picked":["Wallop","BattleHymn"],"picked":"Ragnarok","floor":33},{"not_picked":["Halt","JustLucky"],"picked":"ThirdEye","floor":35},{"not_picked":["FlyingSleeves","Worship+1","EmptyMind+1"],"picked":"Singing Bowl","floor":37}],"player_experience":323784,"relics_obtained":[{"floor":6,"key":"Calipers"},{"floor":8,"key":"Mercury Hourglass"},{"floor":9,"key":"Mango"},{"floor":12,"key":"Singing Bowl"},{"floor":23,"key":"Girya"},{"floor":26,"key":"Blue Candle"},{"floor":28,"key":"Regal Pillow"},{"floor":34,"key":"InkBottle"},{"floor":34,"key":"Matryoshka"},{"floor":34,"key":"Bird Faced Urn"}],"event_choices":[{"damage_healed":0,"gold_gain":175,"player_choice":"AGREE","damage_taken":0,"max_hp_gain":0,"max_hp_loss":0,"event_name":"Liars Game","floor":10,"gold_loss":0,"cards_obtained":["Doubt"]},{"damage_healed":0,"gold_gain":0,"player_choice":"Shed Blood","damage_taken":22,"max_hp_gain":5,"max_hp_loss":0,"event_name":"Forgotten Altar","floor":19,"gold_loss":0},{"damage_healed":0,"gold_gain":0,"player_choice":"Copied","damage_taken":0,"max_hp_gain":0,"max_hp_loss":0,"event_name":"Duplicator","floor":38,"gold_loss":0,"cards_obtained":["SandsOfTime"]}],"is_beta":true,"boss_relics":[{"not_picked":["Coffee Dripper","Fusion Hammer"],"picked":"SacredBark"},{"not_picked":["Astrolabe","Philosopher\u0027s Stone"],"picked":"Calling Bell"}],"items_purged_floors":[14,21,29],"is_endless":false,"potions_floor_spawned":[6,7,12,16,22,25,28,31,37],"killed_by":"Spire Growth","ascension_level":1}