{"gold_per_floor":[18,28,28,46,65,92,92,92,92,127,143,143,153,180,180,278,278,259,259,278,294,294,294],"floor_reached":23,"playtime":2296,"items_purged":[],"score":270,"play_id":"ba4fb665-07ae-4f29-b381-3b74483cc758","local_time":"20180714175016","is_ascension_mode":true,"campfire_choices":[{"data":"Metallicize","floor":7,"key":"SMITH"},{"data":"Barricade","floor":12,"key":"SMITH"},{"floor":15,"key":"REST"}],"neow_cost":"NO_GOLD","seed_source_timestamp":171498898249913,"circlet_count":0,"master_deck":["Strike_R","Strike_R","Strike_R","Strike_R","Strike_R","Defend_R","Defend_R","Defend_R","Defend_R","Bash","Shrug It Off","Flex","Metallicize+1","Seeing Red","Inflame","Barricade+1","Anger","Warcry","Thunderclap","Double Tap","Body Slam","Flex","Ghostly Armor","Writhe"],"relics":["Burning Blood","Juzu Bracelet","Gremlin Horn","Art of War","Pen Nib","Blue Candle","Black Star","Omamori"],"potions_floor_usage":[5,6,10,16,20,21,23],"damage_taken":[{"damage":8,"enemies":"Jaw Worm","floor":1,"turns":6},{"damage":2,"enemies":"Cultist","floor":2,"turns":4},{"damage":4,"enemies":"2 Louse","floor":4,"turns":3},{"damage":3,"enemies":"2 Fungi Beasts","floor":5,"turns":4},{"damage":22,"enemies":"Gremlin Nob","floor":6,"turns":4},{"damage":19,"enemies":"Lagavulin","floor":10,"turns":9},{"damage":0,"enemies":"Large Slime","floor":11,"turns":6},{"damage":20,"enemies":"3 Louse","floor":13,"turns":4},{"damage":18,"enemies":"3 Sentries","floor":14,"turns":8},{"damage":65,"enemies":"Hexaghost","floor":16,"turns":12},{"damage":17,"enemies":"2 Thieves","floor":18,"turns":4},{"damage":27,"enemies":"3 Byrds","floor":20,"turns":4},{"damage":28,"enemies":"Centurion and Healer","floor":21,"turns":9},{"damage":57,"enemies":"Gremlin Leader","floor":23,"turns":8}],"seed_played":"2265013443447751691","potions_obtained":[{"floor":2,"key":"FearPotion"},{"floor":3,"key":"EssenceOfSteel"},{"floor":3,"key":"Ancient Potion"},{"floor":5,"key":"GamblersBrew"},{"floor":13,"key":"Poison Potion"},{"floor":16,"key":"SkillPotion"},{"floor":18,"key":"LiquidBronze"},{"floor":20,"key":"BloodPotion"}],"is_trial":false,"path_per_floor":["M","M","?","M","M","E","R","?","T","E","M","R","M","E","R","B",null,"M","?","M","M","?"],"character_chosen":"IRONCLAD","items_purchased":[],"campfire_rested":1,"item_purchase_floors":[],"current_hp_per_floor":[94,96,96,96,96,80,80,77,77,64,70,70,56,44,72,13,96,85,85,64,42,42,0],"gold":294,"neow_bonus":"TWENTY_PERCENT_HP_BONUS","is_prod":false,"is_daily":false,"chose_seed":false,"campfire_upgraded":2,"win_rate":0,"timestamp":1531615816,"path_taken":["M","M","?","?","M","E","R","?","T","E","M","R","M","E","R","BOSS","M","?","M","M","?","E"],"build_version":"2018-07-13","purchased_purges":0,"victory":false,"max_hp_per_floor":[96,96,96,96,96,96,96,96,96,96,96,96,96,96,96,96,96,96,96,96,96,96,96],"card_choices":[{"not_picked":["Warcry","Feel No Pain"],"picked":"Shrug It Off","floor":1},{"not_picked":["Pummel","Intimidate"],"picked":"Flex","floor":2},{"not_picked":["Carnage","Iron Wave"],"picked":"Metallicize","floor":4},{"not_picked":["Battle Trance","Warcry"],"picked":"Seeing Red","floor":5},{"not_picked":["Wild Strike","Clothesline"],"picked":"Inflame","floor":6},{"not_picked":["Rampage","Thunderclap"],"picked":"Barricade","floor":10},{"not_picked":["Twin Strike","Disarm"],"picked":"Anger","floor":11},{"not_picked":["Clothesline","Wild Strike"],"picked":"Warcry","floor":13},{"not_picked":["Carnage","Uppercut"],"picked":"Thunderclap","floor":14},{"not_picked":["Bludgeon","Barricade"],"picked":"Double Tap","floor":16},{"not_picked":["Headbutt","Clothesline+1"],"picked":"Body Slam","floor":18},{"not_picked":["Heavy Blade+1","Disarm"],"picked":"Flex","floor":20},{"not_picked":["Sword Boomerang+1","Thunderclap"],"picked":"Ghostly Armor","floor":21}],"player_experience":156247,"relics_obtained":[{"floor":6,"key":"Juzu Bracelet"},{"floor":9,"key":"Art of War"},{"floor":10,"key":"Pen Nib"},{"floor":14,"key":"Blue Candle"}],"event_choices":[{"event_name":"The Lab","player_choice":"Got Potions","floor":3,"damage_taken":0},{"event_name":"Scrap Ooze","player_choice":"success","floor":8,"damage_taken":3},{"event_name":"Ghosts","player_choice":"Ignored","floor":19,"damage_taken":0},{"event_name":"The Mausoleum","player_choice":"Yes","floor":22,"damage_taken":0}],"boss_relics":[{"not_picked":["Runic Cube","Pandora\u0027s Box"],"picked":"Black Star"}],"items_purged_floors":[],"is_endless":false,"potions_floor_spawned":[2,4,5,13,16,18,20],"killed_by":"Gremlin Leader","ascension_level":3}