{"gold_per_floor":[110,110,125,73,123,123,148,148,148,167,167,183,213,224,224,321,371,391,402,413,55,55,55,83,83,161,86,86,111,111,141,141,237,237,252,72,87,99,118,118,144,20,20,53,53,66,84,94,94,94],"floor_reached":50,"playtime":4349,"items_purged":["Strike_G","Strike_G"],"score":763,"play_id":"4f38d206-6b97-42cb-a985-8cfb3caa4061","local_time":"20190517230655","is_ascension_mode":true,"campfire_choices":[{"data":"Neutralize","floor":6.0,"key":"SMITH"},{"data":"Blade Dance","floor":8.0,"key":"SMITH"},{"data":"Blade Dance","floor":11.0,"key":"SMITH"},{"floor":15.0,"key":"REST"},{"data":"Cloak And Dagger","floor":23,"key":"SMITH"},{"floor":25,"key":"REST"},{"data":"Bullet Time","floor":28,"key":"SMITH"},{"floor":32,"key":"REST"},{"floor":40,"key":"REST"},{"floor":45,"key":"REST"},{"floor":49,"key":"REST"}],"neow_cost":"NONE","seed_source_timestamp":0,"circlet_count":0,"master_deck":["Defend_G","Defend_G","Defend_G+1","Defend_G","Defend_G","Survivor+1","Neutralize+1","Cloak And Dagger+1","Blade Dance+1","Dodge and Roll+1","Dagger Throw","Blade Dance+1","A Thousand Cuts+1","Backstab","Cloak And Dagger","Bullet Time+1","Masterful Stab","Tactician","Blade Dance+1","Tactician","Infinite Blades+1","Accuracy+1","Accuracy+1","Escape Plan","Envenom+1","Footwork+1","Dagger Throw+1","Infinite Blades+1","Cloak And Dagger","Cloak And Dagger+1","Backstab"],"special_seed":0,"relics":["Ring of the Snake","War Paint","Bottled Lightning","Frozen Egg 2","Meat on the Bone","Tiny House","Sling","Question Card","Kunai","Tingsha","Singing Bowl","Empty Cage","Potion Belt","Bottled Tornado","Gremlin Horn"],"potions_floor_usage":[19,24,29,33,39,44,44,48,50,50,50],"damage_taken":[{"damage":5.0,"enemies":"Jaw Worm","floor":1.0,"turns":6.0},{"damage":5.0,"enemies":"Cultist","floor":3.0,"turns":4.0},{"damage":7.0,"enemies":"3 Sentries","floor":7.0,"turns":15.0},{"damage":0.0,"enemies":"2 Louse","floor":10.0,"turns":2.0},{"damage":2.0,"enemies":"Large Slime","floor":12.0,"turns":6.0},{"damage":22.0,"enemies":"Gremlin Nob","floor":13.0,"turns":4.0},{"damage":13.0,"enemies":"Blue Slaver","floor":14.0,"turns":2.0},{"damage":23.0,"enemies":"Hexaghost","floor":16.0,"turns":11.0},{"damage":16,"enemies":"Shell Parasite","floor":18,"turns":5},{"damage":10,"enemies":"2 Thieves","floor":19,"turns":4},{"damage":7,"enemies":"Snecko","floor":20,"turns":5},{"damage":16,"enemies":"Book of Stabbing","floor":24,"turns":4},{"damage":1,"enemies":"Slavers","floor":29,"turns":4},{"damage":27,"enemies":"Gremlin Leader","floor":31,"turns":5},{"damage":51,"enemies":"Automaton","floor":33,"turns":9},{"damage":4,"enemies":"3 Shapes","floor":35,"turns":4},{"damage":29,"enemies":"3 Darklings","floor":37,"turns":4},{"damage":9,"enemies":"4 Shapes","floor":38,"turns":4},{"damage":20,"enemies":"Sphere and 2 Shapes","floor":39,"turns":5},{"damage":13,"enemies":"Nemesis","floor":41,"turns":5},{"damage":33,"enemies":"Reptomancer","floor":44,"turns":5},{"damage":25,"enemies":"Spire Growth","floor":46,"turns":4},{"damage":3,"enemies":"4 Shapes","floor":47,"turns":3},{"damage":11,"enemies":"Sphere and 2 Shapes","floor":48,"turns":3},{"damage":95,"enemies":"Time Eater","floor":50,"turns":6}],"seed_played":"615171615906894612","potions_obtained":[{"floor":1.0,"key":"EssenceOfSteel"},{"floor":7.0,"key":"Weak Potion"},{"floor":14.0,"key":"Ancient Potion"},{"floor":16.0,"key":"Explosive Potion"},{"floor":17,"key":"SkillPotion"},{"floor":18,"key":"Energy Potion"},{"floor":20,"key":"Strength Potion"},{"floor":24,"key":"Energy Potion"},{"floor":33,"key":"LiquidBronze"},{"floor":35,"key":"Dexterity Potion"},{"floor":38,"key":"AttackPotion"},{"floor":39,"key":"Explosive Potion"},{"floor":44,"key":"Swift Potion"}],"is_trial":false,"path_per_floor":["M","?","M","$","T","R","E","R","T","M","R","M","E","M","R","B",null,"M","M","M","$","?","R","E","R","T","?","R","E","?","E","R","B",null,"M","$","M","M","M","R","E","$","T","E","R","M","M","M","R","B"],"character_chosen":"THE_SILENT","items_purchased":["Dodge and Roll","Sling","Infinite Blades+1","Footwork+1","GhostInAJar","Strength Potion"],"campfire_rested":6,"item_purchase_floors":[4,21,21,36,42,42],"current_hp_per_floor":[72,72,67,67,67,67,60,60,60,60,60,58,36,35,58,47,75,59,49,42,42,69,69,53,77,77,77,77,76,68,53,77,38,71,69,69,54,45,37,62,51,51,51,30,56,45,54,55,82,0],"gold":94,"neow_bonus":"TEN_PERCENT_HP_BONUS","is_prod":false,"is_daily":false,"chose_seed":false,"campfire_upgraded":5,"win_rate":0,"timestamp":1558159615,"path_taken":["M","?","M","$","?","R","E","R","T","M","R","M","E","M","R","BOSS","M","M","M","$","?","R","E","R","T","?","R","E","?","E","R","BOSS","M","$","?","?","M","R","E","$","T","E","R","M","?","M","R","BOSS"],"build_version":"2019-05-07","purchased_purges":2,"victory":false,"max_hp_per_floor":[77,77,77,77,77,77,77,77,77,77,77,77,77,77,77,77,82,82,82,82,82,82,82,82,82,82,82,82,82,82,82,82,82,82,84,84,86,86,86,86,88,88,88,88,88,90,90,90,90,90],"card_choices":[{"not_picked":["Terror","Flying Knee"],"picked":"Cloak And Dagger","floor":1.0},{"not_picked":["Cloak And Dagger","Outmaneuver"],"picked":"Blade Dance","floor":3.0},{"not_picked":["Reflex","Endless Agony"],"picked":"Dagger Throw","floor":7.0},{"not_picked":["Dagger Throw","Dagger Spray"],"picked":"Blade Dance","floor":10.0},{"not_picked":["Skewer","Outmaneuver"],"picked":"A Thousand Cuts+1","floor":12.0},{"not_picked":["Riddle With Holes","Bane"],"picked":"Backstab","floor":13.0},{"not_picked":["Deadly Poison","Underhanded Strike"],"picked":"Cloak And Dagger","floor":14.0},{"not_picked":["Doppelganger","Phantasmal Killer"],"picked":"Bullet Time","floor":16.0},{"not_picked":["Backflip","Quick Slash"],"picked":"Masterful Stab","floor":17},{"not_picked":["PiercingWail","Expertise"],"picked":"Tactician","floor":18},{"not_picked":["Prepared+1","Deflect"],"picked":"Blade Dance+1","floor":19},{"not_picked":["Masterful Stab","Slice"],"picked":"Tactician","floor":20},{"not_picked":["PiercingWail","Dash"],"picked":"Accuracy+1","floor":24},{"not_picked":["Noxious Fumes+1","Bullet Time","Finisher"],"picked":"Accuracy+1","floor":29},{"not_picked":["Setup","Deadly Poison","Slice"],"picked":"Escape Plan","floor":31},{"not_picked":["Glass Knife","Venomology","A Thousand Cuts+1"],"picked":"Envenom+1","floor":33},{"not_picked":["Predator","Deflect+1","Backflip+1","Flying Knee+1"],"picked":"Singing Bowl","floor":35},{"not_picked":["Underhanded Strike","Bane","Poisoned Stab","Setup+1"],"picked":"Singing Bowl","floor":37},{"not_picked":["Underhanded Strike+1","Crippling Poison","Deadly Poison"],"picked":"Dagger Throw+1","floor":38},{"not_picked":["Escape Plan","Cloak And Dagger+1","Poisoned Stab+1"],"picked":"Infinite Blades+1","floor":39},{"not_picked":["Slice","Crippling Poison","Tactician+1","Underhanded Strike"],"picked":"Singing Bowl","floor":41},{"not_picked":["Flying Knee+1","Flechettes+1","Noxious Fumes+1"],"picked":"Cloak And Dagger","floor":44},{"not_picked":["Burst","Underhanded Strike","Blade Dance","Riddle With Holes"],"picked":"Singing Bowl","floor":46},{"not_picked":["Underhanded Strike+1","Bouncing Flask+1","Dagger Throw"],"picked":"Cloak And Dagger+1","floor":47},{"not_picked":["Deadly Poison","Distraction+1","Sucker Punch+1"],"picked":"Backstab","floor":48}],"player_experience":295512,"relics_obtained":[{"floor":5.0,"key":"War Paint"},{"floor":7.0,"key":"Bottled Lightning"},{"floor":9.0,"key":"Frozen Egg 2"},{"floor":13.0,"key":"Meat on the Bone"},{"floor":24,"key":"Question Card"},{"floor":26,"key":"Kunai"},{"floor":29,"key":"Tingsha"},{"floor":31,"key":"Singing Bowl"},{"floor":41,"key":"Potion Belt"},{"floor":43,"key":"Bottled Tornado"},{"floor":44,"key":"Gremlin Horn"}],"event_choices":[{"damage_healed":0.0,"max_hp_gain":0.0,"max_hp_loss":0.0,"gold_gain":0.0,"event_name":"The Woman in Blue","player_choice":"Bought 0 Potions","floor":2.0,"gold_loss":0.0,"damage_taken":0.0},{"damage_healed":27,"gold_gain":0,"player_choice":"Heal","damage_taken":0,"max_hp_gain":0,"max_hp_loss":0,"event_name":"The Library","floor":22,"gold_loss":0},{"cards_removed":["Strike_G"],"damage_healed":0,"gold_gain":0,"player_choice":"Gave Gold","damage_taken":0,"max_hp_gain":0,"max_hp_loss":0,"event_name":"Beggar","floor":27,"gold_loss":75},{"damage_healed":0,"gold_gain":0,"player_choice":"","damage_taken":8,"max_hp_gain":0,"max_hp_loss":0,"event_name":"Knowing Skull","floor":30,"potions_obtained":[],"gold_loss":0,"cards_obtained":[]}],"is_beta":true,"boss_relics":[{"not_picked":["Coffee Dripper","Calling Bell"],"picked":"Tiny House"},{"not_picked":["HoveringKite","Pandora\u0027s Box"],"picked":"Empty Cage"}],"items_purged_floors":[21,36],"is_endless":false,"potions_floor_spawned":[1,7,14,16,18,20,24,33,35,38,39,44],"killed_by":"Time Eater","ascension_level":5}