{"gold_per_floor":[114,114,114,130,146,146,162,162,211,211,223,248,213,242,242,337,337,349,380,305,317,317,317,327,340,365,377,406,418,27,37,37,37],"floor_reached":33,"playtime":7192,"items_purged":["Strike_B"],"score":257,"play_id":"329d1a12-581e-43de-bb35-632d168d5c4c","local_time":"20190911195516","is_ascension_mode":false,"campfire_choices":[{"floor":6,"key":"RECALL"},{"floor":10,"key":"REST"},{"data":"Hello World","floor":15,"key":"SMITH"},{"floor":23,"key":"REST"},{"floor":27,"key":"REST"},{"floor":32,"key":"REST"}],"neow_cost":"PERCENT_DAMAGE","seed_source_timestamp":2282362749169400,"circlet_count":0,"master_deck":["Strike_B","Defend_B","Defend_B","Defend_B","Defend_B","Zap","Dualcast","Redo","Redo","Skim","Reinforced Body+1","Reprogram","Self Repair","Hello World+1","Electrodynamics","Cold Snap+1","Defragment","Self Repair","Sweeping Beam+1","FTL+1","Blizzard+1","Self Repair","Heatsinks","Violence","Leap","Glacier"],"relics":["Cracked Core","Smiling Mask","Orichalcum","Bag of Preparation","Molten Egg 2","Eternal Feather","Red Mask","MawBank"],"potions_floor_usage":[12,14,18,33,33,33],"damage_taken":[{"damage":5,"enemies":"Small Slimes","floor":1,"turns":3},{"damage":6,"enemies":"2 Louse","floor":4,"turns":2},{"damage":1,"enemies":"Jaw Worm","floor":5,"turns":3},{"damage":4,"enemies":"Blue Slaver","floor":7,"turns":4},{"damage":8,"enemies":"Exordium Thugs","floor":11,"turns":6},{"damage":15,"enemies":"3 Sentries","floor":12,"turns":7},{"damage":16,"enemies":"Lagavulin","floor":14,"turns":10},{"damage":24,"enemies":"Slime Boss","floor":16,"turns":12},{"damage":25,"enemies":"2 Thieves","floor":18,"turns":5},{"damage":48,"enemies":"Masked Bandits","floor":19,"turns":5},{"damage":0,"enemies":"Chosen","floor":21,"turns":6},{"damage":33,"enemies":"Sentry and Sphere","floor":24,"turns":6},{"damage":30,"enemies":"3 Cultists","floor":25,"turns":5},{"damage":25,"enemies":"Centurion and Healer","floor":28,"turns":8},{"damage":26,"enemies":"Snake Plant","floor":31,"turns":8},{"damage":105,"enemies":"Automaton","floor":33,"turns":12}],"seed_played":"1672276187902826820","potions_obtained":[{"floor":4,"key":"PowerPotion"},{"floor":7,"key":"Swift Potion"},{"floor":11,"key":"PowerPotion"},{"floor":14,"key":"GamblersBrew"},{"floor":18,"key":"Swift Potion"},{"floor":28,"key":"AttackPotion"}],"is_trial":false,"path_per_floor":["M","?","?","M","M","R","M","?","T","R","M","E","?","E","R","B",null,"M","?","?","M","T","R","M","M","T","R","M","?","$","M","R","B"],"character_chosen":"DEFECT","items_purchased":["Heatsinks","Regen Potion","Violence","Leap"],"campfire_rested":4,"item_purchase_floors":[30,30,30,30],"current_hp_per_floor":[63,56,49,43,42,42,38,38,38,64,56,41,63,54,54,30,89,64,23,23,30,30,65,46,30,30,68,57,57,57,52,89,0],"gold":37,"neow_bonus":"TWENTY_PERCENT_HP_BONUS","is_prod":false,"is_daily":false,"chose_seed":false,"campfire_upgraded":1,"win_rate":1,"timestamp":1568246116,"path_taken":["M","?","?","M","M","R","M","?","T","R","M","E","?","E","R","BOSS","M","?","?","M","?","R","M","?","T","R","M","?","$","M","R","BOSS"],"build_version":"2019-07-17","purchased_purges":1,"victory":false,"max_hp_per_floor":[89,89,89,89,89,89,89,89,89,89,89,89,89,89,89,89,89,89,89,89,89,89,89,89,89,89,89,89,89,89,89,89,89],"card_choices":[{"not_picked":["Cold Snap","Compile Driver"],"picked":"Redo","floor":1},{"not_picked":["Force Field","Go for the Eyes"],"picked":"Redo","floor":4},{"not_picked":["Compile Driver","Steam"],"picked":"Skim","floor":5},{"not_picked":["Redo","Rebound"],"picked":"Reinforced Body","floor":7},{"not_picked":["Redo","Sweeping Beam"],"picked":"Reprogram","floor":11},{"not_picked":["Rebound","Gash"],"picked":"Self Repair","floor":12},{"not_picked":["Self Repair","Chaos"],"picked":"Hello World","floor":14},{"not_picked":["Rainbow","Thunder Strike+1"],"picked":"Electrodynamics","floor":16},{"not_picked":["Blizzard+1","Compile Driver+1"],"picked":"Cold Snap+1","floor":18},{"not_picked":["Gash+1","Beam Cell+1"],"picked":"Defragment","floor":19},{"not_picked":["Redo","Gash+1"],"picked":"Self Repair","floor":21},{"not_picked":["Redo","Hologram+1"],"picked":"Sweeping Beam+1","floor":24},{"not_picked":["Cold Snap+1","Reboot"],"picked":"FTL+1","floor":25},{"not_picked":["Coolheaded","Go for the Eyes+1"],"picked":"Blizzard+1","floor":28},{"not_picked":["Coolheaded","Streamline+1"],"picked":"Glacier","floor":31}],"player_experience":75525,"relics_obtained":[{"floor":9,"key":"Orichalcum"},{"floor":12,"key":"Bag of Preparation"},{"floor":14,"key":"Molten Egg 2"},{"floor":19,"key":"Red Mask"},{"floor":26,"key":"MawBank"}],"event_choices":[{"damage_healed":0,"gold_gain":0,"player_choice":"Success","damage_taken":7,"relics_obtained":["Smiling Mask"],"max_hp_gain":0,"max_hp_loss":0,"event_name":"Scrap Ooze","floor":2,"gold_loss":0},{"cards_removed":["Strike_B"],"damage_healed":0,"gold_gain":0,"player_choice":"Card Removal","damage_taken":7,"max_hp_gain":0,"max_hp_loss":0,"event_name":"Golden Wing","floor":3,"gold_loss":0},{"damage_healed":0,"gold_gain":0,"player_choice":"Grow","damage_taken":0,"max_hp_gain":0,"max_hp_loss":0,"event_name":"Living Wall","floor":8,"gold_loss":0,"cards_upgraded":["Reinforced Body"]},{"damage_healed":22,"gold_gain":0,"player_choice":"Healed","damage_taken":0,"max_hp_gain":0,"max_hp_loss":0,"event_name":"The Cleric","floor":13,"gold_loss":35},{"damage_healed":0,"gold_gain":0,"player_choice":"Fought Bandits","damage_taken":0,"max_hp_gain":0,"max_hp_loss":0,"event_name":"Masked Bandits","floor":19,"gold_loss":0},{"cards_removed":["Strike_B"],"damage_healed":0,"gold_gain":0,"player_choice":"Gave Gold","damage_taken":0,"max_hp_gain":0,"max_hp_loss":0,"event_name":"Beggar","floor":20,"gold_loss":75},{"damage_healed":0,"gold_gain":0,"player_choice":"Copied","damage_taken":0,"max_hp_gain":0,"max_hp_loss":0,"event_name":"Duplicator","floor":29,"gold_loss":0,"cards_obtained":["Self Repair"]}],"is_beta":false,"boss_relics":[{"not_picked":["Ectoplasm","Runic Dome"],"picked":"Eternal Feather"}],"items_purged_floors":[30],"is_endless":false,"potions_floor_spawned":[4,7,11,14,18,28,31],"killed_by":"Automaton","ascension_level":0}