{"gold_per_floor":[110,110,110,128,141,141,160,178,178,209,209,282,282,282,282,403,403,424,437,536,536,536,536,536],"floor_reached":24,"playtime":1567,"items_purged":[],"score":196,"play_id":"2267c12f-45bf-4b16-bbd4-8933370dcb2b","local_time":"20190905163001","is_ascension_mode":false,"campfire_choices":[{"data":"All Out Attack","floor":6,"key":"SMITH"},{"floor":15,"key":"REST"},{"floor":23,"key":"REST"}],"neow_cost":"NONE","seed_source_timestamp":1757282050200700,"circlet_count":0,"master_deck":["Strike_G","Strike_G","Strike_G","Strike_G","Defend_G","Defend_G","Defend_G","Defend_G","Defend_G","Survivor","Neutralize","Slice","All Out Attack+1","Blur","Predator","Noxious Fumes","Expertise","Phantasmal Killer","Infinite Blades+1"],"relics":["Ring of the Snake","Boot","Juzu Bracelet","Snake Skull","Dodecahedron","Golden Idol","Empty Cage"],"potions_floor_usage":[16,16,21,24],"damage_taken":[{"damage":2,"enemies":"Small Slimes","floor":1,"turns":4},{"damage":0,"enemies":"Cultist","floor":4,"turns":3},{"damage":0,"enemies":"Jaw Worm","floor":5,"turns":5},{"damage":3,"enemies":"Large Slime","floor":7,"turns":6},{"damage":0,"enemies":"Exordium Wildlife","floor":8,"turns":2},{"damage":24,"enemies":"Lagavulin","floor":10,"turns":8},{"damage":69,"enemies":"The Guardian","floor":16,"turns":11},{"damage":29,"enemies":"3 Byrds","floor":18,"turns":5},{"damage":33,"enemies":"Chosen","floor":19,"turns":6},{"damage":0,"enemies":"3 Cultists","floor":21,"turns":3},{"damage":44,"enemies":"Masked Bandits","floor":24,"turns":3}],"seed_played":"-2925664105638878087","potions_obtained":[{"floor":3,"key":"SmokeBomb"},{"floor":3,"key":"Regen Potion"},{"floor":5,"key":"AttackPotion"},{"floor":19,"key":"Energy Potion"}],"is_trial":false,"path_per_floor":["M","?","?","M","M","R","M","M","T","E","?","?","?","?","R","B",null,"M","M","?","M","?","R","?"],"character_chosen":"THE_SILENT","items_purchased":[],"campfire_rested":2,"item_purchase_floors":[],"current_hp_per_floor":[68,73,73,73,73,73,70,70,70,46,39,39,57,39,61,7,72,43,10,10,10,10,31,0],"gold":536,"neow_bonus":"RANDOM_COMMON_RELIC","is_prod":false,"is_daily":false,"chose_seed":false,"campfire_upgraded":1,"win_rate":0,"timestamp":1567715401,"path_taken":["M","?","?","M","M","R","M","?","T","E","?","?","?","?","R","BOSS","M","M","?","M","?","R","?"],"build_version":"2019-07-17","purchased_purges":0,"victory":false,"max_hp_per_floor":[70,75,75,75,75,75,75,75,75,75,75,75,75,75,75,75,72,72,72,72,72,72,72,72],"card_choices":[{"not_picked":["Dagger Throw","Outmaneuver"],"picked":"Slice","floor":1},{"not_picked":["Dagger Throw","Reflex"],"picked":"All Out Attack","floor":4},{"not_picked":["Dodge and Roll","Catalyst"],"picked":"Blur","floor":5},{"not_picked":["Riddle With Holes","Bane"],"picked":"Predator","floor":7},{"not_picked":["Outmaneuver","Slice"],"picked":"Noxious Fumes","floor":8},{"not_picked":["Bane","PiercingWail"],"picked":"Expertise","floor":10},{"not_picked":["Venomology","Night Terror"],"picked":"Phantasmal Killer","floor":16},{"not_picked":["Quick Slash","Bane","Dodge and Roll+1"],"picked":"SKIP","floor":18},{"not_picked":["Sucker Punch","Blur"],"picked":"Infinite Blades+1","floor":19}],"player_experience":21688,"relics_obtained":[{"floor":9,"key":"Juzu Bracelet"},{"floor":10,"key":"Snake Skull"}],"event_choices":[{"damage_healed":0,"gold_gain":0,"player_choice":"Donut","damage_taken":0,"max_hp_gain":5,"max_hp_loss":0,"event_name":"Big Fish","floor":2,"gold_loss":0},{"damage_healed":0,"gold_gain":0,"player_choice":"Got Potions","damage_taken":0,"max_hp_gain":0,"max_hp_loss":0,"event_name":"Lab","floor":3,"gold_loss":0},{"damage_healed":0,"gold_gain":0,"player_choice":"Success","damage_taken":7,"relics_obtained":["Dodecahedron"],"max_hp_gain":0,"max_hp_loss":0,"event_name":"Scrap Ooze","floor":11,"gold_loss":0},{"damage_healed":0,"gold_gain":73,"player_choice":"Gained Gold","damage_taken":0,"max_hp_gain":0,"max_hp_loss":0,"event_name":"Golden Wing","floor":12,"gold_loss":0},{"damage_healed":18,"gold_gain":0,"player_choice":"Healed and dodged fight","damage_taken":0,"max_hp_gain":0,"max_hp_loss":0,"event_name":"Mushrooms","floor":13,"gold_loss":0,"cards_obtained":["Parasite"]},{"damage_healed":0,"gold_gain":0,"player_choice":"Take Damage","damage_taken":18,"relics_obtained":["Golden Idol"],"max_hp_gain":0,"max_hp_loss":0,"event_name":"Golden Idol","floor":14,"gold_loss":0},{"damage_healed":0,"gold_gain":99,"player_choice":"Stole From Cult","damage_taken":0,"max_hp_gain":0,"max_hp_loss":0,"event_name":"Nest","floor":20,"gold_loss":0},{"damage_healed":0,"gold_gain":0,"player_choice":"Ignored","damage_taken":0,"max_hp_gain":0,"max_hp_loss":0,"event_name":"Ghosts","floor":22,"gold_loss":0},{"damage_healed":0,"gold_gain":0,"player_choice":"Fought Bandits","damage_taken":0,"max_hp_gain":0,"max_hp_loss":0,"event_name":"Masked Bandits","floor":24,"gold_loss":0}],"is_beta":false,"boss_relics":[{"not_picked":["Fusion Hammer","Eternal Feather"],"picked":"Empty Cage"}],"items_purged_floors":[],"is_endless":false,"potions_floor_spawned":[5,8,10,19],"killed_by":"Masked Bandits","ascension_level":0}