{"gold_per_floor":[113,38,48,65,15,15,15,15,41,60,70,85,117,117,117,216,216,230,329,347,262,262,262,278,278,278,278,304,53,65,85,85,187,187,201,201,215,230,105,105,105,105,105,125,125,135,135,89,89,89],"floor_reached":50,"playtime":1884,"items_purged":["Strike_B","Defend_B","Strike_B"],"score":462,"play_id":"75549bfd-44f3-4853-aba1-3595f1d4cb0b","local_time":"20190911152846","is_ascension_mode":false,"campfire_choices":[{"data":"Zap","floor":6,"key":"SMITH"},{"data":"Dualcast","floor":8,"key":"SMITH"},{"floor":15,"key":"REST"},{"data":"Defragment","floor":23,"key":"SMITH"},{"data":"Loop","floor":25,"key":"SMITH"},{"data":"Echo Form","floor":27,"key":"SMITH"},{"floor":32,"key":"REST"},{"data":"White Noise","floor":40,"key":"SMITH"},{"floor":41,"key":"DIG"},{"floor":42,"key":"DIG"},{"data":"Defragment","floor":45,"key":"SMITH"},{"floor":49,"key":"DIG"}],"neow_cost":"NONE","seed_source_timestamp":70147872205199,"circlet_count":0,"master_deck":["Strike_B","Strike_B","Defend_B","Defend_B","Zap+1","Dualcast+1","White Noise+1","Conserve Battery","Machine Learning","Defragment+1","Gash","Cold Snap","Echo Form+1","Loop+1","Undo+1","White Noise+1","Defragment+1","Gash"],"relics":["Cracked Core","NlothsMask","Thread and Needle","Cursed Key","Shovel","Toy Ornithopter","WingedGreaves","Runic Capacitor","Runic Pyramid","Shuriken","Vajra","Incense Burner"],"potions_floor_usage":[13,33,35,46,50],"damage_taken":[{"damage":5,"enemies":"Small Slimes","floor":1,"turns":3},{"damage":1,"enemies":"Cultist","floor":3,"turns":4},{"damage":7,"enemies":"2 Louse","floor":4,"turns":3},{"damage":6,"enemies":"Exordium Wildlife","floor":10,"turns":3},{"damage":0,"enemies":"Large Slime","floor":11,"turns":5},{"damage":14,"enemies":"3 Louse","floor":12,"turns":3},{"damage":21,"enemies":"Gremlin Nob","floor":13,"turns":4},{"damage":22,"enemies":"The Guardian","floor":16,"turns":11},{"damage":3,"enemies":"Shell Parasite","floor":18,"turns":7},{"damage":8,"enemies":"Spheric Guardian","floor":20,"turns":4},{"damage":13,"enemies":"Centurion and Healer","floor":24,"turns":7},{"damage":18,"enemies":"Book of Stabbing","floor":28,"turns":7},{"damage":12,"enemies":"Chosen and Byrds","floor":30,"turns":5},{"damage":0,"enemies":"Snake Plant","floor":31,"turns":5},{"damage":6,"enemies":"Automaton","floor":33,"turns":11},{"damage":0,"enemies":"3 Darklings","floor":35,"turns":8},{"damage":3,"enemies":"Orb Walker","floor":37,"turns":4},{"damage":3,"enemies":"Sphere and 2 Shapes","floor":38,"turns":5},{"damage":3,"enemies":"3 Darklings","floor":44,"turns":6},{"damage":0,"enemies":"4 Shapes","floor":46,"turns":4},{"damage":92,"enemies":"Awakened One","floor":50,"turns":3}],"seed_played":"-884523761181358556","potions_obtained":[{"floor":4,"key":"SneckoOil"},{"floor":10,"key":"EssenceOfSteel"},{"floor":13,"key":"Energy Potion"},{"floor":16,"key":"FearPotion"},{"floor":28,"key":"Block Potion"},{"floor":30,"key":"EssenceOfSteel"},{"floor":33,"key":"Explosive Potion"},{"floor":37,"key":"DuplicationPotion"}],"is_trial":false,"path_per_floor":["M","$","M","M","?","R","?","R","T","M","M","M","E","?","R","B",null,"M","?","M","?","?","R","M","R","T","R","E","$","M","M","R","B",null,"M","?","M","M","$","R","R","R","T","M","R","M","?","$","R","B"],"character_chosen":"DEFECT","items_purchased":["Runic Capacitor","Gash"],"campfire_rested":2,"item_purchase_floors":[29,48],"current_hp_per_floor":[77,77,76,69,69,69,69,69,69,63,63,49,28,28,52,30,82,79,79,71,71,71,71,58,58,58,58,40,40,28,28,52,51,82,82,82,79,76,76,76,76,76,76,73,73,78,78,78,78,0],"gold":89,"neow_bonus":"TEN_PERCENT_HP_BONUS","is_prod":false,"is_daily":false,"chose_seed":false,"campfire_upgraded":7,"win_rate":0,"timestamp":1568183326,"path_taken":["M","$","M","M","?","R","?","R","T","M","M","?","E","?","R","BOSS","M","?","M","?","?","R","?","R","T","R","E","$","M","M","R","BOSS","M","?","?","M","$","R","R","R","T","M","R","M","?","?","R","BOSS"],"build_version":"2019-09-10","purchased_purges":3,"victory":false,"max_hp_per_floor":[82,82,82,82,82,82,82,82,82,82,82,82,82,82,82,82,82,82,82,82,82,82,82,82,82,82,82,82,82,82,82,82,82,82,82,82,82,82,82,82,82,82,82,82,82,82,82,82,82,82],"card_choices":[{"not_picked":["Streamline","Darkness"],"picked":"White Noise","floor":1},{"not_picked":["Stack","Rebound"],"picked":"Conserve Battery","floor":3},{"not_picked":["Sweeping Beam","Leap","Double Energy"],"picked":"SKIP","floor":4},{"not_picked":["Compile Driver","Streamline"],"picked":"Machine Learning","floor":10},{"not_picked":["Tempest","Streamline"],"picked":"Defragment","floor":11},{"not_picked":["Beam Cell","Chaos"],"picked":"Gash","floor":12},{"not_picked":["Hologram","Conserve Battery"],"picked":"Cold Snap","floor":13},{"not_picked":["Machine Learning","Creative AI"],"picked":"Echo Form","floor":16},{"not_picked":["Scrape","Redo"],"picked":"Loop","floor":18},{"not_picked":["Turbo","Sweeping Beam","Steam"],"picked":"SKIP","floor":20},{"not_picked":["Doom and Gloom","Sweeping Beam","Go for the Eyes"],"picked":"SKIP","floor":24},{"not_picked":["Hello World","Barrage+1"],"picked":"Undo+1","floor":28},{"not_picked":["Coolheaded","Undo+1","Stack"],"picked":"SKIP","floor":30},{"not_picked":["Steam","Blizzard","Skim"],"picked":"SKIP","floor":31},{"not_picked":["Beam Cell","Doom and Gloom+1","Leap"],"picked":"SKIP","floor":35},{"not_picked":["Go for the Eyes","Beam Cell+1"],"picked":"White Noise+1","floor":37},{"not_picked":["Blizzard","Reprogram","Steam"],"picked":"SKIP","floor":38},{"not_picked":["Cold Snap","Heatsinks+1"],"picked":"Defragment","floor":44},{"not_picked":["Meteor Strike","Steam","Auto Shields"],"picked":"SKIP","floor":46}],"player_experience":420355,"relics_obtained":[{"floor":13,"key":"Thread and Needle"},{"floor":28,"key":"WingedGreaves"},{"floor":41,"key":"Shuriken"},{"floor":42,"key":"Vajra"},{"floor":49,"key":"Incense Burner"}],"event_choices":[{"cards_removed":["Defend_B"],"damage_healed":0,"gold_gain":0,"player_choice":"Card Removal","damage_taken":0,"max_hp_gain":0,"max_hp_loss":0,"event_name":"The Cleric","floor":5,"gold_loss":50},{"damage_healed":0,"gold_gain":0,"player_choice":"Trade","damage_taken":0,"relics_obtained":["NlothsMask"],"max_hp_gain":0,"max_hp_loss":0,"event_name":"FaceTrader","floor":7,"gold_loss":0},{"damage_healed":0,"gold_gain":0,"player_choice":"Ignored","damage_taken":0,"max_hp_gain":0,"max_hp_loss":0,"event_name":"Liars Game","floor":14,"gold_loss":0},{"damage_healed":0,"gold_gain":99,"player_choice":"Stole From Cult","damage_taken":0,"max_hp_gain":0,"max_hp_loss":0,"event_name":"Nest","floor":19,"gold_loss":0},{"damage_healed":0,"gold_gain":0,"player_choice":"Obtained Relic","damage_taken":0,"relics_obtained":["Shovel"],"max_hp_gain":0,"max_hp_loss":0,"event_name":"Addict","floor":21,"gold_loss":85},{"damage_healed":0,"gold_gain":0,"player_choice":"Gave Potion","damage_taken":0,"relics_obtained":["Toy Ornithopter"],"max_hp_gain":0,"max_hp_loss":0,"event_name":"WeMeetAgain","floor":22,"gold_loss":0},{"damage_healed":0,"gold_gain":0,"player_choice":"Ignored","damage_taken":0,"max_hp_gain":0,"max_hp_loss":0,"event_name":"SecretPortal","floor":36,"gold_loss":0},{"damage_healed":0,"gold_gain":0,"player_choice":"Ignored","damage_taken":0,"max_hp_gain":0,"max_hp_loss":0,"event_name":"Mysterious Sphere","floor":47,"gold_loss":0}],"is_beta":true,"boss_relics":[{"not_picked":["Ectoplasm","Inserter"],"picked":"Cursed Key"},{"not_picked":["Velvet Choker","Nuclear Battery"],"picked":"Runic Pyramid"}],"items_purged_floors":[2,29,39],"is_endless":false,"potions_floor_spawned":[4,10,13,16,28,30,33,37,38],"killed_by":"Awakened One","ascension_level":0}