{"gold_per_floor":[118,136,136,136,154,154,182,182,208,208,222,232,252,272,272,368,368,386,62,76,89,89,14,33,33,84,103,137,137,137,156,156,256,256,273,273,273,350,360,360,385,385,408,408,428,0,17,31,31,31],"floor_reached":50,"playtime":2278,"items_purged":["Survivor"],"score":521,"play_id":"473396f9-8938-4ff0-882b-e0ed10ce4c12","local_time":"20190903212438","is_ascension_mode":false,"campfire_choices":[{"data":"Envenom","floor":6.0,"key":"SMITH"},{"floor":8.0,"key":"REST"},{"data":"Deadly Poison","floor":10.0,"key":"SMITH"},{"floor":15.0,"key":"REST"},{"floor":25.0,"key":"REST"},{"floor":29.0,"key":"REST"},{"data":"Riddle With Holes","floor":32.0,"key":"SMITH"},{"floor":40.0,"key":"REST"},{"floor":42.0,"key":"REST"},{"floor":49.0,"key":"REST"}],"neow_cost":"NONE","seed_source_timestamp":158744381545182,"circlet_count":0,"master_deck":["Strike_G+1","Strike_G+1","Strike_G+1","Strike_G+1","Strike_G+1","Defend_G+1","Defend_G+1","Defend_G+1","Defend_G+1","Defend_G+1","Neutralize+1","Envenom+1","Riddle With Holes+1","Deadly Poison+1","Dodge and Roll+1","Riddle With Holes+1","PiercingWail+1","Terror+1","Poisoned Stab+1","Doppelganger+1","Riddle With Holes+1","Catalyst+1","Footwork+1","Bane+1","Crippling Poison+1","Catalyst+1","Escape Plan+1","Crippling Poison+1","Outmaneuver+1","Bullet Time+1","Flechettes+1","Bouncing Flask+1","Terror+1","Phantasmal Killer+1"],"special_seed":0,"relics":["Ring of the Snake","Bronze Scales","Toxic Egg 2","Centennial Puzzle","Snecko Eye","Happy Flower","Regal Pillow","Torii","Black Star","Mark of the Bloom","Bottled Tornado","Vajra","Ornamental Fan","Blood Vial","Red Mask"],"potions_floor_usage":[],"damage_taken":[{"damage":6.0,"enemies":"Cultist","floor":1.0,"turns":4.0},{"damage":4.0,"enemies":"2 Louse","floor":2.0,"turns":3.0},{"damage":0.0,"enemies":"Small Slimes","floor":5.0,"turns":3.0},{"damage":22.0,"enemies":"3 Sentries","floor":7.0,"turns":8.0},{"damage":24.0,"enemies":"Gremlin Gang","floor":11.0,"turns":5.0},{"damage":0.0,"enemies":"Lots of Slimes","floor":12.0,"turns":1.0},{"damage":8.0,"enemies":"Red Slaver","floor":13.0,"turns":3.0},{"damage":7.0,"enemies":"3 Louse","floor":14.0,"turns":2.0},{"damage":20.0,"enemies":"Hexaghost","floor":16.0,"turns":6.0},{"damage":8.0,"enemies":"Shell Parasite","floor":18.0,"turns":4.0},{"damage":6.0,"enemies":"Chosen","floor":20.0,"turns":4.0},{"damage":0.0,"enemies":"Snake Plant","floor":21.0,"turns":3.0},{"damage":4.0,"enemies":"3 Cultists","floor":24.0,"turns":3.0},{"damage":12.0,"enemies":"Centurion and Healer","floor":27.0,"turns":3.0},{"damage":39.0,"enemies":"Slavers","floor":28.0,"turns":4.0},{"damage":0.0,"enemies":"Snake Plant","floor":31.0,"turns":4.0},{"damage":46.0,"enemies":"Collector","floor":33.0,"turns":4.0},{"damage":22.0,"enemies":"3 Shapes","floor":35.0,"turns":3.0},{"damage":0.0,"enemies":"3 Darklings","floor":39.0,"turns":3.0},{"damage":1.0,"enemies":"Giant Head","floor":41.0,"turns":4.0},{"damage":0.0,"enemies":"Transient","floor":45.0,"turns":5.0},{"damage":0.0,"enemies":"4 Shapes","floor":47.0,"turns":2.0},{"damage":8.0,"enemies":"Jaw Worm Horde","floor":48.0,"turns":2.0},{"damage":20,"enemies":"Donu and Deca","floor":50,"turns":2}],"seed_played":"4656205447395518405","potions_obtained":[{"floor":1.0,"key":"Strength Potion"},{"floor":2.0,"key":"AttackPotion"},{"floor":12.0,"key":"PowerPotion"},{"floor":14.0,"key":"GhostInAJar"},{"floor":18.0,"key":"Explosive Potion"},{"floor":24.0,"key":"Strength Potion"},{"floor":31.0,"key":"Strength Potion"},{"floor":33.0,"key":"Block Potion"},{"floor":35.0,"key":"Block Potion"},{"floor":39.0,"key":"AttackPotion"},{"floor":41.0,"key":"Dexterity Potion"}],"is_trial":false,"path_per_floor":["M","M","?","?","M","R","E","R","T","R","M","M","M","M","R","B",null,"M","$","M","M","$","$","M","R","T","M","E","R","?","M","R","B",null,"M","?","?","T","M","R","E","R","T","?","M","?","M","M","R","B"],"character_chosen":"THE_SILENT","items_purchased":["Catalyst+1","Happy Flower","Footwork","Crippling Poison+1"],"campfire_rested":7,"item_purchase_floors":[19,19,19,23],"current_hp_per_floor":[64,60,60,60,60,60,38,59,59,59,35,35,27,20,41,21,70,62,62,56,56,56,56,52,70,70,58,19,55,55,55,55,9,70,48,48,48,48,48,48,47,47,47,47,47,47,47,39,39,19],"gold":31,"neow_bonus":"ONE_RANDOM_RARE_CARD","is_prod":false,"is_daily":false,"chose_seed":false,"campfire_upgraded":3,"win_rate":0.0,"timestamp":1567571078,"path_taken":["M","?","?","?","M","R","E","R","T","R","M","M","M","M","R","BOSS","M","$","?","?","?","$","M","R","T","M","E","R","?","M","R","BOSS","M","?","?","?","M","R","E","R","T","?","M","?","?","M","R","BOSS"],"build_version":"2019-07-17","purchased_purges":1,"victory":false,"max_hp_per_floor":[70,70,70,70,70,70,70,70,70,70,70,70,70,70,70,70,70,70,70,70,70,70,70,70,70,70,70,70,70,70,70,70,70,70,70,70,70,70,70,70,70,70,70,70,70,70,70,70,70,70],"card_choices":[{"not_picked":["Predator","Sucker Punch"],"picked":"Riddle With Holes","floor":1.0},{"not_picked":["Acrobatics","Deflect"],"picked":"Deadly Poison","floor":2.0},{"not_picked":["Backflip","Underhanded Strike"],"picked":"Dodge and Roll","floor":5.0},{"not_picked":["Eviscerate","All Out Attack"],"picked":"Riddle With Holes","floor":7.0},{"not_picked":["Dagger Throw","Slice"],"picked":"Die Die Die","floor":11.0},{"not_picked":["Slice","Dagger Spray"],"picked":"PiercingWail+1","floor":12.0},{"not_picked":["Caltrops","Dodge and Roll+1"],"picked":"Terror+1","floor":13.0},{"not_picked":["Dagger Throw","Underhanded Strike"],"picked":"Poisoned Stab","floor":14.0},{"not_picked":["Tools of the Trade","Night Terror+1"],"picked":"Doppelganger+1","floor":16.0},{"not_picked":["Slice","Dodge and Roll+1"],"picked":"Riddle With Holes","floor":18.0},{"not_picked":["Blade Dance+1","Dagger Spray+1"],"picked":"Bane+1","floor":20.0},{"not_picked":["Sucker Punch+1","Prepared+1","Flying Knee"],"picked":"SKIP","floor":21.0},{"not_picked":["Sucker Punch","Deflect+1","Prepared+1"],"picked":"SKIP","floor":24.0},{"not_picked":["Caltrops","Venomology+1"],"picked":"Catalyst+1","floor":27.0},{"not_picked":["Underhanded Strike","Riddle With Holes"],"picked":"Escape Plan+1","floor":28.0},{"not_picked":["Blade Dance+1","Prepared+1"],"picked":"Outmaneuver+1","floor":31.0},{"not_picked":["Die Die Die","Unload"],"picked":"Bullet Time+1","floor":33.0},{"not_picked":["Tactician+1","Dodge and Roll+1"],"picked":"Flechettes+1","floor":35.0},{"not_picked":["Underhanded Strike","Dagger Throw+1","Quick Slash+1"],"picked":"SKIP","floor":39.0},{"not_picked":["Sucker Punch","Underhanded Strike+1","Infinite Blades"],"picked":"SKIP","floor":41.0},{"not_picked":["Deadly Poison+1","Footwork+1"],"picked":"Bouncing Flask+1","floor":45.0},{"not_picked":["Dagger Spray","PiercingWail+1"],"picked":"Terror+1","floor":47.0},{"not_picked":["Slice","Flying Knee"],"picked":"Phantasmal Killer+1","floor":48.0}],"player_experience":43995,"relics_obtained":[{"floor":7.0,"key":"Toxic Egg 2"},{"floor":9.0,"key":"Centennial Puzzle"},{"floor":26.0,"key":"Regal Pillow"},{"floor":28.0,"key":"Torii"},{"floor":38.0,"key":"Bottled Tornado"},{"floor":41.0,"key":"Vajra"},{"floor":41.0,"key":"Ornamental Fan"},{"floor":43.0,"key":"Blood Vial"}],"event_choices":[{"damage_healed":0.0,"max_hp_gain":0.0,"max_hp_loss":0.0,"gold_gain":0.0,"event_name":"Big Fish","player_choice":"Box","floor":3.0,"gold_loss":0.0,"damage_taken":0.0,"relics_obtained":["Bronze Scales"],"cards_obtained":["Regret"]},{"cards_removed":["Regret"],"damage_healed":0.0,"max_hp_gain":0.0,"max_hp_loss":0.0,"gold_gain":0.0,"event_name":"Fountain of Cleansing","player_choice":"Removed Curses","floor":4.0,"gold_loss":0.0,"damage_taken":0.0},{"damage_healed":0.0,"max_hp_gain":0.0,"max_hp_loss":0.0,"gold_gain":0.0,"event_name":"Duplicator","player_choice":"Copied","floor":30.0,"gold_loss":0.0,"damage_taken":0.0,"cards_obtained":["Crippling Poison"]},{"damage_healed":0.0,"max_hp_gain":0.0,"max_hp_loss":0.0,"gold_gain":0.0,"event_name":"Mysterious Sphere","player_choice":"Ignored","floor":36.0,"gold_loss":0.0,"damage_taken":0.0},{"damage_healed":0.0,"max_hp_gain":0.0,"max_hp_loss":0.0,"gold_gain":0.0,"event_name":"MindBloom","player_choice":"Upgrade","floor":37.0,"gold_loss":0.0,"damage_taken":0.0,"cards_upgraded":["Strike_G","Strike_G","Strike_G","Strike_G","Strike_G","Defend_G","Defend_G","Defend_G","Defend_G","Defend_G","Neutralize","Riddle With Holes","Dodge and Roll","Die Die Die","Poisoned Stab","Riddle With Holes","Footwork"],"relics_obtained":["Mark of the Bloom"]},{"cards_removed":["Die Die Die"],"damage_healed":0.0,"max_hp_gain":0.0,"max_hp_loss":0.0,"gold_gain":0.0,"event_name":"Falling","player_choice":"Removed Attack","floor":44.0,"gold_loss":0.0,"damage_taken":0.0},{"damage_healed":0.0,"max_hp_gain":0.0,"max_hp_loss":0.0,"gold_gain":0.0,"event_name":"Tomb of Lord Red Mask","player_choice":"Paid","floor":46.0,"gold_loss":428.0,"damage_taken":0.0,"relics_obtained":["Red Mask"]}],"is_beta":false,"boss_relics":[{"not_picked":["Ring of the Serpent","Runic Dome"],"picked":"Snecko Eye"},{"not_picked":["White Beast Statue","Philosopher\u0027s Stone"],"picked":"Black Star"}],"items_purged_floors":[19],"is_endless":false,"potions_floor_spawned":[1,2,12,14,18,24,31,33,35,39,41],"killed_by":"Donu and Deca","ascension_level":0}