{"path_per_floor":["M","M","M","$","M","R","E","R","T","R","?","E","M","M","R","B",null,"M","M","M"],"character_chosen":"THE_SILENT","items_purchased":["Footwork"],"gold_per_floor":[113,126,144,1,16,16,45,45,45,45,120,149,165,182,182,284,284,271,290,310,310],"floor_reached":21,"campfire_rested":2,"playtime":2999,"current_hp_per_floor":[66,60,60,60,60,60,38,59,59,59,48,47,39,29,50,44,70,70,60,35,0],"items_purged":["Strike_G"],"gold":310,"score":193,"play_id":"95ee13f7-444f-4933-8cb8-720fcb422817","local_time":"20180429214223","is_prod":false,"is_daily":false,"chose_seed":false,"is_ascension_mode":false,"campfire_upgraded":2,"timestamp":1525063343,"path_taken":["M","M","M","$","?","R","E","R","T","R","?","E","M","M","R","BOSS","M","M","?","?"],"build_version":"2018-04-27v3","seed_source_timestamp":511178035375079,"purchased_purges":1,"victory":false,"master_deck":["Defend_G","Defend_G","Defend_G","Defend_G","Defend_G","Strike_G","Strike_G","Strike_G","Strike_G","Survivor","Neutralize","After Image+1","Deflect","Deadly Poison","Outmaneuver","Footwork+1","Sucker Punch","Blur","A Thousand Cuts","Expertise+1","Sucker Punch+1","Burst+1","Injury","Regret","Writhe","Well Laid Plans","Dodge and Roll+1","Backflip+1"],"max_hp_per_floor":[70,70,70,70,70,70,70,70,70,70,70,70,70,70,70,70,70,70,70,70,70],"relics":["Ring of the Snake","Tingsha","Toxic Egg 2","Molten Egg 2","Calling Bell","Lantern","Toolbox","Torii"],"card_choices":[{"not_picked":["Backflip","PiercingWail"],"picked":"Deflect","floor":1},{"not_picked":["Backflip","Dagger Throw"],"picked":"Deadly Poison","floor":2},{"not_picked":["Calculated Gamble","Predator"],"picked":"Outmaneuver","floor":3},{"not_picked":["Tactician","All Out Attack"],"picked":"Sucker Punch","floor":5},{"not_picked":["Crippling Poison","Slice"],"picked":"Blur","floor":7},{"not_picked":["Dagger Spray","Dodge and Roll"],"picked":"A Thousand Cuts","floor":12},{"not_picked":["Underhanded Strike","Distraction"],"picked":"Expertise","floor":13},{"not_picked":["Deflect","Choke"],"picked":"Sucker Punch","floor":14},{"not_picked":["Night Terror","Phantasmal Killer"],"picked":"Burst","floor":16},{"not_picked":["Endless Agony","Finisher"],"picked":"Well Laid Plans","floor":18},{"not_picked":["Backflip","Prepared"],"picked":"Dodge and Roll","floor":19},{"not_picked":["Outmaneuver","Finisher"],"picked":"Backflip","floor":20}],"player_experience":23562,"potions_floor_usage":[5,12,16,20,21],"damage_taken":[{"damage":4,"enemies":"Cultist","floor":1,"turns":6},{"damage":6,"enemies":"Jaw Worm","floor":2,"turns":7},{"damage":0,"enemies":"2 Louse","floor":3,"turns":3},{"damage":0,"enemies":"Red Slaver","floor":5,"turns":4},{"damage":22,"enemies":"Gremlin Nob","floor":7,"turns":6},{"damage":1,"enemies":"3 Sentries","floor":12,"turns":13},{"damage":8,"enemies":"Gremlin Gang","floor":13,"turns":6},{"damage":10,"enemies":"Looter","floor":14,"turns":4},{"damage":6,"enemies":"Hexaghost","floor":16,"turns":12},{"damage":0,"enemies":"2 Thieves","floor":18,"turns":4},{"damage":10,"enemies":"3 Byrds","floor":19,"turns":8},{"damage":25,"enemies":"Snecko","floor":20,"turns":10},{"damage":64,"enemies":"Chosen and Byrds","floor":21,"turns":6}],"event_choices":[{"event_name":"World of Goop","player_choice":"Gather Gold","floor":11,"damage_taken":0}],"boss_relics":[{"not_picked":["Lizard Tail","Philosopher\u0027s Stone"],"picked":"Calling Bell"}],"potions_floor_spawned":[2,3,12,16,19],"seed_played":"5572195702215552796","killed_by":"Chosen and Byrds","ascension_level":0,"is_trial":false}