{"gold_per_floor":[115,125,125,125,136,163,177,196,196,196,210,230,230,247,247,352,352,337,337,350,361,361,20,20,20,43,43,57,57,72,72],"floor_reached":31,"playtime":2184,"items_purged":[],"score":292,"play_id":"d42669e5-e960-4496-bcfc-f03af69acfeb","local_time":"20190911144853","is_ascension_mode":true,"campfire_choices":[{"floor":10,"key":"REST"},{"floor":13,"key":"RECALL"},{"data":"Blur","floor":15,"key":"SMITH"},{"floor":29,"key":"REST"}],"neow_cost":"NONE","seed_source_timestamp":85724679613300,"circlet_count":0,"master_deck":["Strike_G","Strike_G","Strike_G","Strike_G","Strike_G","Defend_G","Defend_G","Defend_G","Defend_G","Defend_G","Survivor","Neutralize","Dash","Noxious Fumes+1","Flechettes","Dash","Blur+1","Dash","Slice","PiercingWail","Grand Finale","Night Terror","Flechettes","Concentrate+1","PiercingWail+1","Backflip+1","Deadly Poison"],"relics":["Ring of the Snake","NeowsBlessing","Blue Candle","Snecko Eye","ClockworkSouvenir","Omamori","Strawberry","Thread and Needle"],"potions_floor_usage":[22,31],"damage_taken":[{"damage":0,"enemies":"Jaw Worm","floor":1,"turns":1},{"damage":0,"enemies":"Cultist","floor":2,"turns":1},{"damage":0,"enemies":"Small Slimes","floor":5,"turns":1},{"damage":15,"enemies":"Lagavulin","floor":6,"turns":7},{"damage":3,"enemies":"Blue Slaver","floor":7,"turns":5},{"damage":14,"enemies":"Exordium Thugs","floor":8,"turns":5},{"damage":0,"enemies":"Looter","floor":11,"turns":4},{"damage":0,"enemies":"Red Slaver","floor":12,"turns":4},{"damage":0,"enemies":"Large Slime","floor":14,"turns":5},{"damage":43,"enemies":"The Guardian","floor":16,"turns":17},{"damage":0,"enemies":"2 Thieves","floor":18,"turns":4},{"damage":1,"enemies":"Chosen","floor":20,"turns":6},{"damage":43,"enemies":"Snake Plant","floor":21,"turns":6},{"damage":18,"enemies":"Sentry and Sphere","floor":22,"turns":5},{"damage":8,"enemies":"Snecko","floor":28,"turns":7},{"damage":0,"enemies":"Cultist and Chosen","floor":30,"turns":8},{"damage":38,"enemies":"3 Cultists","floor":31,"turns":6}],"seed_played":"824148708801729326","potions_obtained":[{"floor":1,"key":"SmokeBomb"},{"floor":7,"key":"FearPotion"},{"floor":12,"key":"FearPotion"},{"floor":30,"key":"SkillPotion"}],"is_trial":false,"path_per_floor":["M","M","?","$","M","E","M","M","T","R","M","M","R","M","R","B",null,"M","?","M","M","M","$","?","$","T","T","M","R","M","M"],"character_chosen":"THE_SILENT","items_purchased":["ClockworkSouvenir","Omamori"],"campfire_rested":2,"item_purchase_floors":[23,23],"current_hp_per_floor":[70,70,70,70,70,55,52,38,38,59,59,59,59,59,59,16,70,70,70,69,26,8,8,8,8,15,15,7,30,30,0],"gold":72,"neow_bonus":"THREE_ENEMY_KILL","is_prod":false,"is_daily":false,"chose_seed":false,"campfire_upgraded":1,"win_rate":0,"timestamp":1568231333,"path_taken":["M","M","?","$","?","E","M","M","T","R","M","M","R","M","R","BOSS","M","?","M","M","M","$","?","$","T","?","M","R","?","M"],"build_version":"2019-07-17","purchased_purges":0,"victory":false,"max_hp_per_floor":[70,70,70,70,70,70,70,70,70,70,70,70,70,70,70,70,70,70,70,70,70,70,70,70,70,77,77,77,77,77,77],"card_choices":[{"not_picked":["Blade Dance","Underhanded Strike"],"picked":"Dash","floor":1},{"not_picked":["Tactician","Concentrate"],"picked":"Noxious Fumes","floor":2},{"not_picked":["Deadly Poison","Expertise"],"picked":"Flechettes","floor":5},{"not_picked":["Eviscerate","Prepared"],"picked":"Dash","floor":6},{"not_picked":["Dagger Throw","Tactician"],"picked":"Blur","floor":7},{"not_picked":["Slice","Dagger Throw"],"picked":"Dash","floor":8},{"not_picked":["Sucker Punch","All Out Attack"],"picked":"Slice","floor":11},{"not_picked":["Poisoned Stab","Bane"],"picked":"PiercingWail","floor":12},{"not_picked":["Flying Knee","Dodge and Roll"],"picked":"Grand Finale","floor":14},{"not_picked":["A Thousand Cuts","Phantasmal Killer"],"picked":"Night Terror","floor":16},{"not_picked":["Quick Slash","Tactician"],"picked":"Flechettes","floor":18},{"not_picked":["Deadly Poison","Flying Knee"],"picked":"Concentrate+1","floor":20},{"not_picked":["All Out Attack","Dash"],"picked":"PiercingWail+1","floor":21},{"not_picked":["Finisher","Blade Dance"],"picked":"Backflip+1","floor":28},{"not_picked":["Terror","Caltrops"],"picked":"Deadly Poison","floor":30}],"player_experience":337019,"relics_obtained":[{"floor":6,"key":"Blue Candle"},{"floor":26,"key":"Strawberry"},{"floor":27,"key":"Thread and Needle"}],"event_choices":[{"damage_healed":0,"gold_gain":0,"player_choice":"Forge","damage_taken":0,"max_hp_gain":0,"max_hp_loss":0,"event_name":"Accursed Blacksmith","floor":3,"gold_loss":0,"cards_upgraded":["Noxious Fumes"]},{"damage_healed":0,"gold_gain":0,"player_choice":"Ignored","damage_taken":0,"max_hp_gain":0,"max_hp_loss":0,"event_name":"Ghosts","floor":19,"gold_loss":0},{"damage_healed":0,"gold_gain":0,"player_choice":"Smashed Altar","damage_taken":0,"max_hp_gain":0,"max_hp_loss":0,"event_name":"Forgotten Altar","floor":24,"gold_loss":0,"cards_obtained":["Decay"]}],"is_beta":false,"boss_relics":[{"not_picked":["Sozu","Black Star"],"picked":"Snecko Eye"}],"items_purged_floors":[],"is_endless":false,"potions_floor_spawned":[1,7,12,18,20,30],"killed_by":"3 Cultists","ascension_level":4}