{"gold_per_floor":[113,38,113,113,130,130,130,144,198,198,210,210,210,227,227,329,329,345,345,345],"floor_reached":20,"playtime":412,"items_purged":["Strike_B"],"score":260,"play_id":"300f54a4-20c4-4766-a078-a372d4b4710f","local_time":"20190913233305","is_ascension_mode":true,"campfire_choices":[{"data":"Zap","floor":6.0,"key":"SMITH"},{"data":"Dualcast","floor":10.0,"key":"SMITH"},{"data":"Defragment","floor":12.0,"key":"SMITH"},{"data":"Static Discharge","floor":15.0,"key":"SMITH"}],"neow_cost":"NONE","seed_source_timestamp":0,"circlet_count":0,"master_deck":["Strike_B","Strike_B","Defend_B","Defend_B","Defend_B","Defend_B","Zap+1","Dualcast+1","Defragment+1","Cold Snap","Gash","Static Discharge+1","Ball Lightning","Machine Learning","Conserve Battery","Ghostly","Ghostly","Ghostly","Ghostly","Ghostly"],"special_seed":0,"relics":["Cracked Core","NeowsBlessing","Tiny Chest","Omamori","Calling Bell","Bag of Preparation","Dodecahedron","Gambling Chip"],"potions_floor_usage":[],"damage_taken":[{"damage":0.0,"enemies":"Small Slimes","floor":1.0,"turns":1.0},{"damage":0.0,"enemies":"Jaw Worm","floor":5.0,"turns":1.0},{"damage":0.0,"enemies":"2 Louse","floor":8.0,"turns":1.0},{"damage":0.0,"enemies":"Large Slime","floor":11.0,"turns":4.0},{"damage":3.0,"enemies":"Exordium Wildlife","floor":14.0,"turns":6.0},{"damage":8.0,"enemies":"Hexaghost","floor":16.0,"turns":5.0},{"damage":30.0,"enemies":"Chosen","floor":18.0,"turns":4.0},{"damage":0,"enemies":"Shell Parasite","floor":20,"turns":1}],"seed_played":"-8901439087359349002","potions_obtained":[{"floor":1.0,"key":"PowerPotion"},{"floor":5.0,"key":"SkillPotion"},{"floor":18.0,"key":"Explosive Potion"}],"is_trial":false,"path_per_floor":["M","$","?","?","M","R","?","M","T","R","M","R","?","M","R","B",null,"M","?","M"],"character_chosen":"DEFECT","items_purchased":[],"campfire_rested":0,"item_purchase_floors":[],"current_hp_per_floor":[68,68,57,57,57,57,50,50,50,50,50,50,43,40,40,32,64,34,34,34],"gold":345,"neow_bonus":"THREE_ENEMY_KILL","is_prod":false,"is_daily":false,"chose_seed":false,"campfire_upgraded":4,"win_rate":0,"timestamp":1568385185,"path_taken":["M","$","?","?","?","R","?","M","T","R","M","R","?","M","R","BOSS","M","?","M"],"build_version":"2019-09-12","purchased_purges":1,"victory":false,"max_hp_per_floor":[75,75,75,75,75,75,75,75,75,75,75,75,75,75,75,75,75,75,37,37],"card_choices":[{"not_picked":["FTL","Steam Power"],"picked":"Defragment","floor":1.0},{"not_picked":["Streamline","Undo"],"picked":"Cold Snap","floor":5.0},{"not_picked":["Stack","Sweeping Beam"],"picked":"Gash","floor":8.0},{"not_picked":["Capacitor","Tempest"],"picked":"Static Discharge","floor":11.0},{"not_picked":["Rebound","Chaos"],"picked":"Ball Lightning","floor":14.0},{"not_picked":["Amplify","Fission"],"picked":"Machine Learning","floor":16.0},{"not_picked":["Cold Snap","Steam"],"picked":"Conserve Battery","floor":18.0}],"player_experience":438438,"relics_obtained":[{"floor":9.0,"key":"Tiny Chest"},{"floor":17.0,"key":"Bag of Preparation"},{"floor":17.0,"key":"Dodecahedron"},{"floor":17.0,"key":"Gambling Chip"}],"event_choices":[{"damage_healed":0.0,"max_hp_gain":0.0,"max_hp_loss":0.0,"gold_gain":75.0,"event_name":"World of Goop","player_choice":"Gather Gold","floor":3.0,"gold_loss":0.0,"damage_taken":11.0},{"damage_healed":0.0,"max_hp_gain":0.0,"max_hp_loss":0.0,"gold_gain":0.0,"event_name":"Golden Idol","player_choice":"Ignored","floor":4.0,"gold_loss":0.0,"damage_taken":0.0},{"cards_removed":["Strike_B"],"damage_healed":0.0,"max_hp_gain":0.0,"max_hp_loss":0.0,"gold_gain":0.0,"event_name":"Golden Wing","player_choice":"Card Removal","floor":7.0,"gold_loss":0.0,"damage_taken":7.0},{"damage_healed":0.0,"max_hp_gain":0.0,"max_hp_loss":0.0,"gold_gain":0.0,"event_name":"Scrap Ooze","player_choice":"Success","floor":13.0,"gold_loss":0.0,"damage_taken":7.0,"relics_obtained":["Omamori"]},{"damage_healed":0.0,"max_hp_gain":0.0,"max_hp_loss":38.0,"gold_gain":0.0,"event_name":"Ghosts","player_choice":"Became a Ghost","floor":19.0,"gold_loss":0.0,"damage_taken":0.0,"cards_obtained":["Ghostly","Ghostly","Ghostly","Ghostly","Ghostly"]}],"is_beta":true,"boss_relics":[{"not_picked":["Snecko Eye","Runic Dome"],"picked":"Calling Bell"}],"items_purged_floors":[2],"is_endless":false,"potions_floor_spawned":[1,5,18],"killed_by":"Shell Parasite","ascension_level":9}