{"gold_per_floor":[112,287,301,301,81,81,124,124,124,145,189,189,224,254,266,409,421,418,1,1,17,30,30,48,72,96,96,96,121,135,153,153,279,279,294,318,9,32,32,32,52,52,52,71,15,15,30,30,30,30],"floor_reached":50,"playtime":3227,"items_purged":["Doubt","Defend_R"],"score":564,"play_id":"5a581d80-0a04-49d0-b059-8214e83b19f2","local_time":"20190910180902","is_ascension_mode":true,"campfire_choices":[{"floor":6.0,"key":"REST"},{"floor":8.0,"key":"REST"},{"floor":15.0,"key":"REST"},{"floor":23.0,"key":"RECALL"},{"data":"Demon Form","floor":28.0,"key":"SMITH"},{"floor":32.0,"key":"REST"},{"floor":40.0,"key":"REST"},{"floor":42.0,"key":"REST"},{"data":"Ghostly Armor","floor":46.0,"key":"SMITH"},{"floor":49.0,"key":"REST"}],"neow_cost":"NONE","seed_source_timestamp":2192711291664600,"circlet_count":0,"master_deck":["Strike_R","Strike_R","Strike_R","Strike_R","Strike_R","Defend_R","Defend_R","Defend_R","Bash","Demon Form+1","Rupture","Cleave","Limit Break","Ghostly Armor+1","Blood for Blood","Flame Barrier","Shrug It Off","Infernal Blade","Feed","Rupture","Anger","Hemokinesis","Uppercut","Feed","Metallicize","Ghostly Armor","Flex","Reaper","Battle Trance+1","Blood for Blood","Mind Blast","Purity","Violence","Entrench+1","Metallicize+1","Rage"],"special_seed":0,"relics":["Burning Blood","Golden Idol","Bottled Lightning","Pen Nib","Mercury Hourglass","MawBank","Shuriken","Nloth\u0027s Gift","Bronze Scales","Lizard Tail","MealTicket","The Courier"],"potions_floor_usage":[50,50],"damage_taken":[{"damage":17.0,"enemies":"Jaw Worm","floor":1.0,"turns":5.0},{"damage":10.0,"enemies":"Small Slimes","floor":3.0,"turns":6.0},{"damage":29.0,"enemies":"3 Sentries","floor":7.0,"turns":7.0},{"damage":10.0,"enemies":"Cultist","floor":10.0,"turns":4.0},{"damage":38.0,"enemies":"Gremlin Nob","floor":11.0,"turns":5.0},{"damage":16.0,"enemies":"Lagavulin","floor":13.0,"turns":7.0},{"damage":0.0,"enemies":"Looter","floor":14.0,"turns":3.0},{"damage":37.0,"enemies":"The Guardian","floor":16.0,"turns":11.0},{"damage":17.0,"enemies":"2 Thieves","floor":18.0,"turns":4.0},{"damage":15.0,"enemies":"Shell Parasite","floor":21.0,"turns":5.0},{"damage":30.0,"enemies":"Cultist and Chosen","floor":22.0,"turns":6.0},{"damage":3.0,"enemies":"Chosen and Byrds","floor":24.0,"turns":4.0},{"damage":18.0,"enemies":"Centurion and Healer","floor":25.0,"turns":8.0},{"damage":23.0,"enemies":"Snake Plant","floor":29.0,"turns":4.0},{"damage":21.0,"enemies":"Shelled Parasite and Fungi","floor":30.0,"turns":7.0},{"damage":36.0,"enemies":"Centurion and Healer","floor":31.0,"turns":5.0},{"damage":59.0,"enemies":"Champ","floor":33.0,"turns":12.0},{"damage":20.0,"enemies":"3 Shapes","floor":35.0,"turns":5.0},{"damage":37.0,"enemies":"Orb Walker","floor":36.0,"turns":4.0},{"damage":0.0,"enemies":"4 Shapes","floor":38.0,"turns":4.0},{"damage":26.0,"enemies":"Jaw Worm Horde","floor":41.0,"turns":5.0},{"damage":41.0,"enemies":"Spire Growth","floor":44.0,"turns":6.0},{"damage":47.0,"enemies":"Transient","floor":47.0,"turns":5.0},{"damage":157,"enemies":"Time Eater","floor":50,"turns":11}],"seed_played":"5847606005517790730","potions_obtained":[{"floor":1.0,"key":"Fire Potion"},{"floor":11.0,"key":"Strength Potion"},{"floor":13.0,"key":"Fire Potion"},{"floor":14.0,"key":"Energy Potion"},{"floor":21.0,"key":"FearPotion"},{"floor":22.0,"key":"SteroidPotion"},{"floor":29.0,"key":"Poison Potion"},{"floor":31.0,"key":"EssenceOfSteel"},{"floor":33.0,"key":"Ancient Potion"},{"floor":38.0,"key":"LiquidBronze"},{"floor":41.0,"key":"SteroidPotion"},{"floor":47.0,"key":"Strength Potion"}],"is_trial":false,"path_per_floor":["M","?","M","?","$","R","E","R","T","M","E","?","E","M","R","B",null,"M","$","?","M","M","R","M","M","T","?","R","M","M","M","R","B",null,"M","M","$","M","?","R","M","R","T","M","$","R","M","$","R","B"],"character_chosen":"IRONCLAD","items_purchased":["Limit Break","Shuriken","BloodPotion","Anger","Hemokinesis","MealTicket","Rage"],"campfire_rested":7,"item_purchase_floors":[5,19,19,19,19,37,45],"current_hp_per_floor":[69,69,65,45,45,69,46,70,70,66,34,34,24,30,54,23,80,69,69,69,63,39,39,45,36,36,89,89,72,60,53,80,27,92,81,50,50,62,52,82,64,94,94,62,77,77,36,51,82,0],"gold":30,"neow_bonus":"ONE_RANDOM_RARE_CARD","is_prod":false,"is_daily":false,"chose_seed":false,"campfire_upgraded":2,"win_rate":0,"timestamp":1568153342,"path_taken":["M","?","M","?","$","R","E","R","T","M","E","?","E","M","R","BOSS","M","$","?","?","M","R","M","M","T","?","R","?","M","M","R","BOSS","M","?","$","M","?","R","M","R","T","M","$","R","M","?","R","BOSS"],"build_version":"2019-07-17","purchased_purges":2,"victory":false,"max_hp_per_floor":[80,80,80,80,80,80,80,80,80,80,80,80,80,80,80,80,80,80,80,80,83,83,83,86,89,89,89,89,89,92,92,92,92,92,95,95,95,101,101,101,101,101,101,104,104,104,104,104,104,104],"card_choices":[{"not_picked":["Heavy Blade","Wild Strike"],"picked":"Rupture","floor":1.0},{"not_picked":["Searing Blow","Sword Boomerang"],"picked":"Cleave","floor":3.0},{"not_picked":["Sword Boomerang","Barricade"],"picked":"Ghostly Armor","floor":7.0},{"not_picked":["Inflame","Searing Blow"],"picked":"Blood for Blood","floor":10.0},{"not_picked":["Headbutt","Whirlwind"],"picked":"Flame Barrier","floor":11.0},{"not_picked":["Shockwave","Twin Strike"],"picked":"Shrug It Off","floor":13.0},{"not_picked":["Armaments","Sever Soul"],"picked":"Infernal Blade","floor":14.0},{"not_picked":["Fiend Fire","Berserk"],"picked":"Feed","floor":16.0},{"not_picked":["Body Slam+1","Armaments+1"],"picked":"Rupture","floor":18.0},{"not_picked":["Wild Strike+1","Power Through+1"],"picked":"Uppercut","floor":21.0},{"not_picked":["Dual Wield","Body Slam"],"picked":"Feed","floor":22.0},{"not_picked":["Disarm","Power Through"],"picked":"Metallicize","floor":24.0},{"not_picked":["Power Through+1","Wild Strike+1","Iron Wave"],"picked":"SKIP","floor":25.0},{"not_picked":["Headbutt","Heavy Blade"],"picked":"Ghostly Armor","floor":29.0},{"not_picked":["Barricade","Armaments"],"picked":"Flex","floor":30.0},{"not_picked":["Iron Wave","Twin Strike","Wild Strike"],"picked":"SKIP","floor":31.0},{"not_picked":["Demon Form","Barricade"],"picked":"Reaper","floor":33.0},{"not_picked":["Clash+1","Body Slam+1","Shrug It Off+1"],"picked":"SKIP","floor":35.0},{"not_picked":["Warcry","Bludgeon"],"picked":"Battle Trance+1","floor":36.0},{"not_picked":["Headbutt+1","Sword Boomerang+1"],"picked":"Blood for Blood","floor":38.0},{"not_picked":["PanicButton","Secret Weapon"],"picked":"Mind Blast","floor":39.0},{"not_picked":["PanicButton","Magnetism"],"picked":"Purity","floor":39.0},{"not_picked":["Good Instincts","Dramatic Entrance"],"picked":"Violence","floor":39.0},{"not_picked":["Pommel Strike+1","Sword Boomerang"],"picked":"Entrench+1","floor":41.0},{"not_picked":["Pommel Strike","True Grit"],"picked":"Metallicize+1","floor":44.0},{"not_picked":["Burning Pact","Pommel Strike","Searing Blow"],"picked":"SKIP","floor":47.0}],"player_experience":64587,"relics_obtained":[{"floor":7.0,"key":"Bottled Lightning"},{"floor":11.0,"key":"Pen Nib"},{"floor":13.0,"key":"MawBank"},{"floor":26.0,"key":"Bronze Scales"},{"floor":43.0,"key":"The Courier"}],"event_choices":[{"damage_healed":0.0,"max_hp_gain":0.0,"max_hp_loss":0.0,"gold_gain":175.0,"event_name":"Liars Game","player_choice":"AGREE","floor":2.0,"gold_loss":0.0,"damage_taken":0.0,"cards_obtained":["Doubt"]},{"damage_healed":0.0,"max_hp_gain":0.0,"max_hp_loss":0.0,"gold_gain":0.0,"event_name":"Golden Idol","player_choice":"Take Damage","floor":4.0,"gold_loss":0.0,"damage_taken":20.0,"relics_obtained":["Golden Idol"]},{"damage_healed":0.0,"max_hp_gain":0.0,"max_hp_loss":0.0,"gold_gain":0.0,"event_name":"Dead Adventurer","player_choice":"Searched \u00272\u0027 times","floor":12.0,"gold_loss":0.0,"damage_taken":0.0,"relics_obtained":["Mercury Hourglass"]},{"damage_healed":0.0,"max_hp_gain":0.0,"max_hp_loss":0.0,"gold_gain":0.0,"event_name":"N\u0027loth","player_choice":"Traded Relic","floor":20.0,"relics_lost":["Snecko Eye"],"gold_loss":0.0,"damage_taken":0.0,"relics_obtained":["Nloth\u0027s Gift"]},{"damage_healed":53.0,"max_hp_gain":0.0,"max_hp_loss":0.0,"gold_gain":0.0,"event_name":"Wheel of Change","player_choice":"Full Heal","floor":27.0,"gold_loss":0.0,"damage_taken":0.0},{"damage_healed":0.0,"max_hp_gain":0.0,"max_hp_loss":0.0,"gold_gain":0.0,"event_name":"SensoryStone","player_choice":"Memory 3","floor":39.0,"gold_loss":0.0,"damage_taken":10.0}],"is_beta":false,"boss_relics":[{"not_picked":["Empty Cage","Calling Bell"],"picked":"Snecko Eye"},{"not_picked":["Mark of Pain","Runic Pyramid"],"picked":"Lizard Tail"}],"items_purged_floors":[5,37],"is_endless":false,"potions_floor_spawned":[1,11,13,14,21,22,29,31,33,38,41,47],"killed_by":"Time Eater","ascension_level":1}