{"gold_per_floor":[111,128,228,153,168,199,199,233,305,305],"floor_reached":10,"playtime":754,"items_purged":["Defend_P"],"score":80,"play_id":"a673451d-d9da-4e35-88a7-c117d75280c8","local_time":"20190909215734","is_ascension_mode":true,"campfire_choices":[],"neow_cost":"NONE","seed_source_timestamp":57809328292800,"circlet_count":0,"master_deck":["Strike_P","Strike_P","Strike_P","Strike_P","Defend_P","Defend_P","Defend_P","Eruption","Vigilance","Consecrate","Establishment","Crescendo","ThirdEye","MasterReality"],"relics":["PureWater","Shuriken","Question Card","The Courier","Eternal Feather"],"potions_floor_usage":[8,8,10],"damage_taken":[{"damage":0,"enemies":"2 Louse","floor":1,"turns":1},{"damage":1,"enemies":"Cultist","floor":2,"turns":4},{"damage":6,"enemies":"Jaw Worm","floor":5,"turns":5},{"damage":26,"enemies":"Lagavulin","floor":6,"turns":5},{"damage":23,"enemies":"3 Sentries","floor":8,"turns":7},{"damage":81,"enemies":"Gremlin Nob","floor":10,"turns":5}],"seed_played":"1791950170081571840","potions_obtained":[{"floor":5,"key":"LiquidBronze"},{"floor":6,"key":"AttackPotion"},{"floor":8,"key":"Regen Potion"}],"is_trial":false,"path_per_floor":["M","M","?","$","M","E","T","E","T","E"],"character_chosen":"WATCHER","items_purchased":[],"campfire_rested":0,"item_purchase_floors":[],"current_hp_per_floor":[71,70,70,70,64,38,38,15,15,0],"gold":305,"neow_bonus":"TEN_PERCENT_HP_BONUS","is_prod":false,"is_daily":false,"chose_seed":false,"campfire_upgraded":0,"win_rate":0,"timestamp":1568091454,"path_taken":["M","M","?","$","?","E","?","E","T","E"],"build_version":"2019-09-09v2","purchased_purges":1,"victory":false,"max_hp_per_floor":[71,71,71,71,71,71,71,71,71,71],"card_choices":[{"not_picked":["EmptyBody","JustLucky"],"picked":"Consecrate","floor":1},{"not_picked":["Clarity","Tantrum"],"picked":"Establishment","floor":2},{"not_picked":["JustLucky","BowlingBash"],"picked":"Crescendo","floor":5},{"not_picked":["Prostrate","Meditate"],"picked":"ThirdEye","floor":6},{"not_picked":["EmptyBody","Establishment","EmptyFist"],"picked":"MasterReality","floor":8}],"player_experience":338258,"relics_obtained":[{"floor":6,"key":"Shuriken"},{"floor":7,"key":"Question Card"},{"floor":8,"key":"The Courier"},{"floor":9,"key":"Eternal Feather"}],"event_choices":[{"damage_healed":0,"gold_gain":100,"player_choice":"Pray","damage_taken":0,"max_hp_gain":0,"max_hp_loss":0,"event_name":"Golden Shrine","floor":3,"gold_loss":0}],"is_beta":true,"boss_relics":[],"items_purged_floors":[4],"is_endless":false,"potions_floor_spawned":[5,6,8],"killed_by":"Gremlin Nob","ascension_level":1}