{"gold_per_floor":[411,426,81,81,81,94,124,124,206,79,79,111,111,129,129,227,227,241,260,278,123,123,123,38,38,38,38,38,49,59,75,75,75],"floor_reached":33,"playtime":1941,"items_purged":[],"score":306,"play_id":"357675f5-ddc6-4284-bb70-1b0fe047763d","local_time":"20190911232541","is_ascension_mode":true,"campfire_choices":[{"floor":13,"key":"REST"},{"floor":15,"key":"REST"},{"floor":23,"key":"RECALL"},{"data":"1","floor":25,"key":"LIFT"},{"data":"2","floor":28,"key":"LIFT"},{"floor":32,"key":"REST"}],"neow_cost":"TEN_PERCENT_HP_LOSS","seed_source_timestamp":24810306672900,"circlet_count":0,"master_deck":["Strike_G","Strike_G","Strike_G","Strike_G","Defend_G","Defend_G","Defend_G","Defend_G","Survivor+1","Neutralize","Poisoned Stab","Poisoned Stab","PiercingWail+1","Corpse Explosion","PiercingWail","Bane","Envenom","Backflip+1","Well Laid Plans+1","Deflect+1","Burst","Slice","Blur","Escape Plan","Acrobatics+1"],"relics":["Ring of the Snake","Old Coin","TwistedFunnel","Bag of Preparation","War Paint","Mummified Hand","Tiny Chest","Girya","Philosopher\u0027s Stone","Happy Flower","Potion Belt","Incense Burner"],"potions_floor_usage":[7,12,16,30,33,33],"damage_taken":[{"damage":4,"enemies":"Small Slimes","floor":1,"turns":5},{"damage":7,"enemies":"Jaw Worm","floor":2,"turns":4},{"damage":0,"enemies":"2 Louse","floor":6,"turns":2},{"damage":15,"enemies":"Lagavulin","floor":7,"turns":8},{"damage":29,"enemies":"Gremlin Nob","floor":12,"turns":5},{"damage":0,"enemies":"Looter","floor":14,"turns":3},{"damage":28,"enemies":"The Guardian","floor":16,"turns":12},{"damage":2,"enemies":"3 Byrds","floor":18,"turns":4},{"damage":0,"enemies":"Chosen","floor":19,"turns":5},{"damage":5,"enemies":"Centurion and Healer","floor":20,"turns":5},{"damage":18,"enemies":"Snake Plant","floor":29,"turns":4},{"damage":17,"enemies":"Sentry and Sphere","floor":30,"turns":5},{"damage":16,"enemies":"Shelled Parasite and Fungi","floor":31,"turns":5},{"damage":39,"enemies":"Collector","floor":33,"turns":5}],"seed_played":"-7133144904119686251","potions_obtained":[{"floor":1,"key":"EssenceOfSteel"},{"floor":6,"key":"Block Potion"},{"floor":14,"key":"Regen Potion"},{"floor":18,"key":"SteroidPotion"},{"floor":29,"key":"SpeedPotion"},{"floor":31,"key":"Fire Potion"}],"is_trial":false,"path_per_floor":["M","M","$","?","T","M","E","?","T","$","?","E","R","M","R","B",null,"M","M","M","$","?","R","?","R","T","?","R","M","M","M","R","B"],"character_chosen":"THE_SILENT","items_purchased":["TwistedFunnel","Bag of Preparation","Tiny Chest","Happy Flower"],"campfire_rested":3,"item_purchase_floors":[3,3,10,21],"current_hp_per_floor":[59,52,52,52,52,52,37,37,37,37,37,8,26,26,44,31,63,61,61,56,56,56,56,56,56,56,56,56,38,21,5,23,0],"gold":75,"neow_bonus":"ONE_RARE_RELIC","is_prod":false,"is_daily":false,"chose_seed":false,"campfire_upgraded":0,"win_rate":0,"timestamp":1568262341,"path_taken":["M","M","$","?","?","M","E","?","T","$","?","E","R","M","R","BOSS","M","M","M","$","?","R","?","R","T","?","R","M","M","?","R","BOSS"],"build_version":"2019-07-17","purchased_purges":0,"victory":false,"max_hp_per_floor":[63,63,63,63,63,63,63,63,63,63,63,63,63,63,63,63,63,63,63,63,63,63,63,63,63,63,63,63,63,63,63,63,63],"card_choices":[{"not_picked":["Dagger Throw","Masterful Stab"],"picked":"Poisoned Stab","floor":1},{"not_picked":["All Out Attack","Tactician"],"picked":"Poisoned Stab","floor":2},{"not_picked":["Poisoned Stab","Bane"],"picked":"PiercingWail","floor":6},{"not_picked":["Sucker Punch","Slice"],"picked":"Corpse Explosion","floor":7},{"not_picked":["Endless Agony","Outmaneuver"],"picked":"PiercingWail","floor":12},{"not_picked":["Endless Agony","Dodge and Roll"],"picked":"Bane","floor":14},{"not_picked":["Malaise","Glass Knife"],"picked":"Envenom","floor":16},{"not_picked":["Accuracy+1","PiercingWail"],"picked":"Backflip","floor":18},{"not_picked":["Dagger Throw","Crippling Poison"],"picked":"Well Laid Plans+1","floor":19},{"not_picked":["Poisoned Stab","Choke+1"],"picked":"Deflect+1","floor":20},{"not_picked":["Outmaneuver","Flying Knee"],"picked":"Blur","floor":29},{"not_picked":["Slice","Quick Slash+1"],"picked":"Escape Plan","floor":30},{"not_picked":["Bullet Time","Deflect"],"picked":"Acrobatics+1","floor":31}],"player_experience":346209,"relics_obtained":[{"floor":7,"key":"War Paint"},{"floor":9,"key":"Mummified Hand"},{"floor":12,"key":"Girya"},{"floor":26,"key":"Incense Burner"}],"event_choices":[{"damage_healed":0,"gold_gain":0,"player_choice":"Ignored","damage_taken":0,"max_hp_gain":0,"max_hp_loss":0,"event_name":"Golden Wing","floor":4,"gold_loss":0},{"damage_healed":0,"gold_gain":0,"player_choice":"Ignored","damage_taken":0,"max_hp_gain":0,"max_hp_loss":0,"event_name":"Shining Light","floor":8,"gold_loss":0},{"damage_healed":0,"gold_gain":0,"player_choice":"Ignored","damage_taken":0,"max_hp_gain":0,"max_hp_loss":0,"event_name":"Golden Idol","floor":11,"gold_loss":0},{"damage_healed":0,"gold_gain":0,"cards_transformed":["Defend_G","Strike_G"],"player_choice":"Became Test Subject","damage_taken":0,"max_hp_gain":0,"max_hp_loss":0,"event_name":"Drug Dealer","floor":22,"gold_loss":0,"cards_obtained":["Burst","Slice"]},{"damage_healed":0,"gold_gain":0,"player_choice":"Obtained Relic","damage_taken":0,"relics_obtained":["Potion Belt"],"max_hp_gain":0,"max_hp_loss":0,"event_name":"Addict","floor":24,"gold_loss":85},{"damage_healed":0,"gold_gain":0,"player_choice":"Forge","damage_taken":0,"max_hp_gain":0,"max_hp_loss":0,"event_name":"Accursed Blacksmith","floor":27,"gold_loss":0,"cards_upgraded":["Backflip"]}],"is_beta":false,"boss_relics":[{"not_picked":["Orrery","Black Star"],"picked":"Philosopher\u0027s Stone"}],"items_purged_floors":[],"is_endless":false,"potions_floor_spawned":[1,6,14,18,29,31],"killed_by":"Collector","ascension_level":4}