{"gold_per_floor":[114,132,146,77,77,77,30,43,43,58,58,73,90,102,102,201,201,214,226,141,165,27,39,39,51,124,135,153,153,153,172,172,269,269,286,304,317,317,317],"floor_reached":39,"playtime":10066,"items_purged":[],"score":381,"play_id":"1cb430bd-d0e8-4998-b385-dc88ff4fe70e","local_time":"20190905110257","is_ascension_mode":false,"campfire_choices":[{"data":"Twin Strike","floor":6.0,"key":"SMITH"},{"data":"Whirlwind","floor":11.0,"key":"SMITH"},{"data":"Flame Barrier","floor":15.0,"key":"SMITH"},{"floor":24.0,"key":"REST"},{"floor":32.0,"key":"REST"}],"neow_cost":"","seed_source_timestamp":0,"circlet_count":0,"master_deck":["Strike_R","Strike_R","Strike_R","Strike_R","Defend_R","Defend_R","Defend_R","Defend_R+1","Bash","Twin Strike+1","Sever Soul","Clash","Shrug It Off+1","Pommel Strike","Iron Wave","Whirlwind+1","Twin Strike","Flame Barrier+1","Anger","Reaper","Impervious","Perfected Strike+1","Entrench","Discovery","Blood for Blood","Entrench","Cleave","Anger+1","Reckless Charge+1","Iron Wave","Reaper","Pommel Strike+1","Uppercut+1","Body Slam+1"],"special_seed":0,"relics":["Burning Blood","Dodecahedron","Runic Cube","War Paint","Oddly Smooth Stone","Gremlin Horn","Meat on the Bone","Nilry\u0027s Codex","Velvet Choker"],"potions_floor_usage":[39,39],"damage_taken":[{"damage":5.0,"enemies":"Cultist","floor":1.0,"turns":4.0},{"damage":0.0,"enemies":"2 Louse","floor":2.0,"turns":2.0},{"damage":10.0,"enemies":"Small Slimes","floor":3.0,"turns":3.0},{"damage":7.0,"enemies":"Exordium Wildlife","floor":8.0,"turns":6.0},{"damage":0.0,"enemies":"Large Slime","floor":10.0,"turns":3.0},{"damage":8.0,"enemies":"3 Louse","floor":12.0,"turns":2.0},{"damage":0.0,"enemies":"Red Slaver","floor":13.0,"turns":2.0},{"damage":4.0,"enemies":"Exordium Thugs","floor":14.0,"turns":5.0},{"damage":57.0,"enemies":"The Guardian","floor":16.0,"turns":11.0},{"damage":0.0,"enemies":"3 Byrds","floor":18.0,"turns":3.0},{"damage":22.0,"enemies":"Spheric Guardian","floor":19.0,"turns":6.0},{"damage":15.0,"enemies":"Chosen and Byrds","floor":23.0,"turns":6.0},{"damage":15.0,"enemies":"Shelled Parasite and Fungi","floor":25.0,"turns":7.0},{"damage":14.0,"enemies":"Cultist and Chosen","floor":27.0,"turns":7.0},{"damage":2.0,"enemies":"Snake Plant","floor":28.0,"turns":4.0},{"damage":37.0,"enemies":"Centurion and Healer","floor":31.0,"turns":8.0},{"damage":47.0,"enemies":"Champ","floor":33.0,"turns":12.0},{"damage":0,"enemies":"3 Darklings","floor":35,"turns":2},{"damage":28,"enemies":"3 Shapes","floor":36,"turns":3},{"damage":38,"enemies":"Sphere and 2 Shapes","floor":37,"turns":7},{"damage":57,"enemies":"Maw","floor":39,"turns":7}],"seed_played":"1674348985765342985","potions_obtained":[{"floor":1.0,"key":"SpeedPotion"},{"floor":12.0,"key":"SpeedPotion"},{"floor":13.0,"key":"Fire Potion"},{"floor":19.0,"key":"Explosive Potion"},{"floor":25.0,"key":"SpeedPotion"},{"floor":28.0,"key":"EssenceOfSteel"},{"floor":36,"key":"AttackPotion"},{"floor":37,"key":"Poison Potion"}],"is_trial":false,"path_per_floor":["M","M","M","$","?","R","$","M","T","M","R","M","M","M","R","B",null,"M","M","?","T","$","M","R","M","T","M","M","?","?","M","R","B",null,"M","M","M","?","M"],"character_chosen":"IRONCLAD","items_purchased":["Shrug It Off","Pommel Strike","Iron Wave","Discovery","Blood for Blood"],"campfire_rested":2,"item_purchase_floors":[4,4,7,22,22],"current_hp_per_floor":[80,80,76,76,76,76,76,75,75,80,80,78,80,80,80,31,80,80,64,64,64,64,55,79,70,70,65,69,69,53,42,66,37,80,80,58,46,46,0],"gold":317,"neow_bonus":"","is_prod":false,"is_daily":false,"chose_seed":false,"campfire_upgraded":3,"win_rate":0.0,"timestamp":1567695777,"path_taken":["M","M","M","?","?","R","$","?","T","M","R","M","M","?","R","BOSS","M","?","?","?","$","M","R","M","T","M","M","?","?","M","R","BOSS","M","M","M","?","?"],"build_version":"2019-07-17","purchased_purges":0,"victory":false,"max_hp_per_floor":[80,80,80,80,80,80,80,80,80,80,80,80,80,80,80,80,80,80,80,80,80,80,80,80,80,80,80,80,80,80,80,80,80,80,80,80,80,80,80],"card_choices":[{"not_picked":["Fire Breathing","Warcry"],"picked":"Twin Strike","floor":1.0},{"not_picked":["Headbutt","Clash"],"picked":"Sever Soul","floor":2.0},{"not_picked":["Carnage","Clothesline"],"picked":"Clash","floor":3.0},{"not_picked":["Inflame","Warcry"],"picked":"Whirlwind","floor":8.0},{"not_picked":["Feel No Pain","Rampage"],"picked":"Twin Strike","floor":10.0},{"not_picked":["Anger","Flex"],"picked":"Flame Barrier","floor":12.0},{"not_picked":["True Grit","Armaments"],"picked":"Anger","floor":13.0},{"not_picked":["Searing Blow","Anger"],"picked":"Reaper","floor":14.0},{"not_picked":["Feed","Juggernaut"],"picked":"Impervious","floor":16.0},{"not_picked":["Clash","Disarm"],"picked":"Perfected Strike+1","floor":18.0},{"not_picked":["Thunderclap","Fire Breathing"],"picked":"Entrench","floor":19.0},{"not_picked":["Thunderclap+1","Perfected Strike"],"picked":"Entrench","floor":23.0},{"not_picked":["Thunderclap","True Grit"],"picked":"Cleave","floor":25.0},{"not_picked":["Pommel Strike","Fire Breathing"],"picked":"Anger+1","floor":27.0},{"not_picked":["Sword Boomerang","Second Wind+1"],"picked":"Reckless Charge+1","floor":28.0},{"not_picked":["Flex","Body Slam"],"picked":"Iron Wave","floor":31.0},{"not_picked":["Fiend Fire","Offering"],"picked":"Reaper","floor":33.0},{"not_picked":["Clothesline","Reckless Charge"],"picked":"Pommel Strike+1","floor":35},{"not_picked":["Flex+1","Twin Strike+1"],"picked":"Uppercut+1","floor":36},{"not_picked":["Clash","Shrug It Off"],"picked":"Body Slam+1","floor":37}],"player_experience":0,"relics_obtained":[{"floor":9.0,"key":"Dodecahedron"},{"floor":21.0,"key":"Oddly Smooth Stone"},{"floor":26.0,"key":"Gremlin Horn"},{"floor":30.0,"key":"Nilry\u0027s Codex"}],"event_choices":[{"cards_removed":["Strike_R"],"damage_healed":0.0,"max_hp_gain":0.0,"max_hp_loss":0.0,"gold_gain":0.0,"event_name":"Purifier","player_choice":"Purged","floor":5.0,"gold_loss":0.0,"damage_taken":0.0},{"damage_healed":0.0,"max_hp_gain":0.0,"max_hp_loss":0.0,"gold_gain":0.0,"event_name":"Addict","player_choice":"Obtained Relic","floor":20.0,"gold_loss":85.0,"damage_taken":0.0,"relics_obtained":["War Paint"]},{"damage_healed":0.0,"max_hp_gain":0.0,"max_hp_loss":0.0,"gold_gain":0.0,"event_name":"The Mausoleum","player_choice":"Opened","floor":29.0,"gold_loss":0.0,"damage_taken":0.0,"relics_obtained":["Meat on the Bone"],"cards_obtained":["Writhe"]},{"damage_healed":0.0,"max_hp_gain":0.0,"max_hp_loss":0.0,"gold_gain":0.0,"event_name":"Cursed Tome","player_choice":"Obtained Book","floor":30.0,"gold_loss":0.0,"damage_taken":16.0},{"cards_removed":["Writhe"],"damage_healed":0,"gold_gain":0,"player_choice":"Purged","damage_taken":0,"max_hp_gain":0,"max_hp_loss":0,"event_name":"Purifier","floor":38,"gold_loss":0}],"is_beta":false,"boss_relics":[{"not_picked":["Ectoplasm","White Beast Statue"],"picked":"Runic Cube"},{"not_picked":["Tiny House","Fusion Hammer"],"picked":"Velvet Choker"}],"items_purged_floors":[],"is_endless":false,"potions_floor_spawned":[1,12,13,19,23,25,28,36,37],"killed_by":"Maw","ascension_level":0}