{"gold_per_floor":[113,124,134,59,69,69,80,80,132,164,176,188,200,212,224,334,346,368,360,389,416,438,480,492,515,527,638,650,111,111,126,126,229,229,241,241,19,37,37,37,37,37,37,37,37,37,37,47,47,47],"floor_reached":51,"playtime":2365,"items_purged":["Strike_B","Defend_B"],"score":705,"play_id":"433a63fe-9c25-4d0b-9a2a-568de12dda20","local_time":"20190911190501","is_ascension_mode":false,"campfire_choices":[{"data":"Zap","floor":6,"key":"SMITH"},{"data":"Dualcast","floor":8,"key":"SMITH"},{"data":"Buffer","floor":13,"key":"SMITH"},{"data":"Defragment","floor":15,"key":"SMITH"},{"data":"Creative AI","floor":24,"key":"SMITH"},{"data":"Go for the Eyes","floor":28,"key":"SMITH"},{"data":"Loop","floor":30,"key":"SMITH"},{"data":"Defend_B","floor":32,"key":"SMITH"},{"data":"Amplify","floor":40,"key":"SMITH"},{"data":"Reboot","floor":41,"key":"SMITH"},{"data":"Madness","floor":46,"key":"SMITH"},{"data":"Madness","floor":49,"key":"SMITH"}],"neow_cost":"NONE","seed_source_timestamp":82635535994700,"circlet_count":0,"master_deck":["Strike_B","Strike_B","Strike_B","Defend_B+1","Defend_B","Defend_B","Zap+1","Dualcast+1","Cold Snap","Buffer+1","Defragment+1","Go for the Eyes+1","Cold Snap","Creative AI+1","Leap+1","BootSequence","Self Repair","Conserve Battery+1","Lockon","Hologram+1","Loop+1","Ball Lightning","Reboot+1","Madness+1","Madness+1","Amplify+1","Capacitor"],"relics":["Cracked Core","NeowsBlessing","MawBank","Question Card","Cursed Key","Toy Ornithopter","WingedGreaves","Orrery","Nuclear Battery","Membership Card"],"potions_floor_usage":[7,16,20,23,48,50],"damage_taken":[{"damage":0,"enemies":"2 Louse","floor":1,"turns":1},{"damage":0,"enemies":"Small Slimes","floor":2,"turns":1},{"damage":0,"enemies":"Jaw Worm","floor":3,"turns":1},{"damage":0,"enemies":"Exordium Thugs","floor":5,"turns":5},{"damage":3,"enemies":"Lots of Slimes","floor":7,"turns":2},{"damage":1,"enemies":"Large Slime","floor":10,"turns":6},{"damage":0,"enemies":"The Guardian","floor":16,"turns":13},{"damage":12,"enemies":"Shell Parasite","floor":18,"turns":7},{"damage":0,"enemies":"3 Byrds","floor":20,"turns":4},{"damage":0,"enemies":"Snake Plant","floor":21,"turns":7},{"damage":12,"enemies":"Sentry and Sphere","floor":22,"turns":12},{"damage":13,"enemies":"Book of Stabbing","floor":23,"turns":8},{"damage":5,"enemies":"Centurion and Healer","floor":25,"turns":13},{"damage":11,"enemies":"Snecko","floor":31,"turns":5},{"damage":9,"enemies":"Champ","floor":33,"turns":10},{"damage":4,"enemies":"Orb Walker","floor":35,"turns":4},{"damage":0,"enemies":"3 Shapes","floor":38,"turns":5},{"damage":28,"enemies":"Spire Growth","floor":48,"turns":7},{"damage":38,"enemies":"Time Eater","floor":50,"turns":12}],"seed_played":"-3325149841724283676","potions_obtained":[{"floor":2,"key":"AttackPotion"},{"floor":3,"key":"SneckoOil"},{"floor":10,"key":"Poison Potion"},{"floor":19,"key":"AttackPotion"},{"floor":22,"key":"PowerPotion"},{"floor":23,"key":"Weak Potion"},{"floor":33,"key":"Poison Potion"},{"floor":38,"key":"Block Potion"}],"is_trial":false,"path_per_floor":["M","M","M","$","M","R","M","R","T","M","?","?","R","?","R","B",null,"M","?","M","M","M","E","R","M","T","?","R","$","R","M","R","B",null,"M","?","$","M","?","R","R","$","T","?","$","R","?","M","R","B",null],"character_chosen":"DEFECT","items_purchased":["WingedGreaves","Orrery","Membership Card","Amplify"],"campfire_rested":0,"item_purchase_floors":[29,29,37,37],"current_hp_per_floor":[75,75,75,75,75,75,72,72,72,71,76,76,76,73,73,73,80,68,68,68,68,63,57,57,59,59,59,59,59,59,55,55,53,80,80,70,70,77,77,77,77,77,77,77,77,77,77,59,59,33],"gold":47,"neow_bonus":"THREE_ENEMY_KILL","is_prod":false,"is_daily":false,"chose_seed":false,"campfire_upgraded":12,"win_rate":0,"timestamp":1568196301,"path_taken":["M","M","M","$","M","R","M","R","T","M","?","?","R","?","R","BOSS","M","?","?","?","?","E","R","M","T","?","R","$","R","M","R","BOSS","M","?","$","M","?","R","R","$","T","?","?","R","?","M","R","BOSS"],"build_version":"2019-09-10","purchased_purges":2,"victory":true,"max_hp_per_floor":[75,75,75,75,75,75,75,75,75,75,80,80,80,80,80,80,80,80,80,80,80,80,80,80,80,80,80,80,80,80,80,80,80,80,80,80,80,80,80,80,80,80,80,80,80,80,80,80,80,80],"card_choices":[{"not_picked":["Steam","Redo"],"picked":"Cold Snap","floor":1},{"not_picked":["Barrage","Redo","Sweeping Beam"],"picked":"SKIP","floor":2},{"not_picked":["Stack","Hologram"],"picked":"Buffer","floor":3},{"not_picked":["BootSequence","Tempest"],"picked":"Defragment","floor":5},{"not_picked":["Gash","Sweeping Beam"],"picked":"Go for the Eyes","floor":7},{"not_picked":["BootSequence","Go for the Eyes"],"picked":"Cold Snap","floor":10},{"not_picked":["Hyperbeam","Rainbow","Buffer"],"picked":"Creative AI","floor":16},{"not_picked":["Compile Driver","Cold Snap","Sweeping Beam"],"picked":"Leap+1","floor":18},{"not_picked":["Streamline","Reinforced Body","Turbo"],"picked":"BootSequence","floor":20},{"not_picked":["Redo","Compile Driver","Barrage"],"picked":"Self Repair","floor":21},{"not_picked":["Steam","Cold Snap","Barrage+1","Doom and Gloom"],"picked":"SKIP","floor":22},{"not_picked":["Chill+1","Multi-Cast","Reprogram"],"picked":"Conserve Battery+1","floor":23},{"not_picked":["Go for the Eyes","Gash","Rip and Tear+1"],"picked":"Lockon","floor":25},{"not_picked":["Hello World","Leap","Redo"],"picked":"Hologram+1","floor":29},{"not_picked":["Doom and Gloom","Static Discharge","Rip and Tear"],"picked":"Loop","floor":29},{"not_picked":["Hologram+1","Melter","Hyperbeam"],"picked":"Ball Lightning","floor":31},{"not_picked":["Hyperbeam","Thunder Strike","Fission"],"picked":"Reboot","floor":33},{"not_picked":["Stack","Turbo","Streamline","Auto Shields"],"picked":"SKIP","floor":35},{"not_picked":["Skim","Barrage","Meteor Strike"],"picked":"Capacitor","floor":38},{"not_picked":["Heatsinks","Aggregate","Sweeping Beam+1","Stack+1"],"picked":"SKIP","floor":48}],"player_experience":422239,"relics_obtained":[{"floor":9,"key":"MawBank"},{"floor":23,"key":"Toy Ornithopter"}],"event_choices":[{"damage_healed":0,"gold_gain":0,"player_choice":"Donut","damage_taken":0,"max_hp_gain":5,"max_hp_loss":0,"event_name":"Big Fish","floor":11,"gold_loss":0},{"damage_healed":0,"gold_gain":0,"player_choice":"Ignored","damage_taken":0,"max_hp_gain":0,"max_hp_loss":0,"event_name":"Liars Game","floor":12,"gold_loss":0},{"damage_healed":0,"gold_gain":0,"player_choice":"Success","damage_taken":3,"relics_obtained":["Question Card"],"max_hp_gain":0,"max_hp_loss":0,"event_name":"Scrap Ooze","floor":14,"gold_loss":0},{"damage_healed":0,"gold_gain":0,"player_choice":"Bought 1 Potion","damage_taken":0,"max_hp_gain":0,"max_hp_loss":0,"event_name":"The Woman in Blue","floor":19,"gold_loss":0},{"damage_healed":0,"gold_gain":99,"player_choice":"Stole From Cult","damage_taken":0,"max_hp_gain":0,"max_hp_loss":0,"event_name":"Nest","floor":27,"gold_loss":0},{"damage_healed":0,"gold_gain":0,"player_choice":"Embrace Madness","damage_taken":10,"max_hp_gain":0,"max_hp_loss":0,"event_name":"Winding Halls","floor":36,"gold_loss":0,"cards_obtained":["Madness","Madness"]},{"damage_healed":0,"gold_gain":0,"player_choice":"Memory 1","damage_taken":0,"max_hp_gain":0,"max_hp_loss":0,"event_name":"SensoryStone","floor":39,"gold_loss":0},{"damage_healed":0,"gold_gain":0,"player_choice":"Ignored","damage_taken":0,"max_hp_gain":0,"max_hp_loss":0,"event_name":"Mysterious Sphere","floor":44,"gold_loss":0},{"damage_healed":0,"gold_gain":0,"player_choice":"Ignored","damage_taken":0,"max_hp_gain":0,"max_hp_loss":0,"event_name":"NoteForYourself","floor":47,"gold_loss":0}],"is_beta":true,"boss_relics":[{"not_picked":["Coffee Dripper","Ectoplasm"],"picked":"Cursed Key"},{"not_picked":["Philosopher\u0027s Stone","SacredBark"],"picked":"Nuclear Battery"}],"items_purged_floors":[4,29],"is_endless":false,"potions_floor_spawned":[2,3,10,22,23,33,38],"ascension_level":0}