{"path_per_floor":["M","M","M","M","M","E","M","R","T","M","R","E","R","E","R","B",null,"M","M","?","M","?","E","?","R","T","M","$","M","E","?","R","B",null,"M","?","M","$","?","E","$","R","T","$","R","E","M","M","R","B"],"character_chosen":"DEFECT","items_purchased":["Frozen Egg 2","Loop","Pear"],"gold_per_floor":[115,135,149,133,143,168,180,180,180,195,195,222,222,252,252,350,380,397,417,332,349,349,374,344,344,344,362,51,68,97,97,97,194,194,204,259,270,8,0,29,29,29,103,28,28,54,71,83,83,83],"floor_reached":51,"campfire_rested":3,"playtime":5500,"current_hp_per_floor":[75,70,75,56,36,15,25,47,47,47,47,40,62,69,69,66,80,80,80,80,66,50,25,25,49,49,44,44,47,48,48,48,34,80,80,80,80,90,90,90,90,90,90,90,90,90,90,90,90,65],"items_purged":["Strike_B"],"gold":83,"score":792,"play_id":"4ed0d5f2-48f3-4a90-8f33-652dee1f596a","local_time":"20180430001608","is_prod":false,"is_daily":false,"chose_seed":false,"is_ascension_mode":false,"campfire_upgraded":5,"timestamp":1525072568,"path_taken":["M","M","?","M","?","E","M","R","T","M","R","E","R","E","R","BOSS","M","M","?","M","?","E","?","R","T","M","$","M","E","?","R","BOSS","M","?","M","$","?","E","$","R","T","?","R","E","?","M","R","BOSS"],"build_version":"2018-04-27v3","seed_source_timestamp":517858554795018,"purchased_purges":1,"victory":true,"master_deck":["Strike_B+1","Strike_B+1","Defend_B","Defend_B","Defend_B","Defend_B","Zap","Dualcast","Storm+1","Self Repair+1","Self Repair","Leap","Conserve Battery","Blaster","Stack","Storm+1","Capacitor","Conserve Battery+1","Capacitor","Leap","Rainbow+1","Barrage","Coolheaded+1","Capacitor+1","Glacier+1","Prime","Capacitor","Stack+1","Loop+1","Darkness+1","Impulse+1","Creative AI+1","Go for the Eyes+1","Defragment+1","Beam Cell+1","Beam Cell","Impulse+1","Chaos+1","Storm+1","Static Discharge+1"],"max_hp_per_floor":[75,75,75,75,75,75,75,75,75,75,75,75,75,75,75,75,80,80,80,80,80,80,80,80,80,80,80,80,80,80,80,80,80,80,80,80,80,90,90,90,90,90,90,90,90,90,90,90,90,90],"relics":["Cracked Core","Bag of Marbles","Dream Catcher","Whetstone","Question Card","Orichalcum","Tiny House","Toxic Egg 2","Enchiridion","Mummified Hand","Bottled Tornado","Frozen Egg 2","Letter Opener","Black Star","Girya","Pear","Red Mask","Vajra","Prayer Wheel","Gremlin Horn","Omamori","Regal Pillow"],"card_choices":[{"not_picked":["Impulse","Tempest"],"picked":"Storm","floor":1},{"not_picked":["Streamline","Cold Snap"],"picked":"Self Repair","floor":2},{"not_picked":["Blizzard","Melter"],"picked":"Self Repair","floor":3},{"not_picked":["Ball Lightning","Axe Kick"],"picked":"Leap","floor":4},{"not_picked":["Ball Lightning","Impulse"],"picked":"Conserve Battery","floor":5},{"not_picked":["Prime","Skim"],"picked":"Blaster","floor":6},{"not_picked":["Streamline","Sweeping Beam"],"picked":"Stack","floor":7},{"not_picked":["Beam Cell","Reprogram"],"picked":"Storm","floor":8},{"not_picked":["Auto Shields","Axe Kick"],"picked":"Capacitor","floor":10},{"not_picked":["Ball Lightning","White Noise"],"picked":"Conserve Battery","floor":12},{"not_picked":["Stack","Tempest","Hologram"],"picked":"Capacitor","floor":13},{"not_picked":["Axe Kick","Streamline","Tempest"],"picked":"Leap","floor":14},{"not_picked":["Reboot","Redo","All For One"],"picked":"Rainbow","floor":16},{"not_picked":["Streamline","Impulse","Axe Kick"],"picked":"Barrage","floor":17},{"not_picked":["Auto Shields","Cold Snap","Go for the Eyes"],"picked":"Coolheaded","floor":18},{"not_picked":["Coolheaded","Leap","Steam Power"],"picked":"Capacitor","floor":19},{"not_picked":["Skim","Hologram","Melter"],"picked":"Glacier","floor":21},{"not_picked":["Blizzard","Force Field","Sweeping Beam"],"picked":"Prime","floor":23},{"not_picked":["Gash","Ball Lightning","Sweeping Beam"],"picked":"Capacitor","floor":25},{"not_picked":["Genetic Algorithm","Ball Lightning","Hello World"],"picked":"Stack","floor":27},{"not_picked":["Skim","Chill","Doom and Gloom"],"picked":"Darkness","floor":29},{"not_picked":["Beam Cell","Axe Kick","Ball Lightning"],"picked":"Impulse","floor":30},{"not_picked":["Reboot","Thunder Strike","Amplify"],"picked":"Creative AI","floor":33},{"not_picked":["Cold Snap","Impulse","Reinforced Body"],"picked":"Go for the Eyes","floor":35},{"not_picked":["Beam Cell","Tempest","Capacitor"],"picked":"Defragment","floor":36},{"not_picked":["Leap","Ball Lightning","Cold Snap"],"picked":"Beam Cell","floor":37},{"not_picked":["Amplify","Leap","All For One"],"picked":"Beam Cell","floor":40},{"not_picked":["Gash","Streamline","Conserve Battery"],"picked":"Impulse","floor":43},{"not_picked":["Scrape","Flux Capacitor","Ball Lightning"],"picked":"Chaos","floor":46},{"not_picked":["Axe Kick","Blaster","Beam Cell"],"picked":"Storm","floor":47},{"not_picked":["Stack","White Noise","Gash"],"picked":"Static Discharge","floor":48}],"player_experience":30050,"potions_floor_usage":[7,10,23,23,23,30,30,50],"damage_taken":[{"damage":0,"enemies":"Cultist","floor":1,"turns":3},{"damage":5,"enemies":"Small Slimes","floor":2,"turns":3},{"damage":1,"enemies":"Jaw Worm","floor":3,"turns":4},{"damage":33,"enemies":"Exordium Thugs","floor":4,"turns":5},{"damage":34,"enemies":"Large Slime","floor":5,"turns":9},{"damage":35,"enemies":"Gremlin Nob","floor":6,"turns":5},{"damage":4,"enemies":"Blue Slaver","floor":7,"turns":4},{"damage":0,"enemies":"Lots of Slimes","floor":10,"turns":1},{"damage":17,"enemies":"3 Sentries","floor":12,"turns":6},{"damage":3,"enemies":"Lagavulin","floor":14,"turns":6},{"damage":20,"enemies":"The Guardian","floor":16,"turns":13},{"damage":14,"enemies":"Chosen","floor":18,"turns":5},{"damage":16,"enemies":"Shell Parasite","floor":19,"turns":8},{"damage":31,"enemies":"Centurion and Healer","floor":21,"turns":8},{"damage":67,"enemies":"Book of Stabbing","floor":23,"turns":9},{"damage":12,"enemies":"3 Cultists","floor":27,"turns":4},{"damage":14,"enemies":"Snake Plant","floor":29,"turns":2},{"damage":6,"enemies":"Slavers","floor":30,"turns":5},{"damage":31,"enemies":"Automaton","floor":33,"turns":8},{"damage":0,"enemies":"Orb Walker","floor":35,"turns":1},{"damage":1,"enemies":"Mysterious Sphere","floor":36,"turns":3},{"damage":0,"enemies":"3 Shapes","floor":37,"turns":2},{"damage":1,"enemies":"Nemesis","floor":40,"turns":5},{"damage":2,"enemies":"Giant Head","floor":46,"turns":6},{"damage":0,"enemies":"3 Darklings","floor":47,"turns":1},{"damage":0,"enemies":"Sphere and 2 Shapes","floor":48,"turns":1},{"damage":32,"enemies":"Time Eater","floor":50,"turns":4}],"event_choices":[{"event_name":"Addict","player_choice":"Obtained Relic","floor":20,"damage_taken":0},{"event_name":"Cursed Tome","player_choice":"Obtained Book","floor":22,"damage_taken":0},{"event_name":"The Woman in Blue","player_choice":"Bought 2 Potions","floor":24,"damage_taken":0},{"event_name":"Bonfire Elementals","player_choice":"BASIC","floor":31,"damage_taken":0},{"event_name":"Mysterious Sphere","player_choice":"Fight","floor":36,"damage_taken":0},{"event_name":"Tomb of Lord Red Mask","player_choice":"Paid","floor":39,"damage_taken":0}],"boss_relics":[{"not_picked":["Runic Dome","Lizard Tail"],"picked":"Tiny House"},{"not_picked":["Orrery","Velvet Choker"],"picked":"Black Star"}],"potions_floor_spawned":[2,4,6,12,14,21,27,29,37,47,48],"seed_played":"8587243279837768529","ascension_level":0,"is_trial":false}