{"gold_per_floor":[113,128,142,162,34,34,69,69,69,96,114,140,140,157,157,259,259,273,273,323,117,42,374,385,72,148,148,166,166,166],"floor_reached":30,"playtime":2086,"items_purged":["Strike_R","Dropkick"],"score":308,"play_id":"2c875ef5-fe0b-46e9-8bb0-fc64ac136af0","local_time":"20180707020548","is_ascension_mode":true,"campfire_choices":[{"floor":6,"key":"REST"},{"data":"Rampage","floor":8,"key":"SMITH"},{"floor":15,"key":"REST"},{"floor":29,"key":"REST"}],"neow_cost":"NONE","seed_source_timestamp":96906785900365,"circlet_count":0,"master_deck":["Sword Boomerang","Rampage+1","Second Wind","Armaments","Sword Boomerang","Flex","Fire Breathing+1","Twin Strike","Pummel","Ghostly Armor","Headbutt","Juggernaut+1","Sword Boomerang","Clash","Anger","Heavy Blade","Shrug It Off","Inflame+1","Heavy Blade","Ghostly Armor+1","True Grit","Rampage+1"],"relics":["Burning Blood","Frozen Egg 2","Gremlin Horn","Vajra","Turnip","Pandora\u0027s Box","Old Coin","Girya","Toolbox"],"potions_floor_usage":[12,12,16,28],"damage_taken":[{"damage":10,"enemies":"Small Slimes","floor":1,"turns":4},{"damage":10,"enemies":"2 Louse","floor":2,"turns":3},{"damage":4,"enemies":"Jaw Worm","floor":3,"turns":3},{"damage":35,"enemies":"Gremlin Gang","floor":4,"turns":5},{"damage":25,"enemies":"3 Sentries","floor":7,"turns":8},{"damage":37,"enemies":"Lagavulin","floor":10,"turns":6},{"damage":8,"enemies":"Exordium Wildlife","floor":11,"turns":3},{"damage":4,"enemies":"Gremlin Nob","floor":12,"turns":3},{"damage":2,"enemies":"Lots of Slimes","floor":14,"turns":2},{"damage":32,"enemies":"Slime Boss","floor":16,"turns":9},{"damage":22,"enemies":"2 Thieves","floor":18,"turns":3},{"damage":43,"enemies":"Slavers","floor":23,"turns":5},{"damage":4,"enemies":"Chosen","floor":24,"turns":3},{"damage":20,"enemies":"Slaver and Parasite","floor":28,"turns":5},{"damage":40,"enemies":"Book of Stabbing","floor":30,"turns":4}],"seed_played":"2662982355744610365","potions_obtained":[{"floor":1,"key":"GamblersBrew"},{"floor":10,"key":"GamblersBrew"},{"floor":11,"key":"Block Potion"},{"floor":12,"key":"AttackPotion"},{"floor":24,"key":"GamblersBrew"},{"floor":28,"key":"GamblersBrew"}],"is_trial":false,"path_per_floor":["M","M","M","M","$","R","E","R","T","E","M","E","?","M","R","B",null,"M","?","?","$","?","E","M","$","T","?","M","R"],"character_chosen":"IRONCLAD","items_purchased":["Flex","Inflame+1","Heavy Blade","Girya"],"campfire_rested":3,"item_purchase_floors":[5,21,21,25],"current_hp_per_floor":[76,72,74,45,45,69,50,50,50,19,17,19,12,16,40,14,80,64,64,64,64,64,27,29,29,29,29,15,39,0],"gold":166,"neow_bonus":"TRANSFORM_CARD","is_prod":false,"is_daily":false,"chose_seed":false,"campfire_upgraded":1,"win_rate":0,"timestamp":1530954348,"path_taken":["M","M","M","M","$","R","E","R","T","E","M","E","?","M","R","BOSS","M","?","?","$","?","E","M","$","T","?","M","R","E"],"build_version":"2018-07-05","purchased_purges":2,"victory":false,"max_hp_per_floor":[80,80,80,80,80,80,80,80,80,80,80,80,80,80,80,80,80,80,80,80,80,80,80,80,80,80,80,80,80,80],"card_choices":[{"not_picked":["Pommel Strike","Flex"],"picked":"Rampage","floor":1},{"not_picked":["Body Slam","Dropkick"],"picked":"Second Wind","floor":2},{"not_picked":["Cleave","Entrench"],"picked":"Armaments","floor":3},{"not_picked":["Thunderclap","Cleave"],"picked":"Sword Boomerang","floor":4},{"not_picked":["Shrug It Off","Entrench"],"picked":"Fire Breathing","floor":7},{"not_picked":["Thunderclap","Havoc"],"picked":"Twin Strike","floor":10},{"not_picked":["True Grit","Bludgeon"],"picked":"Pummel","floor":11},{"not_picked":["Intimidate","Iron Wave"],"picked":"Ghostly Armor","floor":12},{"not_picked":["Armaments","Rage"],"picked":"Headbutt","floor":14},{"not_picked":["Bludgeon","Berserk+1"],"picked":"Juggernaut+1","floor":16},{"not_picked":["Seeing Red+1","Flex"],"picked":"Shrug It Off","floor":18},{"not_picked":["Havoc","Twin Strike"],"picked":"Ghostly Armor+1","floor":23},{"not_picked":["Corruption+1","Clothesline"],"picked":"True Grit","floor":24},{"not_picked":["Armaments","Perfected Strike"],"picked":"Rampage+1","floor":28}],"player_experience":150254,"relics_obtained":[{"floor":7,"key":"Frozen Egg 2"},{"floor":9,"key":"Gremlin Horn"},{"floor":10,"key":"Vajra"},{"floor":12,"key":"Turnip"},{"floor":23,"key":"Old Coin"},{"floor":26,"key":"Toolbox"}],"event_choices":[{"event_name":"Golden Wing","player_choice":"Card Removal","floor":13,"damage_taken":0},{"event_name":"Back to Basics","player_choice":"Elegance","floor":19,"damage_taken":0},{"event_name":"The Joust","player_choice":"Bet on Murderer","floor":20,"damage_taken":0},{"event_name":"Beggar","player_choice":"Gave Gold","floor":22,"damage_taken":0},{"event_name":"Ghosts","player_choice":"Ignored","floor":27,"damage_taken":0}],"boss_relics":[{"not_picked":["Runic Cube","Busted Crown"],"picked":"Pandora\u0027s Box"}],"items_purged_floors":[5,21],"is_endless":false,"potions_floor_spawned":[1,10,11,12,24,28],"killed_by":"Book of Stabbing","ascension_level":3}