{"gold_per_floor":[115,1,20,35,135,166,166,184,184,197,208,224,41,56,56,157,157,177,42,55,65,35,66,78,100,112,124,152,164],"floor_reached":29,"playtime":4775,"items_purged":["Strike_G"],"score":251,"play_id":"afac4123-284e-4bc6-93a0-2c377b6a66ce","local_time":"20190310182902","is_ascension_mode":false,"campfire_choices":[{"data":"Envenom","floor":7,"key":"SMITH"},{"floor":15,"key":"REST"},{"floor":24,"key":"REST"}],"neow_cost":"NONE","seed_source_timestamp":930563328442006,"circlet_count":0,"master_deck":["Defend_G","Defend_G","Defend_G","Defend_G","Defend_G","Strike_G","Strike_G","Strike_G","Strike_G","Survivor","Neutralize+1","Poisoned Stab","Noxious Fumes","Catalyst","Deadly Poison","Envenom+1","Blur","Poisoned Stab","Deflect","Blade Dance","Backstab","Slice","Dagger Spray","Die Die Die","Dagger Spray+1","Deadly Poison","Deflect","Noxious Fumes","Well Laid Plans","Infinite Blades","Blade Dance+1","Cloak And Dagger","Accuracy+1"],"relics":["Ring of the Snake","The Courier","Bottled Flame","TwistedFunnel","Lizard Tail","MawBank","Mummified Hand","Nilry\u0027s Codex"],"potions_floor_usage":[20,21,23,23],"damage_taken":[{"damage":0,"enemies":"2 Louse","floor":1,"turns":4},{"damage":0,"enemies":"Cultist","floor":3,"turns":4},{"damage":0,"enemies":"Jaw Worm","floor":4,"turns":3},{"damage":27,"enemies":"3 Sentries","floor":6,"turns":8},{"damage":0,"enemies":"2 Fungi Beasts","floor":8,"turns":4},{"damage":4,"enemies":"Blue Slaver","floor":10,"turns":4},{"damage":0,"enemies":"3 Louse","floor":11,"turns":4},{"damage":5,"enemies":"2 Fungi Beasts","floor":12,"turns":4},{"damage":0,"enemies":"Exordium Thugs","floor":14,"turns":3},{"damage":20,"enemies":"Hexaghost","floor":16,"turns":7},{"damage":13,"enemies":"Shell Parasite","floor":18,"turns":5},{"damage":17,"enemies":"2 Thieves","floor":20,"turns":4},{"damage":42,"enemies":"Shelled Parasite and Fungi","floor":21,"turns":4},{"damage":27,"enemies":"Slavers","floor":23,"turns":4},{"damage":3,"enemies":"3 Cultists","floor":25,"turns":3},{"damage":0,"enemies":"Centurion and Healer","floor":28,"turns":5},{"damage":14,"enemies":"Snake Plant","floor":29,"turns":2}],"seed_played":"1573054195817613628","potions_obtained":[{"floor":1,"key":"Swift Potion"},{"floor":8,"key":"Strength Potion"},{"floor":11,"key":"Ancient Potion"},{"floor":21,"key":"Block Potion"},{"floor":28,"key":"Explosive Potion"}],"is_trial":false,"path_per_floor":["M","$","M","M","?","E","R","M","T","M","M","M","$","M","R","B",null,"M","$","M","M","$","E","R","M","T","?","M","M"],"character_chosen":"THE_SILENT","items_purchased":["Noxious Fumes","Catalyst","Slice","TwistedFunnel","Deadly Poison","Deflect","Infinite Blades"],"campfire_rested":2,"item_purchase_floors":[2,2,13,13,19,19,22],"current_hp_per_floor":[70,70,70,70,70,43,43,43,43,39,39,34,34,34,55,35,70,57,57,40,35,35,8,29,26,26,10,10,0],"gold":164,"neow_bonus":"UPGRADE_CARD","is_prod":false,"is_daily":false,"chose_seed":false,"campfire_upgraded":1,"win_rate":0,"timestamp":1552267742,"path_taken":["M","$","M","M","?","E","R","M","T","M","M","M","$","M","R","BOSS","M","$","M","M","?","E","R","M","T","?","M","M"],"build_version":"2019-02-06","purchased_purges":1,"victory":false,"max_hp_per_floor":[70,70,70,70,70,70,70,70,70,70,70,70,70,70,70,70,70,70,70,70,70,70,70,70,70,70,70,70,70],"card_choices":[{"not_picked":["Endless Agony","Dodge and Roll"],"picked":"Poisoned Stab","floor":1},{"not_picked":["Acrobatics","PiercingWail"],"picked":"Deadly Poison","floor":3},{"not_picked":["Dagger Throw","Tactician"],"picked":"Envenom","floor":4},{"not_picked":["Backflip","Dagger Throw"],"picked":"Blur","floor":6},{"not_picked":["Sucker Punch","Underhanded Strike"],"picked":"Poisoned Stab","floor":8},{"not_picked":["Dagger Throw","Endless Agony"],"picked":"Deflect","floor":10},{"not_picked":["Backflip","Riddle With Holes"],"picked":"Blade Dance","floor":11},{"not_picked":["Caltrops","Expertise"],"picked":"Backstab","floor":12},{"not_picked":["Leg Sweep","Bane"],"picked":"Dagger Spray","floor":14},{"not_picked":["Storm of Steel","Night Terror"],"picked":"Die Die Die","floor":16},{"not_picked":["Flechettes","Blade Dance"],"picked":"Dagger Spray+1","floor":18},{"not_picked":["Cloak And Dagger","Predator"],"picked":"Noxious Fumes","floor":20},{"not_picked":["Bane","Sucker Punch"],"picked":"Well Laid Plans","floor":21},{"not_picked":["Expertise","Doppelganger"],"picked":"Blade Dance+1","floor":23},{"not_picked":["Bane","Choke+1"],"picked":"Cloak And Dagger","floor":25},{"not_picked":["Sucker Punch+1","Riddle With Holes"],"picked":"Accuracy+1","floor":28}],"player_experience":256996,"relics_obtained":[{"floor":6,"key":"The Courier"},{"floor":9,"key":"Bottled Flame"},{"floor":23,"key":"MawBank"},{"floor":26,"key":"Mummified Hand"},{"floor":27,"key":"Nilry\u0027s Codex"}],"event_choices":[{"damage_healed":0,"gold_gain":100,"player_choice":"Pray","damage_taken":0,"max_hp_gain":0,"max_hp_loss":0,"event_name":"Golden Shrine","floor":5,"gold_loss":0},{"damage_healed":0,"gold_gain":0,"player_choice":"Obtained Book","damage_taken":16,"max_hp_gain":0,"max_hp_loss":0,"event_name":"Cursed Tome","floor":27,"gold_loss":0}],"is_beta":true,"boss_relics":[{"not_picked":["HoveringKite","Snecko Eye"],"picked":"Lizard Tail"}],"items_purged_floors":[19],"is_endless":false,"potions_floor_spawned":[1,8,11,14,21,28],"killed_by":"Snake Plant","ascension_level":0}