{"gold_per_floor":[119,143,143,143,163,178,178,193,193,225,225],"floor_reached":11,"playtime":445,"items_purged":[],"score":88,"play_id":"cd7f42f8-c564-48f7-8902-be486867ccad","local_time":"20190914145802","is_ascension_mode":true,"campfire_choices":[{"floor":7,"key":"RECALL"}],"neow_cost":"NONE","seed_source_timestamp":255064997912900,"circlet_count":0,"master_deck":["Strike_G","Strike_G","Strike_G","Strike_G","Strike_G","Defend_G","Defend_G","Defend_G","Defend_G","Defend_G","Survivor","Neutralize","Accuracy+1","Quick Slash","Bane","Acrobatics","Acrobatics"],"relics":["Ring of the Snake","NeowsBlessing","Darkstone Periapt","Mercury Hourglass"],"potions_floor_usage":[10,10],"damage_taken":[{"damage":0,"enemies":"Cultist","floor":1,"turns":1},{"damage":0,"enemies":"Small Slimes","floor":5,"turns":1},{"damage":0,"enemies":"2 Louse","floor":6,"turns":1},{"damage":14,"enemies":"Lots of Slimes","floor":8,"turns":6},{"damage":48,"enemies":"Lagavulin","floor":10,"turns":12},{"damage":12,"enemies":"3 Louse","floor":11,"turns":1}],"seed_played":"7440940723962413697","potions_obtained":[{"floor":5,"key":"Dexterity Potion"},{"floor":6,"key":"GamblersBrew"},{"floor":8,"key":"Poison Potion"}],"is_trial":false,"path_per_floor":["M","T","?","?","M","M","R","M","T","E","M"],"character_chosen":"THE_SILENT","items_purchased":[],"campfire_rested":0,"item_purchase_floors":[],"current_hp_per_floor":[70,70,70,70,70,70,70,56,56,8,0],"gold":225,"neow_bonus":"THREE_ENEMY_KILL","is_prod":false,"is_daily":false,"chose_seed":false,"campfire_upgraded":0,"win_rate":0,"timestamp":1568491082,"path_taken":["M","?","?","?","M","M","R","?","T","E","M"],"build_version":"2019-07-17","purchased_purges":0,"victory":false,"max_hp_per_floor":[70,70,70,70,70,70,70,70,70,70,70],"card_choices":[{"not_picked":["Quick Slash","Terror"],"picked":"Accuracy","floor":1},{"not_picked":["Underhanded Strike","Sucker Punch"],"picked":"Quick Slash","floor":5},{"not_picked":["Outmaneuver","Expertise"],"picked":"Bane","floor":6},{"not_picked":["Die Die Die","Noxious Fumes"],"picked":"Acrobatics","floor":8},{"not_picked":["Distraction","Heel Hook"],"picked":"Acrobatics","floor":10}],"player_experience":393259,"relics_obtained":[{"floor":9,"key":"Darkstone Periapt"},{"floor":10,"key":"Mercury Hourglass"}],"event_choices":[{"damage_healed":0,"gold_gain":0,"player_choice":"Leave","damage_taken":0,"max_hp_gain":0,"max_hp_loss":0,"event_name":"The Cleric","floor":3,"gold_loss":0},{"damage_healed":0,"gold_gain":0,"player_choice":"Upgraded","damage_taken":0,"max_hp_gain":0,"max_hp_loss":0,"event_name":"Upgrade Shrine","floor":4,"gold_loss":0,"cards_upgraded":["Accuracy"]}],"is_beta":false,"boss_relics":[],"items_purged_floors":[],"is_endless":false,"potions_floor_spawned":[5,6,8],"killed_by":"3 Louse","ascension_level":4}