{"gold_per_floor":[118,134,134,59,59,91,91,110,160,160,175,200,200,225,237,345,357,384,415,440,465,492,537,549,561,573,602,614],"floor_reached":28,"playtime":1188,"items_purged":["Bash"],"score":250,"play_id":"fc68cd58-eb4a-4b8c-acd7-84e3b7e07d9f","local_time":"20190902084210","is_ascension_mode":false,"campfire_choices":[{"data":"Perfected Strike","floor":7,"key":"SMITH"},{"data":"Rupture","floor":10,"key":"SMITH"},{"data":"Defend_R","floor":15,"key":"SMITH"},{"floor":25,"key":"REST"}],"neow_cost":"NONE","seed_source_timestamp":107247122879642,"circlet_count":0,"master_deck":["Strike_R","Strike_R","Strike_R","Strike_R","Strike_R","Defend_R+1","Defend_R","Defend_R","Perfected Strike+1","Rupture+1","Juggernaut","Rage","Necronomicurse","Pain","Juggernaut"],"relics":["Burning Blood","PreservedInsect","Happy Flower","Lantern","Oddly Smooth Stone","MawBank","Cursed Key","FossilizedHelix","Necronomicon","Champion Belt"],"potions_floor_usage":[6,11,16,20,22,28],"damage_taken":[{"damage":1,"enemies":"Cultist","floor":1,"turns":3},{"damage":0,"enemies":"Small Slimes","floor":2,"turns":3},{"damage":31,"enemies":"Lagavulin","floor":6,"turns":5},{"damage":1,"enemies":"2 Louse","floor":8,"turns":2},{"damage":0,"enemies":"Looter","floor":11,"turns":2},{"damage":6,"enemies":"Gremlin Nob","floor":12,"turns":3},{"damage":67,"enemies":"Slime Boss","floor":16,"turns":18},{"damage":21,"enemies":"Shell Parasite","floor":18,"turns":4},{"damage":16,"enemies":"Spheric Guardian","floor":19,"turns":4},{"damage":8,"enemies":"Snake Plant","floor":20,"turns":4},{"damage":21,"enemies":"Sentry and Sphere","floor":21,"turns":5},{"damage":20,"enemies":"Cultist and Chosen","floor":22,"turns":6},{"damage":33,"enemies":"Book of Stabbing","floor":23,"turns":5},{"damage":18,"enemies":"Centurion and Healer","floor":27,"turns":6},{"damage":18,"enemies":"Shelled Parasite and Fungi","floor":28,"turns":3}],"seed_played":"-2710533925350768902","potions_obtained":[{"floor":1,"key":"Explosive Potion"},{"floor":8,"key":"SkillPotion"},{"floor":12,"key":"Regen Potion"},{"floor":16,"key":"Regen Potion"},{"floor":21,"key":"Poison Potion"},{"floor":23,"key":"GamblersBrew"},{"floor":27,"key":"PowerPotion"}],"is_trial":false,"path_per_floor":["M","M","?","$","?","E","R","M","T","R","M","E","?","T","R","B",null,"M","M","M","M","M","E","?","R","T","M","M"],"character_chosen":"IRONCLAD","items_purchased":[],"campfire_rested":1,"item_purchase_floors":[],"current_hp_per_floor":[88,88,76,76,69,44,44,49,49,49,55,55,84,84,84,38,88,73,63,73,58,44,17,1,27,27,15,0],"gold":614,"neow_bonus":"TEN_PERCENT_HP_BONUS","is_prod":false,"is_daily":false,"chose_seed":false,"campfire_upgraded":3,"win_rate":0.0,"timestamp":1567438930,"path_taken":["M","?","?","$","?","E","R","M","T","R","M","E","?","?","R","BOSS","M","?","M","M","M","E","?","R","T","M","M"],"build_version":"2019-07-17","purchased_purges":1,"victory":false,"max_hp_per_floor":[88,88,88,88,88,88,88,88,88,88,88,88,88,88,88,88,88,88,88,88,88,88,88,88,88,88,88,88],"card_choices":[{"not_picked":["Corruption","Anger"],"picked":"Perfected Strike","floor":1},{"not_picked":["Blood for Blood","Second Wind","Uppercut"],"picked":"SKIP","floor":2},{"not_picked":["Rupture","Blood for Blood","Armaments"],"picked":"SKIP","floor":6},{"not_picked":["Warcry","Havoc"],"picked":"Rupture","floor":8},{"not_picked":["Body Slam","Bloodletting","Battle Trance"],"picked":"SKIP","floor":11},{"not_picked":["Carnage","Uppercut","Heavy Blade"],"picked":"SKIP","floor":12},{"not_picked":["Impervious","Dark Embrace"],"picked":"Juggernaut","floor":16},{"not_picked":["Ghostly Armor+1","Body Slam+1","Shockwave"],"picked":"SKIP","floor":18},{"not_picked":["Body Slam+1","Corruption+1"],"picked":"Rage","floor":19},{"not_picked":["Entrench+1","Thunderclap","Sword Boomerang"],"picked":"SKIP","floor":20},{"not_picked":["Seeing Red","Headbutt","Battle Trance"],"picked":"SKIP","floor":21},{"not_picked":["Power Through","Clash+1","Thunderclap"],"picked":"SKIP","floor":22},{"not_picked":["Blood for Blood","Thunderclap+1","Armaments"],"picked":"SKIP","floor":23},{"not_picked":["Uppercut","True Grit"],"picked":"Juggernaut","floor":27}],"player_experience":32176,"relics_obtained":[{"floor":6,"key":"Happy Flower"},{"floor":9,"key":"Lantern"},{"floor":12,"key":"Oddly Smooth Stone"},{"floor":14,"key":"MawBank"},{"floor":23,"key":"FossilizedHelix"},{"floor":24,"key":"Necronomicon"},{"floor":26,"key":"Champion Belt"}],"event_choices":[{"damage_healed":0,"gold_gain":0,"player_choice":"Success","damage_taken":12,"relics_obtained":["PreservedInsect"],"max_hp_gain":0,"max_hp_loss":0,"event_name":"Scrap Ooze","floor":3,"gold_loss":0},{"cards_removed":["Defend_R"],"damage_healed":0,"gold_gain":0,"player_choice":"Card Removal","damage_taken":7,"max_hp_gain":0,"max_hp_loss":0,"event_name":"Golden Wing","floor":5,"gold_loss":0},{"damage_healed":29,"gold_gain":0,"player_choice":"Banana","damage_taken":0,"max_hp_gain":0,"max_hp_loss":0,"event_name":"Big Fish","floor":13,"gold_loss":0},{"damage_healed":0,"gold_gain":0,"player_choice":"Obtained Book","damage_taken":16,"max_hp_gain":0,"max_hp_loss":0,"event_name":"Cursed Tome","floor":24,"gold_loss":0}],"is_beta":false,"boss_relics":[{"not_picked":["Runic Dome","Astrolabe"],"picked":"Cursed Key"}],"items_purged_floors":[4],"is_endless":false,"potions_floor_spawned":[1,8,12,16,21,23,27],"killed_by":"Shelled Parasite and Fungi","ascension_level":0}