{"gold_per_floor":[111,286,300,300,265,290,290,323,323,350,413,438,470,482,494,603,615,642,654,685,697,709,721,783,814,826,838,850],"floor_reached":28,"playtime":1419,"items_purged":[],"score":272,"play_id":"fc150ad6-67ed-4fa9-9269-396f410ed097","local_time":"20190908165159","is_ascension_mode":true,"campfire_choices":[{"floor":7,"key":"RECALL"},{"floor":15,"key":"REST"},{"floor":23,"key":"REST"},{"floor":27,"key":"REST"}],"neow_cost":"NONE","seed_source_timestamp":2017946692775400,"circlet_count":0,"master_deck":["Strike_R","Strike_R+1","Strike_R","Strike_R","Strike_R","Defend_R","Defend_R","Defend_R+1","Defend_R","Bash","Cleave","Anger","Rampage+1","Cleave+1","Entrench","Clash+1","Combust","Body Slam+1","Offering","Iron Wave+1","Iron Wave+1","Rage","Seeing Red","Shrug It Off","Entrench","Injury","Doubt","Combust"],"relics":["Burning Blood","NeowsBlessing","Molten Egg 2","Kunai","Pantograph","Sundial","MawBank","Orrery"],"potions_floor_usage":[8,11,16,16,20,25,28],"damage_taken":[{"damage":0,"enemies":"Cultist","floor":1,"turns":1},{"damage":0,"enemies":"Jaw Worm","floor":3,"turns":1},{"damage":0,"enemies":"3 Sentries","floor":6,"turns":2},{"damage":27,"enemies":"Gremlin Nob","floor":8,"turns":4},{"damage":36,"enemies":"Lagavulin","floor":10,"turns":6},{"damage":27,"enemies":"Lagavulin Event","floor":11,"turns":8},{"damage":0,"enemies":"2 Louse","floor":12,"turns":1},{"damage":0,"enemies":"Large Slime","floor":13,"turns":3},{"damage":10,"enemies":"Slime Boss","floor":16,"turns":8},{"damage":36,"enemies":"Shell Parasite","floor":18,"turns":8},{"damage":35,"enemies":"Chosen","floor":20,"turns":6},{"damage":29,"enemies":"Sentry and Sphere","floor":25,"turns":9},{"damage":42,"enemies":"Gremlin Leader","floor":28,"turns":5}],"seed_played":"6943214718552740493","potions_obtained":[{"floor":1,"key":"Poison Potion"},{"floor":10,"key":"GamblersBrew"},{"floor":11,"key":"Poison Potion"},{"floor":13,"key":"Fire Potion"},{"floor":16,"key":"Strength Potion"},{"floor":18,"key":"Swift Potion"},{"floor":20,"key":"PowerPotion"}],"is_trial":false,"path_per_floor":["M","?","M","?","?","E","R","E","T","E","?","M","M","?","R","B",null,"M","?","M","?","?","R","?","M","T","R","E"],"character_chosen":"IRONCLAD","items_purchased":[],"campfire_rested":3,"item_purchase_floors":[],"current_hp_per_floor":[80,80,80,64,80,80,80,59,59,29,8,14,20,40,64,76,80,50,50,21,6,6,30,30,7,7,31,0],"gold":850,"neow_bonus":"THREE_ENEMY_KILL","is_prod":false,"is_daily":false,"chose_seed":false,"campfire_upgraded":0,"win_rate":0,"timestamp":1567975919,"path_taken":["M","?","M","?","?","E","R","E","T","E","?","M","?","?","R","BOSS","M","?","M","?","?","R","?","M","T","R","E"],"build_version":"2019-07-17","purchased_purges":0,"victory":false,"max_hp_per_floor":[80,80,80,80,80,80,80,80,80,80,80,80,80,80,80,80,80,80,80,80,85,82,82,82,82,82,82,82],"card_choices":[{"not_picked":["Fire Breathing","Searing Blow"],"picked":"Cleave","floor":1},{"not_picked":["Clash","Hemokinesis"],"picked":"Anger","floor":3},{"not_picked":["Clash","Dark Embrace"],"picked":"Rampage","floor":6},{"not_picked":["Pummel+1","Entrench"],"picked":"Cleave+1","floor":8},{"not_picked":["Rupture","Pommel Strike+1"],"picked":"Entrench","floor":10},{"not_picked":["Power Through","Rupture"],"picked":"Clash+1","floor":11},{"not_picked":["Perfected Strike+1","Armaments"],"picked":"Combust","floor":12},{"not_picked":["Warcry","True Grit"],"picked":"Body Slam+1","floor":13},{"not_picked":["Fiend Fire+1","Juggernaut"],"picked":"Offering","floor":16},{"not_picked":["Body Slam+1","Armaments"],"picked":"Iron Wave+1","floor":17},{"not_picked":["Armaments","Perfected Strike+1"],"picked":"Iron Wave+1","floor":17},{"not_picked":["True Grit","Cleave+1"],"picked":"Rage","floor":17},{"not_picked":["Disarm","Spot Weakness"],"picked":"Seeing Red","floor":17},{"not_picked":["Fiend Fire+1","Reckless Charge+1"],"picked":"Shrug It Off","floor":17},{"not_picked":["True Grit+1","Perfected Strike+1"],"picked":"Entrench","floor":18},{"not_picked":["Flex","Spot Weakness","True Grit+1"],"picked":"SKIP","floor":20},{"not_picked":["Headbutt+1","Pommel Strike+1"],"picked":"Combust","floor":25}],"player_experience":58507,"relics_obtained":[{"floor":6,"key":"Molten Egg 2"},{"floor":8,"key":"Kunai"},{"floor":9,"key":"Pantograph"},{"floor":10,"key":"Sundial"},{"floor":11,"key":"MawBank"}],"event_choices":[{"damage_healed":0,"gold_gain":175,"player_choice":"AGREE","damage_taken":0,"max_hp_gain":0,"max_hp_loss":0,"event_name":"Liars Game","floor":2,"gold_loss":0,"cards_obtained":["Doubt"]},{"damage_healed":0,"gold_gain":0,"player_choice":"Entered Light","damage_taken":16,"max_hp_gain":0,"max_hp_loss":0,"event_name":"Shining Light","floor":4,"gold_loss":0,"cards_upgraded":["Strike_R","Defend_R"]},{"damage_healed":20,"gold_gain":0,"player_choice":"Healed","damage_taken":0,"max_hp_gain":0,"max_hp_loss":0,"event_name":"The Cleric","floor":5,"gold_loss":35},{"damage_healed":0,"gold_gain":0,"player_choice":"Searched \u00272\u0027 times","damage_taken":0,"max_hp_gain":0,"max_hp_loss":0,"event_name":"Dead Adventurer","floor":11,"gold_loss":0},{"damage_healed":20,"gold_gain":0,"player_choice":"Healed and dodged fight","damage_taken":0,"max_hp_gain":0,"max_hp_loss":0,"event_name":"Mushrooms","floor":14,"gold_loss":0,"cards_obtained":["Parasite"]},{"damage_healed":0,"gold_gain":0,"player_choice":"Ignored","damage_taken":0,"max_hp_gain":0,"max_hp_loss":0,"event_name":"Vampires","floor":19,"gold_loss":0},{"damage_healed":0,"gold_gain":0,"player_choice":"Shed Blood","damage_taken":20,"max_hp_gain":5,"max_hp_loss":0,"event_name":"Forgotten Altar","floor":21,"gold_loss":0},{"damage_healed":0,"gold_gain":0,"cards_transformed":["Doubt","Parasite"],"player_choice":"Became Test Subject","damage_taken":0,"max_hp_gain":0,"max_hp_loss":0,"event_name":"Drug Dealer","floor":22,"gold_loss":0,"cards_obtained":["Injury","Doubt"]},{"damage_healed":0,"gold_gain":100,"player_choice":"Bet on Murderer","damage_taken":0,"max_hp_gain":0,"max_hp_loss":0,"event_name":"The Joust","floor":24,"gold_loss":50}],"is_beta":false,"boss_relics":[{"not_picked":["Empty Cage","Ectoplasm"],"picked":"Orrery"}],"items_purged_floors":[],"is_endless":false,"potions_floor_spawned":[1,10,11,13,16,18,20],"killed_by":"Gremlin Leader","ascension_level":1}