{"gold_per_floor":[114,114,114,114,129,129,129,159,184,243,255,297,324,336,348,460,472,499,526,638,665,692,704,746,773,810,822,834,606,607,632,632,732,732,747,747,347,362,362,362,392,407,457,472,502,22,37,52,52,52],"floor_reached":51,"playtime":2223,"items_purged":[],"score":1333,"play_id":"8c9342ac-c9f6-4e0a-8119-bbcbd0949f39","local_time":"20190907121952","daily_mods":["Cursed Run","Hoarder","Night Terrors"],"is_ascension_mode":false,"campfire_choices":[{"floor":6,"key":"REST"},{"data":"Endless Agony","floor":11,"key":"SMITH"},{"data":"Dash","floor":15,"key":"SMITH"},{"floor":23,"key":"REST"},{"data":"Prepared","floor":32,"key":"SMITH"},{"floor":40,"key":"REST"},{"floor":49,"key":"REST"}],"neow_cost":"","seed_source_timestamp":0,"circlet_count":0,"master_deck":["Defend_G+1","Defend_G+1","Defend_G+1","Defend_G+1","Defend_G+1","Survivor","Neutralize","Choke+1","Choke","Choke","Endless Agony+1","Endless Agony","Endless Agony","Dash","Dash","Dash+1","Decay","Decay","Decay","Noxious Fumes","Noxious Fumes","Noxious Fumes","PiercingWail","PiercingWail","PiercingWail","Underhanded Strike","Underhanded Strike","Underhanded Strike","Neutralize","Neutralize","Neutralize","Backflip","Backflip","Backflip","Pain","Pain","Pain","Corpse Explosion","Corpse Explosion","Corpse Explosion","Sucker Punch","Sucker Punch","Sucker Punch","Prepared","Prepared","Prepared+1","Backstab","Backstab","Backstab","Dash+1","Dash+1","Dash+1","Prepared","Prepared","Prepared","Normality","Normality","Normality","Bite","Bite","Bite","Bite","Bite","Bite","Bite","Bite","Bite","Bite","Bite","Bite","Bite","Bite","Bite","Caltrops+1","Caltrops+1","Caltrops+1","Normality","Normality","Normality","Doubt","Doubt","Doubt","After Image","After Image","After Image","Prepared","Prepared","Prepared","Normality","Normality","Normality","Neutralize","Neutralize","Neutralize","Wraith Form v2","Wraith Form v2","Wraith Form v2","Escape Plan","Escape Plan","Escape Plan","PiercingWail+1","PiercingWail+1","PiercingWail+1","Noxious Fumes","Noxious Fumes","Noxious Fumes","Quick Slash+1","Quick Slash+1","Quick Slash+1","Normality","Normality","Normality","Bouncing Flask+1","Bouncing Flask+1","Bouncing Flask+1","PiercingWail","PiercingWail","PiercingWail","Concentrate","Concentrate","Concentrate","Acrobatics","Acrobatics","Acrobatics","Backflip+1","Backflip+1","Backflip+1","Parasite","Parasite","Parasite"],"special_seed":18146,"relics":["Cursed Key","Darkstone Periapt","Du-Vu Doll","PreservedInsect","Bag of Marbles","MawBank","Mummified Hand","The Courier","Lizard Tail","Dream Catcher","Anchor","Lantern","Boot","Red Mask","Snake Skull","Fusion Hammer","Kunai","Mercury Hourglass","Pantograph","Bronze Scales","Blood Vial","Nunchaku","Medical Kit","Bottled Lightning","Bag of Preparation"],"potions_floor_usage":[],"damage_taken":[{"damage":0,"enemies":"Cultist","floor":1,"turns":4},{"damage":0,"enemies":"2 Louse","floor":5,"turns":2},{"damage":14,"enemies":"3 Sentries","floor":8,"turns":6},{"damage":0,"enemies":"Lagavulin Event","floor":10,"turns":1},{"damage":0,"enemies":"Lagavulin","floor":12,"turns":2},{"damage":0,"enemies":"Jaw Worm","floor":13,"turns":2},{"damage":29,"enemies":"The Guardian","floor":16,"turns":8},{"damage":0,"enemies":"Shell Parasite","floor":18,"turns":3},{"damage":7,"enemies":"3 Byrds","floor":19,"turns":2},{"damage":11,"enemies":"Snecko","floor":21,"turns":5},{"damage":22,"enemies":"Shelled Parasite and Fungi","floor":22,"turns":4},{"damage":14,"enemies":"Book of Stabbing","floor":24,"turns":3},{"damage":0,"enemies":"Sentry and Sphere","floor":25,"turns":3},{"damage":0,"enemies":"Masked Bandits","floor":30,"turns":1},{"damage":1,"enemies":"Collector","floor":33,"turns":4},{"damage":6,"enemies":"3 Shapes","floor":35,"turns":2},{"damage":0,"enemies":"Orb Walker","floor":38,"turns":1},{"damage":0,"enemies":"Nemesis","floor":41,"turns":1},{"damage":9,"enemies":"Transient","floor":42,"turns":5},{"damage":0,"enemies":"Sphere and 2 Shapes","floor":44,"turns":1},{"damage":2,"enemies":"Reptomancer","floor":45,"turns":2},{"damage":0,"enemies":"Maw","floor":47,"turns":1},{"damage":0,"enemies":"Writhing Mass","floor":48,"turns":1},{"damage":0,"enemies":"Time Eater","floor":50,"turns":4}],"seed_played":"1355614524646077970","potions_obtained":[{"floor":1,"key":"SpeedPotion"},{"floor":8,"key":"Explosive Potion"},{"floor":13,"key":"GhostInAJar"},{"floor":25,"key":"EssenceOfSteel"},{"floor":35,"key":"FairyPotion"}],"is_trial":false,"path_per_floor":["M","?","?","$","M","R","$","E","T","?","R","E","M","?","R","B",null,"M","M","?","M","M","R","E","M","T","?","?","$","?","T","R","B",null,"M","T","$","M","?","R","E","M","T","M","E","$","M","M","R","B",null],"character_chosen":"THE_SILENT","items_purchased":["Lantern","Boot","Mercury Hourglass","Pantograph","Medical Kit","Bottled Lightning","Bag of Preparation"],"campfire_rested":4,"item_purchase_floors":[29,29,37,37,46,46,46],"current_hp_per_floor":[70,56,31,31,31,65,65,51,69,69,69,69,69,69,69,58,101,101,94,94,83,61,96,82,82,100,79,79,79,79,97,97,115,115,111,129,129,129,129,128,128,121,139,141,143,143,146,146,141,159],"gold":52,"neow_bonus":"","is_prod":false,"is_daily":true,"chose_seed":false,"campfire_upgraded":3,"win_rate":0,"timestamp":1567873192,"path_taken":["M","?","?","$","?","R","$","E","T","?","R","E","M","?","R","BOSS","M","M","?","?","M","R","E","?","T","?","?","$","?","?","R","BOSS","M","?","$","M","?","R","E","?","T","M","E","?","M","?","R","BOSS"],"build_version":"2019-07-17","purchased_purges":0,"victory":true,"max_hp_per_floor":[70,70,70,70,70,65,65,65,83,83,83,83,83,83,83,101,101,101,101,101,101,101,96,96,96,114,79,79,79,79,97,97,115,115,115,133,133,133,133,128,128,128,146,146,146,146,146,146,141,159],"card_choices":[{"not_picked":["Dash","Flying Knee"],"picked":"Choke","floor":1},{"not_picked":["Dodge and Roll","Bane"],"picked":"Endless Agony","floor":5},{"not_picked":["Flying Knee","All Out Attack"],"picked":"Dash","floor":8},{"not_picked":["Acrobatics","Dodge and Roll"],"picked":"Noxious Fumes","floor":10},{"not_picked":["Bane","Accuracy"],"picked":"PiercingWail","floor":12},{"not_picked":["Masterful Stab","Dagger Spray"],"picked":"Underhanded Strike","floor":13},{"not_picked":["Storm of Steel","Wraith Form v2"],"picked":"Corpse Explosion","floor":16},{"not_picked":["Outmaneuver","PiercingWail+1"],"picked":"Sucker Punch","floor":18},{"not_picked":["Well Laid Plans","Dagger Throw","Sucker Punch"],"picked":"SKIP","floor":19},{"not_picked":["Deadly Poison+1","Underhanded Strike"],"picked":"Prepared","floor":21},{"not_picked":["All Out Attack","Calculated Gamble+1"],"picked":"Backstab","floor":22},{"not_picked":["Crippling Poison","Blur"],"picked":"Dash+1","floor":24},{"not_picked":["Poisoned Stab+1","Underhanded Strike"],"picked":"Prepared","floor":25},{"not_picked":["Dodge and Roll","Poisoned Stab"],"picked":"Caltrops+1","floor":30},{"not_picked":["Malaise","Grand Finale"],"picked":"After Image","floor":33},{"not_picked":["Dagger Spray","Dagger Throw+1"],"picked":"Prepared","floor":35},{"not_picked":["Dagger Throw+1","Well Laid Plans","Underhanded Strike"],"picked":"SKIP","floor":38},{"not_picked":["Blur","Prepared"],"picked":"PiercingWail+1","floor":40},{"not_picked":["Deadly Poison","Outmaneuver"],"picked":"Noxious Fumes","floor":41},{"not_picked":["Slice+1","Cloak And Dagger+1"],"picked":"Quick Slash+1","floor":42},{"not_picked":["Quick Slash","Heel Hook"],"picked":"Bouncing Flask+1","floor":44},{"not_picked":["Doppelganger","Poisoned Stab"],"picked":"PiercingWail","floor":45},{"not_picked":["Dagger Spray+1","Footwork+1"],"picked":"Concentrate","floor":47},{"not_picked":["Slice+1","Cloak And Dagger"],"picked":"Acrobatics","floor":48},{"not_picked":["Dagger Throw+1","Leg Sweep+1"],"picked":"Backflip+1","floor":49}],"player_experience":39255,"relics_obtained":[{"floor":8,"key":"Bag of Marbles"},{"floor":9,"key":"MawBank"},{"floor":12,"key":"The Courier"},{"floor":24,"key":"Dream Catcher"},{"floor":26,"key":"Anchor"},{"floor":30,"key":"Red Mask"},{"floor":31,"key":"Snake Skull"},{"floor":36,"key":"Kunai"},{"floor":41,"key":"Bronze Scales"},{"floor":43,"key":"Blood Vial"},{"floor":45,"key":"Nunchaku"}],"event_choices":[{"damage_healed":0,"gold_gain":0,"player_choice":"Entered Light","damage_taken":14,"max_hp_gain":0,"max_hp_loss":0,"event_name":"Shining Light","floor":2,"gold_loss":0,"cards_upgraded":["Defend_G","Choke"]},{"damage_healed":0,"gold_gain":0,"player_choice":"Success","damage_taken":25,"relics_obtained":["PreservedInsect"],"max_hp_gain":0,"max_hp_loss":0,"event_name":"Scrap Ooze","floor":3,"gold_loss":0},{"damage_healed":0,"gold_gain":0,"player_choice":"Searched \u00273\u0027 times","damage_taken":0,"relics_obtained":["Mummified Hand"],"max_hp_gain":0,"max_hp_loss":0,"event_name":"Dead Adventurer","floor":10,"gold_loss":0},{"damage_healed":0,"gold_gain":0,"player_choice":"2 cards matched","damage_taken":0,"max_hp_gain":0,"max_hp_loss":0,"event_name":"Match and Keep!","floor":14,"gold_loss":0,"cards_obtained":["Neutralize","Backflip"]},{"damage_healed":0,"gold_gain":100,"player_choice":"Pray","damage_taken":0,"max_hp_gain":0,"max_hp_loss":0,"event_name":"Golden Shrine","floor":20,"gold_loss":0},{"damage_healed":0,"gold_gain":0,"player_choice":"Became a vampire","damage_taken":0,"max_hp_gain":0,"max_hp_loss":35,"event_name":"Vampires","floor":27,"gold_loss":0,"cards_obtained":["Bite","Bite","Bite","Bite","Bite"]},{"damage_healed":0,"gold_gain":0,"player_choice":"Simplicity","damage_taken":0,"max_hp_gain":0,"max_hp_loss":0,"event_name":"Back to Basics","floor":28,"gold_loss":0,"cards_upgraded":["Defend_G","Defend_G","Defend_G","Defend_G"]},{"damage_healed":0,"gold_gain":0,"player_choice":"Fought Bandits","damage_taken":0,"max_hp_gain":0,"max_hp_loss":0,"event_name":"Masked Bandits","floor":30,"gold_loss":0},{"damage_healed":0,"gold_gain":0,"player_choice":"3 cards matched","damage_taken":0,"max_hp_gain":0,"max_hp_loss":0,"event_name":"Match and Keep!","floor":39,"gold_loss":0,"cards_obtained":["Neutralize","Wraith Form v2","Escape Plan"]}],"is_beta":false,"boss_relics":[{"not_picked":["Busted Crown","Tiny House"],"picked":"Lizard Tail"},{"not_picked":["Coffee Dripper","Velvet Choker"],"picked":"Fusion Hammer"}],"items_purged_floors":[],"is_endless":false,"potions_floor_spawned":[1,8,13,21,25,30,35,44,47],"ascension_level":0}