{"gold_per_floor":[114,114,134,66,83,113,113,131,131,131,131,147,147],"floor_reached":13,"playtime":761,"items_purged":[],"score":85,"play_id":"50f8c2a0-5f56-4cf5-b1e8-89ce4155cf52","local_time":"20190906165215","is_ascension_mode":false,"campfire_choices":[{"floor":7,"key":"REST"},{"floor":11,"key":"REST"}],"neow_cost":"NONE","seed_source_timestamp":1845821162452700,"circlet_count":0,"master_deck":["Strike_G","Strike_G","Strike_G","Strike_G","Strike_G","Defend_G","Defend_G","Defend_G","Defend_G","Survivor","Neutralize","Blade Dance","Finisher","Blade Dance","Crippling Poison","Heel Hook","Burst","Finisher","Leg Sweep"],"relics":["Ring of the Snake","Kunai","Question Card","Matryoshka"],"potions_floor_usage":[],"damage_taken":[{"damage":1,"enemies":"Small Slimes","floor":1,"turns":4},{"damage":0,"enemies":"Cultist","floor":3,"turns":4},{"damage":0,"enemies":"2 Louse","floor":5,"turns":3},{"damage":25,"enemies":"Gremlin Nob","floor":6,"turns":5},{"damage":24,"enemies":"Exordium Thugs","floor":8,"turns":5},{"damage":14,"enemies":"Blue Slaver","floor":12,"turns":5},{"damage":23,"enemies":"Large Slime","floor":13,"turns":4}],"seed_played":"2374427759089435536","potions_obtained":[{"floor":3,"key":"SteroidPotion"},{"floor":5,"key":"SneckoOil"},{"floor":8,"key":"SkillPotion"},{"floor":12,"key":"FearPotion"}],"is_trial":false,"path_per_floor":["M","?","M","$","M","E","R","M","T","?","R","M","M"],"character_chosen":"THE_SILENT","items_purchased":["Crippling Poison"],"campfire_rested":2,"item_purchase_floors":[4],"current_hp_per_floor":[69,44,44,44,44,19,40,16,16,16,37,23,0],"gold":147,"neow_bonus":"THREE_CARDS","is_prod":false,"is_daily":false,"chose_seed":false,"campfire_upgraded":0,"win_rate":0,"timestamp":1567803135,"path_taken":["M","?","M","$","M","E","R","M","T","?","R","M","?"],"build_version":"2019-07-17","purchased_purges":0,"victory":false,"max_hp_per_floor":[70,70,70,70,70,70,70,70,70,70,70,70,70],"card_choices":[{"not_picked":["Deflect","Dagger Spray"],"picked":"Blade Dance","floor":0},{"not_picked":["PiercingWail","Slice"],"picked":"Finisher","floor":1},{"not_picked":["Underhanded Strike","Reflex"],"picked":"Blade Dance","floor":3},{"not_picked":["Underhanded Strike","Backflip"],"picked":"Heel Hook","floor":5},{"not_picked":["Doppelganger","Dagger Spray"],"picked":"Burst","floor":6},{"not_picked":["Flechettes","Underhanded Strike","Prepared"],"picked":"Finisher","floor":8},{"not_picked":["Deflect","Outmaneuver","Prepared"],"picked":"Leg Sweep","floor":12}],"player_experience":31199,"relics_obtained":[{"floor":6,"key":"Question Card"},{"floor":9,"key":"Matryoshka"}],"event_choices":[{"damage_healed":0,"gold_gain":0,"player_choice":"Success","damage_taken":25,"relics_obtained":["Kunai"],"max_hp_gain":0,"max_hp_loss":0,"event_name":"Scrap Ooze","floor":2,"gold_loss":0},{"cards_removed":["Defend_G"],"damage_healed":0,"gold_gain":0,"player_choice":"Purged","damage_taken":0,"max_hp_gain":0,"max_hp_loss":0,"event_name":"Purifier","floor":10,"gold_loss":0}],"is_beta":false,"boss_relics":[],"items_purged_floors":[],"is_endless":false,"potions_floor_spawned":[3,5,8,12],"killed_by":"Large Slime","ascension_level":0}