{"gold_per_floor":[113,128,147,147,49,49,80,80,80,92,128,140,327,364,376,388],"floor_reached":16,"playtime":518,"items_purged":["Shame"],"score":135,"play_id":"3ea177c1-4d04-4184-a9ce-384554a47a6e","local_time":"20190914082327","is_ascension_mode":true,"campfire_choices":[{"data":"Searing Blow","floor":8.0,"key":"SMITH"},{"data":"Searing Blow+1","floor":10.0,"key":"SMITH"},{"data":"Searing Blow+2","floor":12.0,"key":"SMITH"},{"data":"Searing Blow+3","floor":15.0,"key":"SMITH"}],"neow_cost":"CURSE","seed_source_timestamp":2115911694367,"circlet_count":0,"master_deck":["Strike_R","Strike_R","Strike_R","Strike_R","Defend_R","Defend_R","Defend_R","Defend_R","Bash","Searing Blow+4","True Grit","Injury","Warcry","Clothesline","Anger","Doubt","Shockwave"],"special_seed":0,"relics":["Burning Blood","Golden Idol","Letter Opener","MawBank"],"potions_floor_usage":[16],"damage_taken":[{"damage":1.0,"enemies":"Cultist","floor":1.0,"turns":3.0},{"damage":20.0,"enemies":"Jaw Worm","floor":2.0,"turns":4.0},{"damage":2.0,"enemies":"2 Louse","floor":3.0,"turns":4.0},{"damage":50.0,"enemies":"3 Sentries","floor":7.0,"turns":12.0},{"damage":11.0,"enemies":"Red Slaver","floor":11.0,"turns":3.0},{"damage":4.0,"enemies":"Exordium Wildlife","floor":14.0,"turns":2.0},{"damage":47,"enemies":"The Guardian","floor":16,"turns":8}],"seed_played":"-5602199570614649786","potions_obtained":[{"floor":2.0,"key":"GamblersBrew"},{"floor":7.0,"key":"Regen Potion"},{"floor":14.0,"key":"Swift Potion"}],"is_trial":false,"path_per_floor":["M","M","M","?","$","?","E","R","T","R","M","R","?","M","R","B"],"character_chosen":"IRONCLAD","items_purchased":["Warcry"],"campfire_rested":0,"item_purchase_floors":[5],"current_hp_per_floor":[96,82,86,86,86,86,42,42,42,42,46,46,46,48,48,1],"gold":388,"neow_bonus":"TWENTY_PERCENT_HP_BONUS","is_prod":false,"is_daily":false,"chose_seed":false,"campfire_upgraded":4,"win_rate":0,"timestamp":1568474607,"path_taken":["M","M","?","?","$","?","E","R","T","R","?","R","?","M","R","BOSS"],"build_version":"2019-09-12","purchased_purges":1,"victory":false,"max_hp_per_floor":[96,96,96,96,96,96,96,96,96,96,96,96,96,96,96,96],"card_choices":[{"not_picked":["True Grit","Body Slam"],"picked":"Searing Blow","floor":1.0},{"not_picked":["Feel No Pain","Havoc"],"picked":"True Grit","floor":2.0},{"not_picked":["Clothesline","Twin Strike","Flex"],"picked":"SKIP","floor":3.0},{"not_picked":["Heavy Blade","Exhume"],"picked":"Anger","floor":7.0},{"not_picked":["Havoc","Power Through","Feel No Pain"],"picked":"SKIP","floor":11.0},{"not_picked":["Wild Strike","Clothesline"],"picked":"Shockwave","floor":14.0}],"player_experience":119494,"relics_obtained":[{"floor":7.0,"key":"Letter Opener"},{"floor":9.0,"key":"MawBank"}],"event_choices":[{"damage_healed":0.0,"max_hp_gain":0.0,"max_hp_loss":0.0,"gold_gain":0.0,"event_name":"Golden Idol","player_choice":"Take Wound","floor":4.0,"gold_loss":0.0,"damage_taken":0.0,"relics_obtained":["Golden Idol"],"cards_obtained":["Injury"]},{"damage_healed":0.0,"max_hp_gain":0.0,"max_hp_loss":0.0,"gold_gain":0.0,"cards_transformed":["Strike_R"],"event_name":"Transmorgrifier","player_choice":"Transformed","floor":6.0,"gold_loss":0.0,"damage_taken":0.0,"cards_obtained":["Clothesline"]},{"damage_healed":0.0,"max_hp_gain":0.0,"max_hp_loss":0.0,"gold_gain":175.0,"event_name":"Liars Game","player_choice":"AGREE","floor":13.0,"gold_loss":0.0,"damage_taken":0.0,"cards_obtained":["Doubt"]}],"is_beta":true,"boss_relics":[],"items_purged_floors":[5],"is_endless":false,"potions_floor_spawned":[2,7,14],"killed_by":"The Guardian","ascension_level":2}