{"gold_per_floor":[111,39,58,68,84,109,109,109,132,132,207,207,1,16,16,16],"floor_reached":16,"playtime":919,"items_purged":[],"score":125,"play_id":"e3490314-5412-4bc4-ac05-ecbb76e00eed","local_time":"20181028214313","is_ascension_mode":true,"campfire_choices":[{"floor":8,"key":"REST"},{"data":"Blade Dance","floor":10,"key":"SMITH"},{"data":"Reflex","floor":12,"key":"SMITH"},{"floor":15,"key":"REST"}],"neow_cost":"TEN_PERCENT_HP_LOSS","seed_source_timestamp":354251228368403,"circlet_count":0,"master_deck":["Defend_G","Defend_G","Defend_G","Defend_G","Defend_G","Strike_G","Strike_G","Strike_G","Strike_G","Strike_G","Survivor","Neutralize","Adrenaline","Reflex+1","Slice","Deflect","Dagger Throw","Bane","Blade Dance+1","Prepared"],"relics":["Ring of the Snake","Regal Pillow","Smiling Mask","Boot"],"potions_floor_usage":[5,6,14],"damage_taken":[{"damage":0,"enemies":"Small Slimes","floor":1,"turns":3},{"damage":3,"enemies":"2 Louse","floor":3,"turns":3},{"damage":0,"enemies":"Jaw Worm","floor":4,"turns":3},{"damage":0,"enemies":"3 Louse","floor":5,"turns":1},{"damage":58,"enemies":"Lagavulin","floor":6,"turns":9},{"damage":0,"enemies":"Exordium Wildlife","floor":14,"turns":1},{"damage":65,"enemies":"Hexaghost","floor":16,"turns":9}],"seed_played":"7517429612473456465","potions_obtained":[{"floor":1,"key":"SteroidPotion"},{"floor":3,"key":"Energy Potion"},{"floor":6,"key":"AttackPotion"}],"is_trial":false,"path_per_floor":["M","$","M","M","M","E","?","R","T","R","?","R","$","M","R"],"character_chosen":"THE_SILENT","items_purchased":["Slice","Deflect","Prepared","Boot"],"campfire_rested":2,"item_purchase_floors":[2,2,13,13],"current_hp_per_floor":[63,63,60,60,60,2,23,56,56,56,45,45,45,45,63,0],"gold":16,"neow_bonus":"THREE_RARE_CARDS","is_prod":false,"is_daily":false,"chose_seed":false,"campfire_upgraded":2,"win_rate":0,"timestamp":1540788193,"path_taken":["M","$","M","M","M","E","?","R","T","R","?","R","$","M","R","BOSS"],"build_version":"2018-10-25v2","purchased_purges":0,"victory":false,"max_hp_per_floor":[63,63,63,63,63,63,63,63,63,63,63,63,63,63,63,63],"card_choices":[{"not_picked":["Die Die Die","Night Terror"],"picked":"Adrenaline","floor":0},{"not_picked":["Dagger Throw","All Out Attack"],"picked":"Reflex","floor":1},{"not_picked":["Concentrate","Outmaneuver"],"picked":"Dagger Throw","floor":3},{"not_picked":["All Out Attack","Sucker Punch"],"picked":"Bane","floor":4},{"not_picked":["Caltrops","Skewer"],"picked":"Blade Dance","floor":5},{"not_picked":["Dagger Throw","Predator","All Out Attack"],"picked":"SKIP","floor":6},{"not_picked":["Leg Sweep","Underhanded Strike","Flechettes"],"picked":"SKIP","floor":14}],"player_experience":220368,"relics_obtained":[{"floor":6,"key":"Regal Pillow"},{"floor":9,"key":"Smiling Mask"}],"event_choices":[{"damage_healed":21,"gold_gain":0,"player_choice":"Banana","damage_taken":0,"max_hp_gain":0,"max_hp_loss":0,"event_name":"Big Fish","floor":7,"gold_loss":0},{"damage_healed":0,"gold_gain":75,"player_choice":"Gather Gold","damage_taken":11,"max_hp_gain":0,"max_hp_loss":0,"event_name":"World of Goop","floor":11,"gold_loss":0}],"is_beta":true,"boss_relics":[],"items_purged_floors":[],"is_endless":false,"potions_floor_spawned":[1,3,6],"killed_by":"Hexaghost","ascension_level":5}