{"gold_per_floor":[110,136,54,54,67,67,93,93,93,93,128,128,164,8,8,136,136,155,155,155,22,47,47,90,90,158,158,183,223,239,580,580,704,704,719,22,355,374,394,429,429,89,89,124,124,179,198,230,230,230],"floor_reached":51,"playtime":7059,"items_purged":["Writhe"],"score":1101,"play_id":"43998b37-9567-4309-98ab-81f73713eb0d","local_time":"20180731235804","is_ascension_mode":true,"campfire_choices":[{"data":"Footwork","floor":6,"key":"SMITH"},{"data":"Blur","floor":8,"key":"SMITH"},{"data":"Neutralize","floor":12,"key":"SMITH"},{"data":"Infinite Blades","floor":15,"key":"SMITH"},{"data":"Infinite Blades","floor":23,"key":"SMITH"},{"data":"Glass Knife","floor":25,"key":"SMITH"},{"data":"Footwork","floor":27,"key":"SMITH"},{"floor":32,"key":"REST"},{"data":"Infinite Blades","floor":45,"key":"SMITH"},{"data":"Noxious Fumes","floor":49,"key":"SMITH"}],"neow_cost":"NONE","seed_source_timestamp":690367948089624,"circlet_count":0,"master_deck":["Defend_G","Defend_G","Defend_G","Defend_G","Defend_G+1","Strike_G+1","Strike_G","Strike_G+1","Strike_G+1","Strike_G","Survivor","Neutralize+1","Blur+1","Footwork+1","Predator","All Out Attack","Dodge and Roll","Infinite Blades+1","Infinite Blades+1","Backflip","Glass Knife+1","Noxious Fumes+1","RitualDagger","Cloak And Dagger+1","Noxious Fumes+1","Footwork+1","Prepared+1","Slice+1","A Thousand Cuts","Storm of Steel+1","Well Laid Plans","Footwork+1","Infinite Blades+1","Slice","Deflect+1","Well Laid Plans+1"],"relics":["Busted Crown","Lantern","Whetstone","Meat on the Bone","Question Card","The Courier","WristBlade","Toxic Egg 2","Dead Branch","Pantograph","Omamori","Old Coin","Cursed Key","Ornamental Fan","Oddly Smooth Stone","Shuriken","Singing Bowl","Anchor","Strawberry","Happy Flower","Sundial","Peace Pipe","Art of War"],"potions_floor_usage":[11,22,24,24,30,30,39,40,50,50,50],"damage_taken":[{"damage":0,"enemies":"Cultist","floor":1,"turns":4},{"damage":0,"enemies":"Small Slimes","floor":5,"turns":4},{"damage":0,"enemies":"3 Sentries","floor":7,"turns":9},{"damage":16,"enemies":"Gremlin Nob","floor":11,"turns":3},{"damage":1,"enemies":"Lagavulin","floor":13,"turns":6},{"damage":10,"enemies":"Hexaghost","floor":16,"turns":12},{"damage":0,"enemies":"Spheric Guardian","floor":18,"turns":3},{"damage":15,"enemies":"2 Thieves","floor":22,"turns":3},{"damage":44,"enemies":"Slavers","floor":24,"turns":7},{"damage":13,"enemies":"Snecko","floor":28,"turns":4},{"damage":5,"enemies":"Gremlin Leader","floor":29,"turns":5},{"damage":19,"enemies":"Snake Plant","floor":30,"turns":3},{"damage":17,"enemies":"Book of Stabbing","floor":31,"turns":5},{"damage":43,"enemies":"Collector","floor":33,"turns":8},{"damage":20,"enemies":"3 Darklings","floor":35,"turns":3},{"damage":0,"enemies":"Flame Bruiser 1 Orb","floor":38,"turns":3},{"damage":35,"enemies":"3 Darklings","floor":39,"turns":4},{"damage":0,"enemies":"Giant Head","floor":40,"turns":6},{"damage":0,"enemies":"Nemesis","floor":44,"turns":5},{"damage":16,"floor":46,"turns":4},{"damage":5,"enemies":"Maw","floor":47,"turns":5},{"damage":3,"enemies":"Giant Head","floor":48,"turns":5},{"damage":2,"enemies":"Awakened One","floor":50,"turns":5}],"seed_played":"8642502493286166031","potions_obtained":[{"floor":1,"key":"FearPotion"},{"floor":13,"key":"Explosive Potion"},{"floor":16,"key":"Regen Potion"},{"floor":22,"key":"Block Potion"},{"floor":24,"key":"Strength Potion"},{"floor":28,"key":"SkillPotion"},{"floor":35,"key":"Fruit Juice"},{"floor":39,"key":"Poison Potion"},{"floor":44,"key":"Strength Potion"},{"floor":48,"key":"Dexterity Potion"}],"is_trial":false,"path_per_floor":["M","T","$","?","M","R","E","R","T","?","E","R","E","$","R","B",null,"M","?","?","$","M","R","E","R","T","R","M","E","M","E","R","B",null,"M","$","?","M","M","E","?","$","T","E","R","?","M","E","R","B"],"character_chosen":"THE_SILENT","items_purchased":["Footwork","Infinite Blades","Infinite Blades","Backflip","Cloak And Dagger+1","Noxious Fumes","Footwork","Ornamental Fan","Oddly Smooth Stone","Shuriken","Well Laid Plans","Anchor","Strawberry","Infinite Blades","Slice"],"campfire_rested":1,"item_purchase_floors":[3,14,14,14,21,21,21,36,36,36,36,42,42,42,42],"current_hp_per_floor":[70,70,70,56,56,56,56,56,56,39,35,35,46,46,46,36,70,70,64,64,64,49,49,32,32,32,32,31,38,31,26,47,39,70,50,50,50,50,32,46,46,53,53,53,53,51,48,45,45,68],"gold":230,"neow_bonus":"BOSS_RELIC","is_prod":false,"is_daily":false,"chose_seed":false,"campfire_upgraded":9,"win_rate":0,"timestamp":1533106684,"path_taken":["M","?","$","?","M","R","E","R","T","?","E","R","E","$","R","BOSS","M","?","?","$","?","R","E","R","T","R","M","E","?","E","R","BOSS","M","$","?","M","M","E","?","$","T","E","R","?","M","E","R","BOSS"],"build_version":"2018-07-30","purchased_purges":1,"victory":true,"max_hp_per_floor":[70,70,70,70,70,70,70,70,70,70,70,70,70,70,70,70,70,70,70,70,70,70,70,70,70,70,70,70,70,70,70,70,70,70,70,70,70,70,75,77,77,84,84,84,84,86,88,88,88,88],"card_choices":[{"not_picked":[],"picked":"Blur","floor":1},{"not_picked":[],"picked":"Predator","floor":5},{"not_picked":["Night Terror"],"picked":"SKIP","floor":7},{"not_picked":[],"picked":"All Out Attack","floor":11},{"not_picked":["Terror"],"picked":"Dodge and Roll","floor":13},{"not_picked":["Doppelganger"],"picked":"Glass Knife","floor":16},{"not_picked":["Caltrops"],"picked":"Noxious Fumes+1","floor":18},{"not_picked":["Sucker Punch+1","Flechettes"],"picked":"SKIP","floor":22},{"not_picked":["Distraction+1"],"picked":"Prepared+1","floor":24},{"not_picked":["Outmaneuver+1","Dash"],"picked":"SKIP","floor":28},{"not_picked":["Outmaneuver+1"],"picked":"Slice+1","floor":29},{"not_picked":["Outmaneuver+1","Bane+1"],"picked":"SKIP","floor":30},{"not_picked":["Dagger Throw+1"],"picked":"A Thousand Cuts","floor":31},{"not_picked":["Die Die Die"],"picked":"Storm of Steel+1","floor":33},{"not_picked":["Flying Knee+1","All Out Attack+1"],"picked":"SKIP","floor":35},{"not_picked":["Escape Plan+1","Acrobatics+1"],"picked":"SKIP","floor":38},{"not_picked":["Concentrate+1"],"picked":"Footwork+1","floor":39},{"not_picked":["Bane","Sucker Punch+1"],"picked":"Singing Bowl","floor":40},{"not_picked":["Crippling Poison+1"],"picked":"Deflect+1","floor":44},{"not_picked":["Heel Hook+1","Dagger Spray"],"picked":"Singing Bowl","floor":46},{"not_picked":["Dagger Spray+1","Bane+1"],"picked":"Singing Bowl","floor":47},{"not_picked":["Night Terror+1"],"picked":"Well Laid Plans+1","floor":48}],"player_experience":190394,"relics_obtained":[{"floor":2,"key":"Lantern"},{"floor":7,"key":"Whetstone"},{"floor":9,"key":"Meat on the Bone"},{"floor":11,"key":"Question Card"},{"floor":13,"key":"The Courier"},{"floor":24,"key":"Dead Branch"},{"floor":26,"key":"Pantograph"},{"floor":29,"key":"Omamori"},{"floor":31,"key":"Old Coin"},{"floor":40,"key":"Singing Bowl"},{"floor":43,"key":"Happy Flower"},{"floor":44,"key":"Sundial"},{"floor":46,"key":"Peace Pipe"},{"floor":48,"key":"Art of War"}],"event_choices":[{"event_name":"Shining Light","player_choice":"Entered Light","floor":4,"damage_taken":0},{"event_name":"Golden Idol","player_choice":"Take Damage","floor":10,"damage_taken":0},{"event_name":"Nest","player_choice":"Joined the Cult","floor":19,"damage_taken":0},{"event_name":"The Mausoleum","player_choice":"Yes","floor":20,"damage_taken":0},{"event_name":"The Moai Head","player_choice":"Gave Idol","floor":37,"damage_taken":0},{"event_name":"Tomb of Lord Red Mask","player_choice":"Ignored","floor":41,"damage_taken":0},{"event_name":"Mysterious Sphere","player_choice":"Fight","floor":46,"damage_taken":0}],"is_beta":true,"boss_relics":[{"not_picked":["Snecko Eye","Velvet Choker"],"picked":"WristBlade"},{"not_picked":["Eternal Feather","Fusion Hammer"],"picked":"Cursed Key"}],"items_purged_floors":[36],"is_endless":false,"potions_floor_spawned":[1,13,16,22,24,28,35,39,44,48],"ascension_level":4}