{"path_per_floor":["M","?","M","?","$","E","R","M","T","E","R","M","E","M","R","B",null,"M","M","M","?","?","E","$","R","T","E","?","$","?"],"character_chosen":"THE_SILENT","items_purchased":["Noxious Fumes","Shuriken","Deflect"],"gold_per_floor":[112,112,122,122,55,82,82,102,127,159,159,172,199,216,216,315,345,362,351,366,289,289,323,23,23,95,123,123,63,63,63],"floor_reached":31,"campfire_rested":3,"playtime":2531,"item_purchase_floors":[5,24,24],"current_hp_per_floor":[70,56,54,54,54,35,35,33,33,26,47,45,36,38,59,31,75,74,62,52,52,52,16,16,38,38,18,18,18,18,0],"items_purged":["Decay"],"gold":63,"score":331,"play_id":"b390377b-7af4-4613-ab35-ab14360b222b","local_time":"20180609234308","is_prod":false,"is_daily":false,"chose_seed":false,"is_ascension_mode":true,"campfire_upgraded":1,"win_rate":0,"timestamp":1528612988,"campfire_choices":[{"data":"Noxious Fumes","floor":7,"key":"SMITH"},{"floor":11,"key":"REST"},{"floor":15,"key":"REST"},{"floor":25,"key":"REST"}],"path_taken":["M","?","M","?","$","E","R","?","T","E","R","M","E","M","R","BOSS","M","?","M","?","?","E","$","R","T","E","?","?","?","E"],"build_version":"2018-06-08","seed_source_timestamp":2749540136003100,"purchased_purges":1,"victory":false,"master_deck":["Defend_G","Defend_G","Defend_G","Defend_G","Defend_G","Survivor","Neutralize","Noxious Fumes","Cloak And Dagger","Noxious Fumes+1","Cloak And Dagger","Prepared","Infinite Blades","Blade Dance","Cloak And Dagger","Tactician","Envenom","Bouncing Flask","Acrobatics+1","Infinite Blades","Footwork+1","J.A.X.","Blade Dance","Deflect","Prepared","Leg Sweep","Bite","Bite","Bite","Bite","Bite"],"max_hp_per_floor":[70,70,70,70,70,70,70,70,70,70,70,70,70,70,70,70,75,75,75,75,75,75,75,75,75,75,75,75,75,75,75],"relics":["Lizard Tail","Snake Skull","Bag of Marbles","Tough Bandages","Tiny House","Dodecahedron","Shuriken","The Courier","Shovel"],"card_choices":[{"not_picked":["Underhanded Strike","Malaise"],"picked":"Noxious Fumes","floor":1},{"not_picked":["Quick Slash","Prepared"],"picked":"Cloak And Dagger","floor":3},{"not_picked":["Leg Sweep","Bullet Time"],"picked":"Cloak And Dagger","floor":6},{"not_picked":["Slice","Bane"],"picked":"Prepared","floor":8},{"not_picked":["Dagger Spray","Bane"],"picked":"Infinite Blades","floor":10},{"not_picked":["PiercingWail","Masterful Stab"],"picked":"Blade Dance","floor":12},{"not_picked":["Leg Sweep","Acrobatics"],"picked":"Cloak And Dagger","floor":13},{"not_picked":["Underhanded Strike","Sucker Punch"],"picked":"Tactician","floor":14},{"not_picked":["Bullet Time","Storm of Steel"],"picked":"Envenom","floor":16},{"not_picked":["Deadly Poison","Poisoned Stab"],"picked":"Bouncing Flask","floor":17},{"not_picked":["Dagger Throw","Prepared"],"picked":"Acrobatics+1","floor":18},{"not_picked":["Caltrops","Deflect"],"picked":"Infinite Blades","floor":19},{"not_picked":["PiercingWail","Deflect"],"picked":"Footwork+1","floor":20},{"not_picked":["Acrobatics","Predator+1"],"picked":"Blade Dance","floor":23},{"not_picked":["Malaise","Acrobatics"],"picked":"Prepared","floor":27}],"player_experience":103759,"potions_floor_usage":[13,16,19,20,27],"damage_taken":[{"damage":0,"enemies":"Small Slimes","floor":1,"turns":5},{"damage":2,"enemies":"2 Louse","floor":3,"turns":4},{"damage":19,"enemies":"3 Sentries","floor":6,"turns":7},{"damage":2,"enemies":"Cultist","floor":8,"turns":4},{"damage":7,"enemies":"Lagavulin","floor":10,"turns":7},{"damage":2,"enemies":"Looter","floor":12,"turns":4},{"damage":9,"enemies":"3 Sentries","floor":13,"turns":4},{"damage":0,"enemies":"Blue Slaver","floor":14,"turns":4},{"damage":30,"enemies":"Hexaghost","floor":16,"turns":9},{"damage":1,"enemies":"Chosen","floor":18,"turns":5},{"damage":13,"enemies":"2 Thieves","floor":19,"turns":4},{"damage":12,"enemies":"Chosen and Byrds","floor":20,"turns":5},{"damage":38,"enemies":"Book of Stabbing","floor":23,"turns":6},{"damage":78,"enemies":"Slavers","floor":27,"turns":7},{"damage":28,"enemies":"Gremlin Leader","floor":31,"turns":4}],"relics_obtained":[{"floor":6,"key":"Snake Skull"},{"floor":9,"key":"Bag of Marbles"},{"floor":10,"key":"Tough Bandages"},{"floor":13,"key":"Blood Vial"},{"floor":23,"key":"Dodecahedron"},{"floor":26,"key":"The Courier"},{"floor":27,"key":"Shovel"}],"event_choices":[{"event_name":"Shining Light","player_choice":"Entered Light","floor":2,"damage_taken":0},{"event_name":"Wheel of Change","player_choice":"Curse","floor":4,"damage_taken":0},{"event_name":"Drug Dealer","player_choice":"Got JAXXED","floor":21,"damage_taken":0},{"event_name":"Purifier","player_choice":"One Purge","floor":22,"damage_taken":0},{"event_name":"Transmorgrifier","player_choice":"Transform","floor":28,"damage_taken":0},{"event_name":"Vampires","player_choice":"Became a vampire (Vial)","floor":30,"damage_taken":0}],"boss_relics":[{"not_picked":["Philosopher\u0027s Stone","Orrery"],"picked":"Tiny House"}],"items_purged_floors":[29],"potions_floor_spawned":[8,10,12,13,16,20,27],"seed_played":"7738707125508599879","killed_by":"Gremlin Leader","ascension_level":1,"potions_obtained":[{"floor":8,"key":"Explosive Potion"},{"floor":10,"key":"Strength Potion"},{"floor":12,"key":"Energy Potion"},{"floor":13,"key":"GhostInAJar"},{"floor":16,"key":"Dexterity Potion"},{"floor":17,"key":"FairyPotion"},{"floor":20,"key":"Poison Potion"},{"floor":27,"key":"GhostInAJar"}],"is_trial":false}