{"path_per_floor":["M","?","$","?","M","R","E","M","T","E","R","E","$","?","R","B",null,"M","M","?","M","$","E","R","E","T","M","R","?","M","?","R","B",null,"M","$","?","?","T","E","R","?","T","M","R","E","M","E","R","B"],"character_chosen":"IRONCLAD","items_purchased":["Rupture","Ghostly Armor","Anchor"],"gold_per_floor":[112,112,37,37,61,61,104,124,147,178,178,214,45,45,45,174,174,195,220,220,243,47,91,91,132,155,174,174,174,194,194,194,315,353,369,65,65,65,119,154,154,0,0,14,14,57,72,115,115,115],"floor_reached":51,"campfire_rested":5,"playtime":3815,"item_purchase_floors":[13,22,36],"current_hp_per_floor":[75,55,55,55,59,59,62,62,62,65,65,71,71,71,71,12,80,80,59,59,46,46,39,63,55,55,41,65,65,50,42,66,24,85,77,77,77,66,66,45,45,45,45,50,75,53,60,72,102,53],"items_purged":["Defend_R","Defend_R","Bash","Strike_R"],"gold":115,"score":850,"play_id":"7faf6667-2b62-4117-8db1-aa29ec1576c6","local_time":"20180611230018","is_prod":false,"is_daily":false,"chose_seed":false,"is_ascension_mode":true,"campfire_upgraded":4,"win_rate":0,"timestamp":1528783218,"campfire_choices":[{"data":"Pummel","floor":6,"key":"SMITH"},{"data":"Sword Boomerang","floor":11,"key":"SMITH"},{"data":"Rupture","floor":15,"key":"SMITH"},{"floor":24,"key":"REST"},{"floor":28,"key":"REST"},{"floor":32,"key":"REST"},{"data":"Rampage","floor":41,"key":"SMITH"},{"floor":45,"key":"REST"},{"floor":49,"key":"REST"}],"path_taken":["M","?","$","?","M","R","E","?","T","E","R","E","$","?","R","BOSS","M","M","?","M","$","E","R","E","T","?","R","?","M","?","R","BOSS","M","$","?","?","?","E","R","?","T","M","R","E","M","E","R","BOSS"],"build_version":"2018-06-08","seed_source_timestamp":122736691384776,"purchased_purges":4,"victory":true,"master_deck":["Strike_R","Strike_R","Strike_R","Strike_R","Defend_R+1","Clash","Rampage+1","Pummel+1","Sword Boomerang+1","Second Wind","Clash","Offering","Rupture+1","Brutality","Flex+1","Twin Strike+1","Inflame","Disarm","Ghostly Armor","Power Through+1","Brutality","Warcry","Writhe","Twin Strike+1","Reaper","Rampage+1","Thunderclap+1","Madness","Madness","Offering","Thunderclap","Combust+1","Inflame+1","Metallicize+1","Spot Weakness+1","Iron Wave+1"],"max_hp_per_floor":[80,80,80,80,80,80,80,80,80,80,80,80,80,80,80,80,80,80,80,80,80,80,80,80,80,80,80,80,80,80,80,80,80,85,85,85,85,85,85,85,85,85,85,85,85,95,95,102,102,102],"relics":["Burning Blood","Golden Idol","Vajra","Bronze Scales","War Paint","Sundial","Black Star","Meat on the Bone","Paper Frog","Question Card","Centennial Puzzle","Lantern","Du-Vu Doll","Tiny House","Anchor","Boot","Dream Catcher","Juzu Bracelet","Red Mask","Bottled Tornado","Pear","Gremlin Horn","Strawberry","Pen Nib"],"card_choices":[{"not_picked":["Thunderclap","Wild Strike"],"picked":"Clash","floor":0},{"not_picked":["Iron Wave","Anger"],"picked":"Rampage","floor":1},{"not_picked":["Clothesline","Pommel Strike"],"picked":"Pummel","floor":5},{"not_picked":["Flex","Clash"],"picked":"Sword Boomerang","floor":7},{"not_picked":["Dropkick","Infernal Blade"],"picked":"Second Wind","floor":8},{"not_picked":["Cleave","Anger"],"picked":"Clash","floor":10},{"not_picked":["Clothesline","Hemokinesis"],"picked":"Offering","floor":12},{"not_picked":["Immolate","Feed"],"picked":"Brutality","floor":16},{"not_picked":["Clash","Flame Barrier+1"],"picked":"Flex+1","floor":18},{"not_picked":["Pommel Strike","Body Slam"],"picked":"Twin Strike+1","floor":19},{"not_picked":["Perfected Strike+1","Sever Soul"],"picked":"Disarm","floor":21},{"not_picked":["Flex+1","Uppercut"],"picked":"Power Through","floor":23},{"not_picked":["Cleave","Corruption+1"],"picked":"Brutality","floor":25},{"not_picked":["Pommel Strike","Flex","Anger"],"picked":"Warcry","floor":27},{"not_picked":["Reckless Charge+1","Combust","Pommel Strike"],"picked":"Twin Strike+1","floor":30},{"not_picked":["Berserk","Demon Form","Double Tap"],"picked":"Reaper","floor":33},{"not_picked":["Infernal Blade","Clothesline","Uppercut"],"picked":"Rampage","floor":34},{"not_picked":["Headbutt","Anger","True Grit"],"picked":"Thunderclap+1","floor":35},{"not_picked":["Infernal Blade+1","Corruption+1","Flame Barrier+1"],"picked":"Offering","floor":40},{"not_picked":["Body Slam+1","Perfected Strike+1","Dual Wield"],"picked":"Thunderclap","floor":44},{"not_picked":["Clothesline","Anger+1","True Grit"],"picked":"Combust+1","floor":45},{"not_picked":["Shockwave+1","Dark Embrace","Fire Breathing"],"picked":"Inflame+1","floor":46},{"not_picked":["Flex+1","Twin Strike","Body Slam"],"picked":"Metallicize+1","floor":47},{"not_picked":["Carnage+1","Blood for Blood","Body Slam+1"],"picked":"Spot Weakness+1","floor":48},{"not_picked":["Headbutt","Body Slam","Twin Strike+1"],"picked":"Iron Wave+1","floor":49}],"player_experience":109398,"potions_floor_usage":[10,21,23,23,33,40,46,47,50,50],"damage_taken":[{"damage":11,"enemies":"Jaw Worm","floor":1,"turns":3},{"damage":2,"enemies":"2 Louse","floor":5,"turns":2},{"damage":3,"enemies":"Gremlin Nob","floor":7,"turns":3},{"damage":6,"enemies":"Cultist","floor":8,"turns":3},{"damage":3,"enemies":"3 Sentries","floor":10,"turns":4},{"damage":0,"enemies":"Gremlin Nob","floor":12,"turns":2},{"damage":65,"enemies":"The Guardian","floor":16,"turns":9},{"damage":4,"enemies":"Chosen","floor":18,"turns":2},{"damage":27,"enemies":"Shell Parasite","floor":19,"turns":3},{"damage":28,"enemies":"Centurion and Healer","floor":21,"turns":3},{"damage":25,"enemies":"Book of Stabbing","floor":23,"turns":4},{"damage":26,"enemies":"Gremlin Leader","floor":25,"turns":6},{"damage":32,"enemies":"Cultist and Chosen","floor":27,"turns":5},{"damage":21,"enemies":"3 Cultists","floor":30,"turns":4},{"damage":60,"enemies":"Champ","floor":33,"turns":9},{"damage":36,"enemies":"3 Shapes","floor":35,"turns":4},{"damage":45,"enemies":"2 Orb Walkers","floor":40,"turns":5},{"damage":22,"enemies":"Flame Bruiser 1 Orb","floor":44,"turns":3},{"damage":51,"enemies":"Nemesis","floor":46,"turns":5},{"damage":32,"enemies":"Maw","floor":47,"turns":5},{"damage":44,"enemies":"Giant Head","floor":48,"turns":6},{"damage":77,"enemies":"Time Eater","floor":50,"turns":6}],"relics_obtained":[{"floor":7,"key":"Vajra"},{"floor":9,"key":"Bronze Scales"},{"floor":10,"key":"War Paint"},{"floor":12,"key":"Sundial"},{"floor":23,"key":"Meat on the Bone"},{"floor":23,"key":"Paper Frog"},{"floor":25,"key":"Question Card"},{"floor":25,"key":"Centennial Puzzle"},{"floor":26,"key":"Lantern"},{"floor":39,"key":"Boot"},{"floor":40,"key":"Dream Catcher"},{"floor":40,"key":"Juzu Bracelet"},{"floor":43,"key":"Bottled Tornado"},{"floor":46,"key":"Pear"},{"floor":46,"key":"Gremlin Horn"},{"floor":48,"key":"Strawberry"},{"floor":48,"key":"Pen Nib"}],"event_choices":[{"event_name":"Golden Idol","player_choice":"Take Damage","floor":2,"damage_taken":0},{"event_name":"Upgrade Shrine","player_choice":"Upgraded","floor":4,"damage_taken":0},{"event_name":"Liars Game","player_choice":"disagreed","floor":14,"damage_taken":0},{"event_name":"The Library","player_choice":"Read","floor":20,"damage_taken":0},{"event_name":"The Mausoleum","player_choice":"Yes","floor":29,"damage_taken":0},{"event_name":"Knowing Skull","player_choice":"","floor":31,"damage_taken":0},{"event_name":"Falling","player_choice":"Removed Skill","floor":37,"damage_taken":0},{"event_name":"Winding Halls","player_choice":"Embrace Madness","floor":38,"damage_taken":0},{"event_name":"Tomb of Lord Red Mask","player_choice":"Paid","floor":42,"damage_taken":0}],"boss_relics":[{"not_picked":["Ectoplasm","Velvet Choker"],"picked":"Black Star"},{"not_picked":["Calling Bell","White Beast Statue"],"picked":"Tiny House"}],"items_purged_floors":[3,13,22,36],"potions_floor_spawned":[5,8,10,12,19,23,30,35,44,46],"seed_played":"5067761701263222119","ascension_level":1,"potions_obtained":[{"floor":5,"key":"Fire Potion"},{"floor":8,"key":"Dexterity Potion"},{"floor":10,"key":"Regen Potion"},{"floor":12,"key":"Regen Potion"},{"floor":19,"key":"EssenceOfSteel"},{"floor":23,"key":"BloodPotion"},{"floor":30,"key":"Weak Potion"},{"floor":34,"key":"Fire Potion"},{"floor":35,"key":"BloodPotion"},{"floor":44,"key":"SkillPotion"},{"floor":46,"key":"SkillPotion"}],"is_trial":false}