{"gold_per_floor":[111,111,129,47,60,60,90,90,140,174,190,190,216,68,68,68],"floor_reached":16,"playtime":1121,"items_purged":[],"score":136,"play_id":"2165c009-1aa5-46e0-a4b3-3b2cfa7b27cb","local_time":"20180722220056","is_ascension_mode":true,"campfire_choices":[{"data":"Scrape","floor":6,"key":"SMITH"},{"data":"Beam Cell","floor":8,"key":"SMITH"},{"floor":12,"key":"REST"},{"data":"Go for the Eyes","floor":15,"key":"SMITH"}],"neow_cost":"NONE","seed_source_timestamp":878898496666600,"circlet_count":0,"master_deck":["Strike_B","Strike_B","Strike_B","Strike_B","Defend_B","Defend_B","Defend_B","Defend_B","Zap","Dualcast","Conserve Battery","Beam Cell+1","Steam","Scrape+1","Gash","White Noise","Steam","Defragment","Go for the Eyes+1","Gash","Steam","Go for the Eyes"],"relics":["Cracked Core","Ancient Tea Set","Dream Catcher","Mummified Hand","Potion Belt"],"potions_floor_usage":[10],"damage_taken":[{"damage":1,"enemies":"Cultist","floor":1,"turns":3},{"damage":1,"enemies":"Small Slimes","floor":3,"turns":3},{"damage":0,"enemies":"2 Louse","floor":5,"turns":2},{"damage":25,"enemies":"Lagavulin","floor":7,"turns":9},{"damage":16,"enemies":"Gremlin Nob","floor":10,"turns":3},{"damage":2,"enemies":"2 Fungi Beasts","floor":11,"turns":3},{"damage":9,"enemies":"3 Sentries","floor":13,"turns":7},{"damage":61,"enemies":"Slime Boss","floor":16,"turns":10}],"seed_played":"674186459887299506","potions_obtained":[{"floor":1,"key":"Strength Potion"},{"floor":7,"key":"AttackPotion"}],"is_trial":false,"path_per_floor":["M","?","M","$","M","R","E","R","T","E","M","R","E","$","R"],"character_chosen":"DEFECT","items_purchased":["Steam","Scrape","Gash","Steam","Go for the Eyes"],"campfire_rested":1,"item_purchase_floors":[4,4,14,14,14],"current_hp_per_floor":[81,86,85,85,85,85,60,60,60,44,42,68,59,59,59,0],"gold":68,"neow_bonus":"TEN_PERCENT_HP_BONUS","is_prod":false,"is_daily":false,"chose_seed":false,"campfire_upgraded":3,"win_rate":0,"timestamp":1532322056,"path_taken":["M","?","M","$","M","R","E","R","T","E","M","R","E","$","R","BOSS"],"build_version":"2018-07-19","purchased_purges":0,"victory":false,"max_hp_per_floor":[82,87,87,87,87,87,87,87,87,87,87,87,87,87,87,87],"card_choices":[{"not_picked":["Chaos","Turbo"],"picked":"Conserve Battery","floor":1},{"not_picked":["Rebound","Scrape"],"picked":"Beam Cell","floor":3},{"not_picked":["Force Field","Consume","Coolheaded"],"picked":"SKIP","floor":5},{"not_picked":["Chaos","Reinforced Body"],"picked":"Gash","floor":7},{"not_picked":["Melter","Stack"],"picked":"White Noise","floor":10},{"not_picked":["Redo","FTL"],"picked":"Steam","floor":11},{"not_picked":["Loop","Coolheaded"],"picked":"Defragment","floor":12},{"not_picked":["Fission","Compile Driver"],"picked":"Go for the Eyes","floor":13}],"player_experience":174219,"relics_obtained":[{"floor":7,"key":"Ancient Tea Set"},{"floor":9,"key":"Dream Catcher"},{"floor":10,"key":"Mummified Hand"},{"floor":13,"key":"Potion Belt"}],"event_choices":[{"event_name":"Big Fish","player_choice":"Donut","floor":2,"damage_taken":0}],"is_beta":true,"boss_relics":[],"items_purged_floors":[],"is_endless":false,"potions_floor_spawned":[1,7],"killed_by":"Slime Boss","ascension_level":3}