{"gold_per_floor":[117,192,211,211,211,244,264,297,297,328,328,328,345,25,25,122,122,102,117,144,158,58,58,90,90,90,90],"floor_reached":27,"playtime":953,"items_purged":["Strike_R","Armaments"],"score":301,"play_id":"a57f9511-89d4-4e3d-9815-360473bfd032","local_time":"20190910175859","is_ascension_mode":true,"campfire_choices":[{"floor":11,"key":"REST"},{"floor":15,"key":"RECALL"},{"floor":23,"key":"REST"},{"floor":25,"key":"REST"}],"neow_cost":"NONE","seed_source_timestamp":8068025200990,"circlet_count":0,"master_deck":["Strike_R","Strike_R","Strike_R","Defend_R","Defend_R","Defend_R","Defend_R","Bash","Flame Barrier","Seeing Red+1","Dual Wield","Rampage","Thunderclap","Carnage","Juggernaut","Inflame+1","Armaments+1","Reaper"],"relics":["Burning Blood","NeowsBlessing","Bottled Lightning","Thread and Needle","Du-Vu Doll","Sundial","SlaversCollar","Bag of Marbles","Dodecahedron","Gremlin Horn"],"potions_floor_usage":[8,13,16,16,16,16,16,16,18,19,24],"damage_taken":[{"damage":0,"enemies":"2 Louse","floor":1,"turns":1},{"damage":0,"enemies":"Small Slimes","floor":3,"turns":1},{"damage":0,"enemies":"3 Sentries","floor":6,"turns":2},{"damage":0,"enemies":"Cultist","floor":7,"turns":3},{"damage":26,"enemies":"Gremlin Nob","floor":8,"turns":5},{"damage":24,"enemies":"3 Sentries","floor":10,"turns":12},{"damage":0,"enemies":"2 Fungi Beasts","floor":13,"turns":2},{"damage":1,"enemies":"The Guardian","floor":16,"turns":11},{"damage":18,"enemies":"2 Thieves","floor":18,"turns":4},{"damage":14,"enemies":"3 Byrds","floor":19,"turns":3},{"damage":40,"enemies":"Centurion and Healer","floor":21,"turns":6},{"damage":69,"enemies":"Book of Stabbing","floor":24,"turns":5},{"damage":34,"enemies":"Sentry and Sphere","floor":27,"turns":5}],"seed_played":"-3373165276666832425","potions_obtained":[{"floor":3,"key":"DuplicationPotion"},{"floor":12,"key":"DuplicationPotion"},{"floor":12,"key":"EntropicBrew"},{"floor":12,"key":"AttackPotion"},{"floor":13,"key":"Swift Potion"},{"floor":16,"key":"Weak Potion"},{"floor":19,"key":"BloodPotion"},{"floor":21,"key":"SteroidPotion"}],"is_trial":false,"path_per_floor":["M","?","M","?","?","E","M","E","T","E","R","?","M","$","R","B",null,"M","M","T","M","$","R","E","R","T","M"],"character_chosen":"IRONCLAD","items_purchased":["Sundial"],"campfire_rested":3,"item_purchase_floors":[14],"current_hp_per_floor":[80,69,75,75,68,74,80,60,60,42,66,66,72,72,72,77,80,68,80,80,46,46,70,7,31,31,0],"gold":90,"neow_bonus":"THREE_ENEMY_KILL","is_prod":false,"is_daily":false,"chose_seed":false,"campfire_upgraded":0,"win_rate":0,"timestamp":1568163539,"path_taken":["M","?","M","?","?","E","M","E","T","E","R","?","M","$","R","BOSS","M","M","?","M","$","R","E","R","T","M"],"build_version":"2019-09-10","purchased_purges":2,"victory":false,"max_hp_per_floor":[80,80,80,80,80,80,80,80,80,80,80,80,80,80,80,80,80,80,80,80,80,80,80,80,80,80,80],"card_choices":[{"not_picked":["Cleave","Body Slam"],"picked":"Flame Barrier","floor":1},{"not_picked":["Blood for Blood","Second Wind"],"picked":"Seeing Red","floor":3},{"not_picked":["Blood for Blood","Shockwave"],"picked":"Armaments","floor":6},{"not_picked":["Rupture","Flex"],"picked":"Dual Wield","floor":7},{"not_picked":["Havoc","Perfected Strike"],"picked":"Rampage","floor":8},{"not_picked":["Impervious","Sword Boomerang"],"picked":"Thunderclap","floor":10},{"not_picked":["Twin Strike","Power Through"],"picked":"Carnage","floor":13},{"not_picked":["Feed","Impervious"],"picked":"Juggernaut","floor":16},{"not_picked":["Perfected Strike+1","Fire Breathing","Rupture+1"],"picked":"SKIP","floor":18},{"not_picked":["Clash+1","Armaments"],"picked":"Inflame+1","floor":19},{"not_picked":["Cleave","True Grit+1"],"picked":"Armaments+1","floor":21},{"not_picked":["Body Slam","Thunderclap+1"],"picked":"Reaper","floor":24}],"player_experience":100154,"relics_obtained":[{"floor":6,"key":"Bottled Lightning"},{"floor":8,"key":"Thread and Needle"},{"floor":10,"key":"Du-Vu Doll"},{"floor":20,"key":"Bag of Marbles"},{"floor":24,"key":"Dodecahedron"},{"floor":26,"key":"Gremlin Horn"}],"event_choices":[{"damage_healed":0,"gold_gain":75,"player_choice":"Gather Gold","damage_taken":11,"max_hp_gain":0,"max_hp_loss":0,"event_name":"World of Goop","floor":2,"gold_loss":0},{"damage_healed":0,"gold_gain":0,"player_choice":"Grow","damage_taken":0,"max_hp_gain":0,"max_hp_loss":0,"event_name":"Living Wall","floor":4,"gold_loss":0,"cards_upgraded":["Seeing Red"]},{"cards_removed":["Strike_R"],"damage_healed":0,"gold_gain":0,"player_choice":"Card Removal","damage_taken":7,"max_hp_gain":0,"max_hp_loss":0,"event_name":"Golden Wing","floor":5,"gold_loss":0},{"damage_healed":0,"gold_gain":0,"player_choice":"Got Potions","damage_taken":0,"max_hp_gain":0,"max_hp_loss":0,"event_name":"Lab","floor":12,"gold_loss":0}],"is_beta":true,"boss_relics":[{"not_picked":["Tiny House","Runic Cube"],"picked":"SlaversCollar"}],"items_purged_floors":[14,22],"is_endless":false,"potions_floor_spawned":[3,13,16,19,21],"killed_by":"Sentry and Sphere","ascension_level":2}