{"gold_per_floor":[117,42,60,70,70,70,84,84,84,103,103,117,117,128,128,231,231,248,248,265,8,8,8,33,33,60,72,172,47,47,67,67,162,162,181,27,27,27,40,40,51,51,76,76,86,46,56,56,56,56],"floor_reached":51,"playtime":1885,"items_purged":["Defend_B","Strike_B","Strike_B"],"score":991,"play_id":"05815f39-79e6-48ee-ac35-9f3ff93a30d2","local_time":"20190914145043","is_ascension_mode":true,"campfire_choices":[{"data":"Zap","floor":6.0,"key":"SMITH"},{"data":"Dualcast","floor":11,"key":"SMITH"},{"data":"Zap","floor":13,"key":"SMITH"},{"data":"Conserve Battery","floor":15,"key":"SMITH"},{"data":"Go for the Eyes","floor":23,"key":"SMITH"},{"data":"Beam Cell","floor":25,"key":"SMITH"},{"data":"Leap","floor":30,"key":"SMITH"},{"floor":32,"key":"REST"},{"data":"Defend_B","floor":40,"key":"SMITH"},{"floor":42,"key":"REST"},{"data":"Defend_B","floor":44,"key":"SMITH"},{"floor":49,"key":"REST"}],"neow_cost":"NONE","seed_source_timestamp":188572206850800,"circlet_count":0,"master_deck":["Defend_B+1","Defend_B+1","Zap+1","Dualcast+1","Leap+1","Gash","Conserve Battery+1","All For One+1","Flash of Steel","Zap+1","Go for the Eyes+1","Chill+1","White Noise+1","Machine Learning+1","Biased Cognition+1","Redo+1","Auto Shields+1","Beam Cell+1","All For One","All For One","Gash","Gash","Electrodynamics","Jack Of All Trades+1","Madness+1","Madness+1","BootSequence+1","Steam+1","White Noise+1","Gash+1"],"special_seed":0,"relics":["Cracked Core","NeowsBlessing","Dodecahedron","Toxic Egg 2","Astrolabe","DollysMirror","Ornamental Fan","Orichalcum","Sozu","Membership Card","Oddly Smooth Stone"],"potions_floor_usage":[24,24,24,50],"damage_taken":[{"damage":0.0,"enemies":"Cultist","floor":1.0,"turns":1.0},{"damage":0.0,"enemies":"Jaw Worm","floor":3.0,"turns":1.0},{"damage":0.0,"enemies":"2 Louse","floor":4.0,"turns":1.0},{"damage":5.0,"enemies":"Exordium Thugs","floor":7.0,"turns":4.0},{"damage":1,"enemies":"Looter","floor":10,"turns":2},{"damage":0,"enemies":"Gremlin Gang","floor":12,"turns":4},{"damage":0,"enemies":"Lots of Slimes","floor":14,"turns":4},{"damage":28,"enemies":"The Guardian","floor":16,"turns":9},{"damage":0,"enemies":"Spheric Guardian","floor":18,"turns":3},{"damage":3,"enemies":"3 Byrds","floor":20,"turns":4},{"damage":28,"enemies":"Gremlin Leader","floor":24,"turns":6},{"damage":3,"enemies":"Centurion and Healer","floor":27,"turns":2},{"damage":3,"enemies":"Cultist and Chosen","floor":31,"turns":3},{"damage":1,"enemies":"Collector","floor":33,"turns":5},{"damage":9,"enemies":"3 Shapes","floor":35,"turns":3},{"damage":3,"enemies":"Orb Walker","floor":39,"turns":2},{"damage":7,"enemies":"Transient","floor":41,"turns":5},{"damage":9,"enemies":"Jaw Worm Horde","floor":45,"turns":4},{"damage":0,"enemies":"Writhing Mass","floor":47,"turns":5},{"damage":15,"enemies":"Awakened One","floor":50,"turns":7}],"seed_played":"6266976716810851272","potions_obtained":[{"floor":7.0,"key":"SpeedPotion"},{"floor":12,"key":"DuplicationPotion"},{"floor":14,"key":"Regen Potion"},{"floor":31,"key":"SteroidPotion"},{"floor":33,"key":"SkillPotion"}],"is_trial":false,"path_per_floor":["M","$","M","M","?","R","M","?","T","M","R","M","R","M","R","B",null,"M","?","M","$","?","R","E","R","T","M","?","$","R","M","R","B",null,"M","$","?","?","M","R","M","R","T","R","M","?","M","$","R","B",null],"character_chosen":"DEFECT","items_purchased":["DollysMirror","Membership Card"],"campfire_rested":3,"item_purchase_floors":[21,36],"current_hp_per_floor":[68,68,68,68,65,65,60,60,60,59,59,59,59,59,59,31,64,64,64,61,61,61,61,47,47,47,44,44,44,44,41,63,62,72,63,63,63,54,51,51,44,66,66,66,57,57,57,57,75,60],"gold":56,"neow_bonus":"THREE_ENEMY_KILL","is_prod":false,"is_daily":false,"chose_seed":false,"campfire_upgraded":9,"win_rate":0,"timestamp":1568440243,"path_taken":["M","?","M","M","?","R","M","?","T","M","R","M","R","?","R","BOSS","M","?","?","?","?","R","E","R","T","?","?","$","R","M","R","BOSS","M","$","?","?","M","R","M","R","T","R","M","?","M","$","R","BOSS"],"build_version":"2019-09-12","purchased_purges":3,"victory":true,"max_hp_per_floor":[75,75,75,75,75,75,75,75,75,75,75,75,75,75,75,75,75,75,75,75,75,75,75,75,75,75,75,75,75,75,75,75,75,75,75,75,75,75,75,75,75,75,75,75,75,75,75,75,75,75],"card_choices":[{"not_picked":["Beam Cell","Static Discharge"],"picked":"Leap","floor":1.0},{"not_picked":["Redo","Doom and Gloom"],"picked":"Gash","floor":3.0},{"not_picked":["Rebound","Steam Power"],"picked":"Conserve Battery","floor":4.0},{"not_picked":["Steam Power","Chill","Stack"],"picked":"SKIP","floor":7.0},{"not_picked":["Ball Lightning","Sunder"],"picked":"Chill+1","floor":10},{"not_picked":["Sweeping Beam","Chill+1","Darkness+1"],"picked":"SKIP","floor":12},{"not_picked":["Core Surge","Streamline"],"picked":"White Noise+1","floor":14},{"not_picked":["Reboot+1","Thunder Strike"],"picked":"Machine Learning","floor":16},{"not_picked":["Turbo+1","Stack+1","Heatsinks+1"],"picked":"SKIP","floor":18},{"not_picked":["Ball Lightning","Static Discharge+1"],"picked":"Beam Cell","floor":20},{"not_picked":["Sweeping Beam","Static Discharge+1"],"picked":"All For One","floor":24},{"not_picked":["Chaos+1","Reprogram+1"],"picked":"Gash","floor":27},{"not_picked":["Sweeping Beam+1","Cold Snap"],"picked":"Gash","floor":31},{"not_picked":["Rainbow+1","Fission+1"],"picked":"Electrodynamics","floor":33},{"not_picked":["Stack+1","Sweeping Beam+1","Doom and Gloom+1"],"picked":"SKIP","floor":35},{"not_picked":["Mind Blast","PanicButton+1"],"picked":"Jack Of All Trades+1","floor":37},{"not_picked":["Sweeping Beam+1","Go for the Eyes"],"picked":"BootSequence+1","floor":39},{"not_picked":["Genetic Algorithm+1","Reinforced Body+1"],"picked":"Steam+1","floor":41},{"not_picked":["Steam+1","Hologram+1"],"picked":"White Noise+1","floor":45},{"not_picked":["Ball Lightning","Barrage+1"],"picked":"Gash+1","floor":47}],"player_experience":440834,"relics_obtained":[{"floor":9,"key":"Toxic Egg 2"},{"floor":24,"key":"Ornamental Fan"},{"floor":26,"key":"Orichalcum"},{"floor":43,"key":"Oddly Smooth Stone"}],"event_choices":[{"damage_healed":0.0,"max_hp_gain":0.0,"max_hp_loss":0.0,"gold_gain":0.0,"event_name":"Scrap Ooze","player_choice":"Success","floor":5.0,"gold_loss":0.0,"damage_taken":3.0,"relics_obtained":["Dodecahedron"]},{"damage_healed":0,"gold_gain":0,"player_choice":"4 cards matched","damage_taken":0,"max_hp_gain":0,"max_hp_loss":0,"event_name":"Match and Keep!","floor":8,"gold_loss":0,"cards_obtained":["All For One","Flash of Steel","Zap","Go for the Eyes"]},{"damage_healed":0,"gold_gain":0,"player_choice":"Forge","damage_taken":0,"max_hp_gain":0,"max_hp_loss":0,"event_name":"Accursed Blacksmith","floor":19,"gold_loss":0,"cards_upgraded":["Machine Learning"]},{"damage_healed":0,"gold_gain":0,"player_choice":"Got Potions","damage_taken":0,"max_hp_gain":0,"max_hp_loss":0,"event_name":"Lab","floor":22,"gold_loss":0},{"damage_healed":0,"gold_gain":100,"player_choice":"Pray","damage_taken":0,"max_hp_gain":0,"max_hp_loss":0,"event_name":"Golden Shrine","floor":28,"gold_loss":0},{"damage_healed":0,"gold_gain":0,"player_choice":"Memory 1","damage_taken":0,"max_hp_gain":0,"max_hp_loss":0,"event_name":"SensoryStone","floor":37,"gold_loss":0},{"damage_healed":0,"gold_gain":0,"player_choice":"Embrace Madness","damage_taken":9,"max_hp_gain":0,"max_hp_loss":0,"event_name":"Winding Halls","floor":38,"gold_loss":0,"cards_obtained":["Madness","Madness"]},{"damage_healed":0,"gold_gain":0,"player_choice":"Upgrade","damage_taken":0,"max_hp_gain":0,"max_hp_loss":0,"event_name":"Designer","floor":46,"gold_loss":40,"cards_upgraded":["All For One"]}],"is_beta":true,"boss_relics":[{"not_picked":["Snecko Eye","Coffee Dripper"],"picked":"Astrolabe"},{"not_picked":["Runic Dome","Fusion Hammer"],"picked":"Sozu"}],"items_purged_floors":[2,21,29],"is_endless":false,"potions_floor_spawned":[7,12,14,31,33,35,45],"ascension_level":9}