{"gold_per_floor":[118,8,8,8,8,8,8,52,106,137,157,190,190,203,203,329,329,352,352,90,90,139,178,203,203,203,203],"floor_reached":27,"playtime":1889,"items_purged":["Bash"],"score":282,"play_id":"73b2baaa-bea1-4cc5-b633-0b8146340dc9","local_time":"20180722043557","is_ascension_mode":true,"campfire_choices":[{"data":"Cleave","floor":6,"key":"SMITH"},{"floor":13,"key":"REST"},{"floor":15,"key":"REST"},{"floor":25,"key":"REST"}],"neow_cost":"NONE","seed_source_timestamp":815429631522494,"circlet_count":0,"master_deck":["Strike_R","Strike_R","Strike_R","Strike_R","Defend_R","Defend_R","Defend_R","Defend_R","Cleave+1","Combust+1","Shrug It Off","Metallicize","Armaments","Cleave","Iron Wave","Whirlwind","Reaper","Cleave","Sword Boomerang+1","Twin Strike+1","Thunderclap+1"],"relics":["Burning Blood","Dream Catcher","Golden Idol","Ornamental Fan","Tiny Chest","Bag of Preparation","Turnip","Empty Cage","Question Card","Enchiridion","Art of War","Molten Egg 2","Bottled Tornado"],"potions_floor_usage":[12,27],"damage_taken":[{"damage":1,"enemies":"2 Louse","floor":1,"turns":2},{"damage":54,"enemies":"Lagavulin","floor":8,"turns":7},{"damage":9,"enemies":"3 Sentries","floor":10,"turns":4},{"damage":0,"enemies":"Small Slimes","floor":11,"turns":3},{"damage":22,"enemies":"Lagavulin","floor":12,"turns":8},{"damage":4,"enemies":"Jaw Worm","floor":14,"turns":3},{"damage":58,"enemies":"The Guardian","floor":16,"turns":16},{"damage":14,"enemies":"Spheric Guardian","floor":18,"turns":7},{"damage":36,"enemies":"Gremlin Leader","floor":23,"turns":6},{"damage":24,"enemies":"2 Thieves","floor":24,"turns":4},{"damage":50,"enemies":"Snake Plant","floor":27,"turns":5}],"seed_played":"4861773459822416517","potions_obtained":[{"floor":10,"key":"FearPotion"},{"floor":14,"key":"BloodPotion"},{"floor":16,"key":"GamblersBrew"}],"is_trial":false,"path_per_floor":["M","$","?","?","?","R","?","E","T","E","M","E","R","M","R","B",null,"M","?","$","?","T","E","M","R","T"],"character_chosen":"IRONCLAD","items_purchased":["Combust","Question Card"],"campfire_rested":3,"item_purchase_floors":[2,20],"current_hp_per_floor":[80,80,80,80,85,85,85,37,37,34,40,24,49,51,76,24,85,77,77,77,61,61,31,17,42,42,0],"gold":203,"neow_bonus":"RANDOM_COMMON_RELIC","is_prod":false,"is_daily":false,"chose_seed":false,"campfire_upgraded":1,"win_rate":0,"timestamp":1532259357,"path_taken":["M","$","?","?","?","R","?","E","T","E","M","E","R","M","R","BOSS","M","?","$","?","?","E","M","R","T","M"],"build_version":"2018-07-19","purchased_purges":1,"victory":false,"max_hp_per_floor":[80,80,80,80,85,85,85,85,85,85,85,85,85,85,85,85,85,85,85,85,85,85,85,85,85,85,85],"card_choices":[{"not_picked":["Wild Strike","Heavy Blade"],"picked":"Cleave","floor":1},{"not_picked":["Offering","Sword Boomerang"],"picked":"Shrug It Off","floor":8},{"not_picked":["Havoc","Heavy Blade"],"picked":"Metallicize","floor":10},{"not_picked":["Anger","Flex"],"picked":"Armaments","floor":11},{"not_picked":["Feel No Pain","Limit Break"],"picked":"Cleave","floor":12},{"not_picked":["True Grit","Battle Trance"],"picked":"Iron Wave","floor":13},{"not_picked":["Blood for Blood","Clothesline","Perfected Strike"],"picked":"SKIP","floor":14},{"not_picked":["Clothesline","Uppercut"],"picked":"Whirlwind","floor":15},{"not_picked":["Impervious","Dark Embrace"],"picked":"Reaper","floor":16},{"not_picked":["Havoc+1","Anger+1"],"picked":"Cleave","floor":18},{"not_picked":["Clothesline+1","Infernal Blade+1","Disarm"],"picked":"Sword Boomerang","floor":23},{"not_picked":["Pommel Strike+1","Armaments","Hemokinesis+1"],"picked":"Twin Strike+1","floor":24},{"not_picked":["Fiend Fire+1","Havoc+1","Clothesline+1"],"picked":"Thunderclap+1","floor":25}],"player_experience":167463,"relics_obtained":[{"floor":8,"key":"Ornamental Fan"},{"floor":9,"key":"Tiny Chest"},{"floor":10,"key":"Bag of Preparation"},{"floor":12,"key":"Turnip"},{"floor":21,"key":"Enchiridion"},{"floor":22,"key":"Art of War"},{"floor":23,"key":"Molten Egg 2"},{"floor":26,"key":"Bottled Tornado"}],"event_choices":[{"event_name":"The Cleric","player_choice":"Leave","floor":3,"damage_taken":0},{"event_name":"Upgrade Shrine","player_choice":"Upgraded","floor":4,"damage_taken":0},{"event_name":"Big Fish","player_choice":"Donut","floor":5,"damage_taken":0},{"event_name":"Golden Idol","player_choice":"Take Wound","floor":7,"damage_taken":0},{"event_name":"Drug Dealer","player_choice":"Ignored","floor":19,"damage_taken":0},{"event_name":"Cursed Tome","player_choice":"Obtained Book","floor":21,"damage_taken":0}],"is_beta":true,"boss_relics":[{"not_picked":["Pandora\u0027s Box","Runic Dome"],"picked":"Empty Cage"}],"items_purged_floors":[2],"is_endless":false,"potions_floor_spawned":[10,14,16],"killed_by":"Snake Plant","ascension_level":3}