{"path_per_floor":["M","?","M","?","M","E","R","M","T","R","M","E","M","E","R","B",null,"M","M","?","M","$","R","E","M","T","R","M","?"],"character_chosen":"DEFECT","items_purchased":["Steam","Genetic Algorithm","Go for the Eyes","Capacitor","Lockon"],"gold_per_floor":[112,112,130,80,92,127,127,145,168,168,188,222,238,268,268,363,363,288,303,303,318,45,45,74,84,84,84,97,97,97],"floor_reached":30,"campfire_rested":5,"playtime":3371,"current_hp_per_floor":[74,67,67,67,66,33,55,42,42,64,58,58,56,23,45,35,75,66,51,51,19,19,41,31,7,7,29,6,6,0],"items_purged":[],"gold":97,"score":310,"play_id":"b2dffac8-71ce-445b-8ce8-af1db61d7ba6","local_time":"20180516201116","is_prod":false,"is_daily":false,"chose_seed":false,"is_ascension_mode":true,"campfire_upgraded":0,"timestamp":1526526676,"path_taken":["M","?","M","?","M","E","R","M","T","R","?","E","M","E","R","BOSS","M","M","?","M","$","R","E","M","T","R","?","?","E"],"build_version":"2018-05-15","seed_source_timestamp":662432183138154,"purchased_purges":0,"victory":false,"master_deck":["Strike_B","Defend_B","Defend_B","Defend_B","Defend_B+1","Zap","Dualcast","All For One","Loop","Sunder","Steam","Chaos","Reprogram","Undo","Go for the Eyes","Hologram","Darkness+1","Machine Learning","Defragment","Undo","Go for the Eyes","Steam","Genetic Algorithm","Go for the Eyes","Capacitor","Lockon","Ball Lightning+1","Steam","Barrage"],"max_hp_per_floor":[75,75,75,75,75,75,75,75,75,75,75,75,75,75,75,75,75,75,75,75,75,75,75,75,75,75,75,75,75,75],"relics":["Cracked Core","Bag of Preparation","Potion Belt","Bag of Marbles","Thread and Needle","Lizard Tail","War Paint","Ornamental Fan"],"card_choices":[{"not_picked":["Skim","Hologram"],"picked":"Loop","floor":1},{"not_picked":["Consume","Barrage"],"picked":"Sunder","floor":3},{"not_picked":["Sweeping Beam","Sunder"],"picked":"Steam","floor":5},{"not_picked":["Barrage","Reinforced Body"],"picked":"Chaos","floor":6},{"not_picked":["Turbo","Undo"],"picked":"Reprogram","floor":8},{"not_picked":["Coolheaded","Turbo"],"picked":"Undo","floor":11},{"not_picked":["Tempest","Thunder Strike"],"picked":"Go for the Eyes","floor":12},{"not_picked":["Recycle","Ball Lightning"],"picked":"Hologram","floor":13},{"not_picked":["Aggregate","Hyperbeam"],"picked":"Darkness","floor":14},{"not_picked":["Nova","Meteor Strike"],"picked":"Machine Learning","floor":16},{"not_picked":["Reprogram","Capacitor+1"],"picked":"Defragment","floor":18},{"not_picked":["Heatsinks","Consume"],"picked":"Undo","floor":19},{"not_picked":["Turbo","Streamline"],"picked":"Go for the Eyes","floor":21},{"not_picked":["Axe Kick","Lockon"],"picked":"Ball Lightning+1","floor":24},{"not_picked":["Glacier","Auto Shields"],"picked":"Steam","floor":25},{"not_picked":["Ball Lightning+1","Coolheaded"],"picked":"Barrage","floor":28}],"player_experience":72716,"potions_floor_usage":[12,13,16,16,30,30],"damage_taken":[{"damage":1,"enemies":"Jaw Worm","floor":1,"turns":3},{"damage":0,"enemies":"Small Slimes","floor":3,"turns":3},{"damage":1,"enemies":"2 Louse","floor":5,"turns":2},{"damage":33,"enemies":"Lagavulin","floor":6,"turns":8},{"damage":13,"enemies":"Large Slime","floor":8,"turns":7},{"damage":6,"enemies":"Blue Slaver","floor":11,"turns":3},{"damage":0,"enemies":"3 Sentries","floor":12,"turns":6},{"damage":2,"enemies":"Gremlin Gang","floor":13,"turns":4},{"damage":33,"enemies":"Gremlin Nob","floor":14,"turns":4},{"damage":10,"enemies":"Hexaghost","floor":16,"turns":8},{"damage":9,"enemies":"2 Thieves","floor":18,"turns":5},{"damage":15,"enemies":"Spheric Guardian","floor":19,"turns":5},{"damage":32,"enemies":"Cultist and Chosen","floor":21,"turns":9},{"damage":50,"enemies":"Slavers","floor":24,"turns":11},{"damage":24,"enemies":"Sentry and Sphere","floor":25,"turns":5},{"damage":23,"enemies":"Snake Plant","floor":28,"turns":7},{"damage":30,"enemies":"Gremlin Leader","floor":30,"turns":4}],"relics_obtained":[{"floor":6,"key":"Bag of Preparation"},{"floor":9,"key":"Potion Belt"},{"floor":12,"key":"Bag of Marbles"},{"floor":14,"key":"Thread and Needle"},{"floor":24,"key":"War Paint"},{"floor":26,"key":"Ornamental Fan"}],"event_choices":[{"event_name":"Golden Wing","player_choice":"Card Removal","floor":2,"damage_taken":0},{"event_name":"The Cleric","player_choice":"Card Removal","floor":4,"damage_taken":0},{"event_name":"Vampires","player_choice":"Ignored","floor":20,"damage_taken":0},{"event_name":"The Lab","player_choice":"Got Potions","floor":29,"damage_taken":0}],"boss_relics":[{"not_picked":["Inserter","Calling Bell"],"picked":"Lizard Tail"}],"potions_floor_spawned":[6,8,11,12,24],"seed_played":"4945973237483679939","killed_by":"Gremlin Leader","ascension_level":1,"potions_obtained":[{"floor":6,"key":"Fire Potion"},{"floor":8,"key":"LiquidBronze"},{"floor":11,"key":"Energy Potion"},{"floor":12,"key":"Poison Potion"},{"floor":24,"key":"LiquidBronze"},{"floor":29,"key":"EssenceOfSteel"},{"floor":29,"key":"SneckoOil"},{"floor":29,"key":"Regen Potion"}],"is_trial":false}