{"gold_per_floor":[111,129,129,149,149,149,159,188,214,132,207,207,155,155,155,155],"floor_reached":16,"playtime":1460,"items_purged":[],"score":98,"play_id":"4df938de-e020-41a6-b210-b367cd3c8dac","local_time":"20190905112805","is_ascension_mode":false,"campfire_choices":[{"data":"Skewer","floor":6,"key":"SMITH"},{"floor":15,"key":"REST"}],"neow_cost":"NONE","seed_source_timestamp":1739273312812500,"circlet_count":0,"master_deck":["Strike_G","Strike_G","Strike_G","Strike_G","Defend_G","Defend_G","Defend_G","Defend_G","Defend_G","Survivor+1","Neutralize","Skewer+1","Deflect","Choke","Leg Sweep","Escape Plan","PiercingWail","Dash","Backflip"],"relics":["Ring of the Snake","Bag of Marbles","Strawberry","Lantern"],"potions_floor_usage":[8],"damage_taken":[{"damage":0,"enemies":"Small Slimes","floor":1,"turns":5},{"damage":0,"enemies":"Cultist","floor":2,"turns":5},{"damage":0,"enemies":"2 Louse","floor":4,"turns":4},{"damage":8,"enemies":"Exordium Wildlife","floor":7,"turns":4},{"damage":33,"enemies":"3 Sentries","floor":8,"turns":14},{"damage":78,"enemies":"Hexaghost","floor":16,"turns":19}],"seed_played":"-6051299344307980994","potions_obtained":[{"floor":1,"key":"SpeedPotion"},{"floor":7,"key":"Regen Potion"}],"is_trial":false,"path_per_floor":["M","M","?","M","?","R","M","E","T","$","?","T","$","?","R","B"],"character_chosen":"THE_SILENT","items_purchased":["Dash","Backflip"],"campfire_rested":1,"item_purchase_floors":[10,13],"current_hp_per_floor":[77,77,77,77,77,77,69,51,58,58,47,47,47,47,72,0],"gold":155,"neow_bonus":"TEN_PERCENT_HP_BONUS","is_prod":false,"is_daily":false,"chose_seed":false,"campfire_upgraded":1,"win_rate":0.0,"timestamp":1567697285,"path_taken":["M","M","?","M","?","R","?","E","T","$","?","?","$","?","R","BOSS"],"build_version":"2019-07-17","purchased_purges":0,"victory":false,"max_hp_per_floor":[77,77,77,77,77,77,77,77,84,84,84,84,84,84,84,84],"card_choices":[{"not_picked":["Blade Dance","Dodge and Roll"],"picked":"Skewer","floor":1},{"not_picked":["Blade Dance","Acrobatics"],"picked":"Deflect","floor":2},{"not_picked":["Deadly Poison","Sucker Punch"],"picked":"Choke","floor":4},{"not_picked":["Dodge and Roll","Underhanded Strike"],"picked":"Escape Plan","floor":7},{"not_picked":["Backflip","Distraction"],"picked":"PiercingWail","floor":8}],"player_experience":10066,"relics_obtained":[{"floor":8,"key":"Bag of Marbles"},{"floor":9,"key":"Strawberry"},{"floor":12,"key":"Lantern"}],"event_choices":[{"damage_healed":0,"gold_gain":0,"player_choice":"Leave","damage_taken":0,"max_hp_gain":0,"max_hp_loss":0,"event_name":"The Cleric","floor":3,"gold_loss":0},{"damage_healed":0,"gold_gain":0,"cards_transformed":["Strike_G"],"player_choice":"Transformed","damage_taken":0,"max_hp_gain":0,"max_hp_loss":0,"event_name":"Transmorgrifier","floor":5,"gold_loss":0,"cards_obtained":["Leg Sweep"]},{"damage_healed":0,"gold_gain":75,"player_choice":"Gather Gold","damage_taken":11,"max_hp_gain":0,"max_hp_loss":0,"event_name":"World of Goop","floor":11,"gold_loss":0},{"damage_healed":0,"gold_gain":0,"player_choice":"Grow","damage_taken":0,"max_hp_gain":0,"max_hp_loss":0,"event_name":"Living Wall","floor":14,"gold_loss":0,"cards_upgraded":["Survivor"]}],"is_beta":false,"boss_relics":[],"items_purged_floors":[],"is_endless":false,"potions_floor_spawned":[1,7],"killed_by":"Hexaghost","ascension_level":0}