{"gold_per_floor":[111,10,10,30,30,59,59,87,112,146,146,160,170,186,186,290,290,308,325,339,339,57,57,85,85,108,108,35,35,51,63,63,63],"floor_reached":33,"playtime":2327,"items_purged":["Injury","Regret"],"score":328,"play_id":"858e7847-1e07-4a81-bba4-96a6c89a0167","local_time":"20180722223959","is_ascension_mode":true,"campfire_choices":[{"data":"1","floor":7,"key":"LIFT"},{"floor":11,"key":"REST"},{"data":"2","floor":15,"key":"LIFT"},{"floor":23,"key":"REST"},{"floor":25,"key":"REST"},{"floor":29,"key":"REST"},{"floor":32,"key":"REST"}],"neow_cost":"CURSE","seed_source_timestamp":880034899529012,"circlet_count":0,"master_deck":["Strike_B","Strike_B","Strike_B","Strike_B","Defend_B","Defend_B","Defend_B","Defend_B","Zap","Dualcast","All For One","Go for the Eyes","Steam+1","Conserve Battery","Conserve Battery","FTL","FTL","Tempest","Electrodynamics","Gash","Leap","Self Repair","Scrape","FTL","Capacitor","RitualDagger","Self Repair","Beam Cell+1","Sunder"],"relics":["Cracked Core","DataDisk","Girya","Pear","Boot","Bottled Lightning","Black Star","Juzu Bracelet","Art of War","Omamori"],"potions_floor_usage":[8,16,16,19,24,31],"damage_taken":[{"damage":0,"enemies":"2 Louse","floor":1,"turns":2},{"damage":9,"enemies":"Small Slimes","floor":4,"turns":4},{"damage":14,"enemies":"Gremlin Nob","floor":6,"turns":3},{"damage":15,"enemies":"Lagavulin","floor":8,"turns":7},{"damage":9,"enemies":"3 Sentries","floor":10,"turns":6},{"damage":0,"enemies":"Jaw Worm","floor":12,"turns":3},{"damage":0,"enemies":"Looter","floor":13,"turns":2},{"damage":10,"enemies":"Large Slime","floor":14,"turns":3},{"damage":17,"enemies":"The Guardian","floor":16,"turns":8},{"damage":20,"enemies":"Shell Parasite","floor":18,"turns":6},{"damage":25,"enemies":"2 Thieves","floor":19,"turns":3},{"damage":28,"enemies":"Snake Plant","floor":20,"turns":4},{"damage":54,"enemies":"Book of Stabbing","floor":24,"turns":6},{"damage":33,"enemies":"Centurion and Healer","floor":30,"turns":5},{"damage":37,"enemies":"Slaver and Parasite","floor":31,"turns":6},{"damage":47,"enemies":"Collector","floor":33,"turns":3}],"seed_played":"-4591290282314007870","potions_obtained":[{"floor":1,"key":"SteroidPotion"},{"floor":4,"key":"Fire Potion"},{"floor":10,"key":"SpeedPotion"},{"floor":14,"key":"PowerPotion"},{"floor":16,"key":"PowerPotion"},{"floor":18,"key":"Ancient Potion"},{"floor":20,"key":"Ancient Potion"}],"is_trial":false,"path_per_floor":["M","$","?","M","?","E","R","E","T","E","R","M","M","M","R","B",null,"M","M","M","?","$","R","E","R","T","?","$","R","M","M","R"],"character_chosen":"DEFECT","items_purchased":["Steam","Self Repair","Scrape","FTL","Self Repair"],"campfire_rested":5,"item_purchase_floors":[2,22,22,22,28],"current_hp_per_floor":[75,75,75,66,66,52,52,47,47,38,63,63,63,53,53,36,85,65,40,12,40,40,65,18,43,43,37,37,62,43,20,45,0],"gold":63,"neow_bonus":"THREE_RARE_CARDS","is_prod":false,"is_daily":false,"chose_seed":false,"campfire_upgraded":0,"win_rate":0,"timestamp":1532324399,"path_taken":["M","$","?","M","?","E","R","E","T","E","R","M","M","M","R","BOSS","M","M","M","?","$","R","E","R","T","?","$","R","M","M","R","BOSS"],"build_version":"2018-07-19","purchased_purges":2,"victory":false,"max_hp_per_floor":[75,75,75,75,75,75,75,85,85,85,85,85,85,85,85,85,85,85,85,85,85,85,85,85,85,85,85,85,85,85,85,85,85],"card_choices":[{"not_picked":["Echo Form","Buffer"],"picked":"All For One","floor":0},{"not_picked":["Lockon","Coolheaded"],"picked":"Go for the Eyes","floor":1},{"not_picked":["Hologram","Coolheaded","Lockon"],"picked":"SKIP","floor":4},{"not_picked":["Fusion","Compile Driver"],"picked":"Conserve Battery","floor":6},{"not_picked":["Rainbow","Stack","Cold Snap"],"picked":"SKIP","floor":8},{"not_picked":["Stack","Recycle"],"picked":"Conserve Battery","floor":10},{"not_picked":["Melter","Go for the Eyes"],"picked":"FTL","floor":12},{"not_picked":["Hello World","Thunder Strike"],"picked":"FTL","floor":13},{"not_picked":["Coolheaded","Turbo"],"picked":"Tempest","floor":14},{"not_picked":["All For One","Amplify"],"picked":"Electrodynamics","floor":16},{"not_picked":["Doom and Gloom","Go for the Eyes"],"picked":"Gash","floor":18},{"not_picked":["Cold Snap","Tempest"],"picked":"Leap","floor":19},{"not_picked":["Rebound","Sweeping Beam+1","Coolheaded"],"picked":"SKIP","floor":20},{"not_picked":["Fission","Redo"],"picked":"Capacitor","floor":24},{"not_picked":["Tempest","Streamline"],"picked":"Beam Cell+1","floor":30},{"not_picked":["Ball Lightning","Melter+1"],"picked":"Sunder","floor":31}],"player_experience":175340,"relics_obtained":[{"floor":6,"key":"Girya"},{"floor":8,"key":"Pear"},{"floor":9,"key":"Boot"},{"floor":10,"key":"Bottled Lightning"},{"floor":24,"key":"Juzu Bracelet"},{"floor":24,"key":"Art of War"},{"floor":26,"key":"Omamori"}],"event_choices":[{"event_name":"Living Wall","player_choice":"Grow","floor":3,"damage_taken":0},{"event_name":"Big Fish","player_choice":"Box","floor":5,"damage_taken":0},{"event_name":"The Library","player_choice":"Heal","floor":21,"damage_taken":0},{"event_name":"Nest","player_choice":"Joined the Cult","floor":27,"damage_taken":0}],"is_beta":true,"boss_relics":[{"not_picked":["Snecko Eye","FrozenCore"],"picked":"Black Star"}],"items_purged_floors":[2,22],"is_endless":false,"potions_floor_spawned":[1,4,10,14,16,18,20],"killed_by":"Collector","ascension_level":3}