{"gold_per_floor":[216,102,177,177,98,132,132,165,189,224,238,258,258],"floor_reached":13,"playtime":918,"items_purged":["Defend_R"],"score":131,"play_id":"b92a0e8f-dcf4-49e4-a668-d361b3f632d0","local_time":"20190913000818","is_ascension_mode":true,"campfire_choices":[{"floor":7,"key":"REST"}],"neow_cost":"NONE","seed_source_timestamp":324679945705200,"circlet_count":0,"master_deck":["Strike_R","Strike_R","Strike_R","Strike_R","Strike_R","Defend_R","Defend_R","Defend_R","Bash","Iron Wave","Corruption","Metallicize","Brutality","Flex","Sentinel","Flex","Shrug It Off"],"relics":["Burning Blood","Omamori","Ancient Tea Set","Pocketwatch","Lantern","Centennial Puzzle"],"potions_floor_usage":[8,10,13],"damage_taken":[{"damage":7,"enemies":"Jaw Worm","floor":1,"turns":3},{"damage":27,"enemies":"Lagavulin","floor":6,"turns":8},{"damage":26,"enemies":"3 Sentries","floor":8,"turns":9},{"damage":14,"enemies":"Lagavulin","floor":10,"turns":7},{"damage":1,"enemies":"2 Louse","floor":11,"turns":3},{"damage":0,"enemies":"Small Slimes","floor":12,"turns":3},{"damage":21,"enemies":"3 Sentries","floor":13,"turns":4}],"seed_played":"132036029970002633","potions_obtained":[{"floor":6,"key":"Energy Potion"},{"floor":8,"key":"Poison Potion"},{"floor":12,"key":"LiquidBronze"}],"is_trial":false,"path_per_floor":["M","$","?","?","$","E","R","E","T","E","M","M","E"],"character_chosen":"IRONCLAD","items_purchased":["Corruption","Metallicize"],"campfire_rested":1,"item_purchase_floors":[2,5],"current_hp_per_floor":[71,71,60,35,35,14,38,18,18,10,15,21,0],"gold":258,"neow_bonus":"HUNDRED_GOLD","is_prod":false,"is_daily":false,"chose_seed":false,"campfire_upgraded":0,"win_rate":0,"timestamp":1568358498,"path_taken":["M","$","?","?","$","E","R","E","T","E","M","M","E"],"build_version":"2019-09-12","purchased_purges":1,"victory":false,"max_hp_per_floor":[80,80,80,80,80,80,80,80,80,80,80,80,80],"card_choices":[{"not_picked":["Warcry","Perfected Strike"],"picked":"Iron Wave","floor":1},{"not_picked":["Warcry","Battle Trance"],"picked":"Brutality","floor":6},{"not_picked":["Clothesline","Brutality"],"picked":"Flex","floor":8},{"not_picked":["Sever Soul","Sword Boomerang"],"picked":"Sentinel","floor":10},{"not_picked":["Second Wind","Havoc"],"picked":"Flex","floor":11},{"not_picked":["Perfected Strike","True Grit"],"picked":"Shrug It Off","floor":12}],"player_experience":345808,"relics_obtained":[{"floor":6,"key":"Ancient Tea Set"},{"floor":8,"key":"Pocketwatch"},{"floor":9,"key":"Lantern"},{"floor":10,"key":"Centennial Puzzle"}],"event_choices":[{"damage_healed":0,"gold_gain":75,"player_choice":"Gather Gold","damage_taken":11,"max_hp_gain":0,"max_hp_loss":0,"event_name":"World of Goop","floor":3,"gold_loss":0},{"damage_healed":0,"gold_gain":0,"player_choice":"Success","damage_taken":25,"relics_obtained":["Omamori"],"max_hp_gain":0,"max_hp_loss":0,"event_name":"Scrap Ooze","floor":4,"gold_loss":0}],"is_beta":true,"boss_relics":[],"items_purged_floors":[2],"is_endless":false,"potions_floor_spawned":[6,8,12],"killed_by":"3 Sentries","ascension_level":6}