{"gold_per_floor":[113,131,32,32,32,60,60,60,60,74,84,84,139,139,139,139],"floor_reached":16,"playtime":1574,"items_purged":["Defend_G"],"score":123,"play_id":"2aa19787-92e7-4ef5-b7d2-0b4431302abf","local_time":"20190811111513","is_ascension_mode":false,"campfire_choices":[{"floor":7,"key":"REST"},{"floor":12,"key":"REST"},{"floor":15,"key":"REST"}],"neow_cost":"NONE","seed_source_timestamp":1010715047755636,"circlet_count":0,"master_deck":["Strike_G+1","Strike_G","Strike_G","Strike_G","Strike_G","Defend_G","Defend_G","Defend_G+1","Defend_G","Survivor","Neutralize","Escape Plan","PiercingWail+1","Blade Dance","Calculated Gamble","Expertise","Crippling Poison","Dodge and Roll"],"relics":["Ring of the Snake","Pear","NlothsMask","Ice Cream"],"potions_floor_usage":[],"damage_taken":[{"damage":2,"enemies":"Small Slimes","floor":1,"turns":4},{"damage":6,"enemies":"2 Louse","floor":2,"turns":3},{"damage":36,"enemies":"Lagavulin","floor":6,"turns":10},{"damage":2,"enemies":"Jaw Worm","floor":10,"turns":3},{"damage":7,"enemies":"Gremlin Gang","floor":11,"turns":7},{"damage":23,"enemies":"3 Sentries","floor":13,"turns":11},{"damage":80,"enemies":"The Guardian","floor":16,"turns":20}],"seed_played":"2390963446063990660","potions_obtained":[{"floor":1,"key":"EssenceOfSteel"},{"floor":11,"key":"Explosive Potion"}],"is_trial":false,"path_per_floor":["M","M","$","?","?","E","R","?","T","M","M","R","?","?","R","B"],"character_chosen":"THE_SILENT","items_purchased":["Blade Dance"],"campfire_rested":3,"item_purchase_floors":[3],"current_hp_per_floor":[75,69,69,69,54,28,54,54,54,52,45,71,48,48,74,0],"gold":139,"neow_bonus":"TEN_PERCENT_HP_BONUS","is_prod":false,"is_daily":false,"chose_seed":false,"campfire_upgraded":0,"win_rate":0.0,"timestamp":1565540113,"path_taken":["M","M","$","?","?","E","R","?","T","?","?","R","?","?","R","BOSS"],"build_version":"2019-07-17","purchased_purges":1,"victory":false,"max_hp_per_floor":[77,77,77,77,77,87,87,87,87,87,87,87,87,87,87,87],"card_choices":[{"not_picked":["Bouncing Flask","Deadly Poison"],"picked":"Escape Plan","floor":1},{"not_picked":["Deflect","Tools of the Trade"],"picked":"PiercingWail","floor":2},{"not_picked":["Flying Knee","Wraith Form v2"],"picked":"Calculated Gamble","floor":6},{"not_picked":["Poisoned Stab","Cloak And Dagger"],"picked":"Expertise","floor":10},{"not_picked":["Sucker Punch","Flechettes"],"picked":"Crippling Poison","floor":11},{"not_picked":["Dagger Spray","Eviscerate"],"picked":"Dodge and Roll","floor":13}],"player_experience":117951,"relics_obtained":[{"floor":6,"key":"Pear"}],"event_choices":[{"damage_healed":0,"gold_gain":0,"player_choice":"Grow","damage_taken":0,"max_hp_gain":0,"max_hp_loss":0,"event_name":"Living Wall","floor":4,"gold_loss":0,"cards_upgraded":["PiercingWail"]},{"damage_healed":0,"gold_gain":0,"player_choice":"Entered Light","damage_taken":15,"max_hp_gain":0,"max_hp_loss":0,"event_name":"Shining Light","floor":5,"gold_loss":0,"cards_upgraded":["Defend_G","Strike_G"]},{"damage_healed":0,"gold_gain":0,"player_choice":"Trade","damage_taken":0,"relics_obtained":["NlothsMask"],"max_hp_gain":0,"max_hp_loss":0,"event_name":"FaceTrader","floor":8,"gold_loss":0},{"damage_healed":0,"gold_gain":0,"player_choice":"Searched \u00272\u0027 times","damage_taken":0,"relics_obtained":["Ice Cream"],"max_hp_gain":0,"max_hp_loss":0,"event_name":"Dead Adventurer","floor":13,"gold_loss":0},{"damage_healed":0,"gold_gain":0,"player_choice":"Ignored","damage_taken":0,"max_hp_gain":0,"max_hp_loss":0,"event_name":"Liars Game","floor":14,"gold_loss":0}],"is_beta":false,"boss_relics":[],"items_purged_floors":[3],"is_endless":false,"potions_floor_spawned":[1,11],"killed_by":"The Guardian","ascension_level":0}