{"gold_per_floor":[113,38,49,60,11,43,58,84,84,84,104,104,104,4,4,100,100,120,120,137,56,56,89,102,102,129,129,147,246,271,31,31,130,130,145,164,114,114,0,28,46,46,93,93,93],"floor_reached":45,"playtime":1814,"items_purged":["Defend_B","Strike_B","Decay","Genetic Algorithm"],"score":540,"play_id":"66089304-fdfb-4604-babb-0a2ebf691020","local_time":"20190910160056","is_ascension_mode":true,"campfire_choices":[{"floor":10,"key":"RECALL"},{"floor":13,"key":"REST"},{"data":"Defragment","floor":15,"key":"SMITH"},{"floor":25,"key":"REST"},{"floor":27,"key":"REST"},{"floor":32,"key":"REST"}],"neow_cost":"NONE","seed_source_timestamp":123206255378,"circlet_count":0,"master_deck":["Zap","Leap","Loop","Streamline","Redo","Ball Lightning","Glacier","Amplify","Defragment+1","Rainbow+1","Go for the Eyes+1","Ball Lightning","Defragment","Necronomicurse","White Noise+1","Leap+1","Storm","Capacitor","Loop","Electrodynamics+1","Blizzard","All For One","Creative AI","Barrage","Doom and Gloom","Streamline+1","Normality"],"relics":["Cursed Key","PreservedInsect","Toy Ornithopter","Velvet Choker","Necronomicon","Incense Burner","Smiling Mask","Sundial","ClockworkSouvenir","Pandora\u0027s Box","Red Mask","DataDisk","Dream Catcher"],"potions_floor_usage":[8,11,16,23,24,30,33,41],"damage_taken":[{"damage":1,"enemies":"Cultist","floor":1,"turns":4},{"damage":0,"enemies":"Small Slimes","floor":3,"turns":3},{"damage":2,"enemies":"Jaw Worm","floor":4,"turns":2},{"damage":17,"enemies":"Lagavulin","floor":6,"turns":6},{"damage":1,"enemies":"Looter","floor":7,"turns":3},{"damage":0,"enemies":"3 Sentries","floor":8,"turns":4},{"damage":16,"enemies":"Lots of Slimes","floor":11,"turns":4},{"damage":33,"enemies":"Hexaghost","floor":16,"turns":12},{"damage":18,"enemies":"2 Thieves","floor":18,"turns":4},{"damage":13,"enemies":"3 Byrds","floor":20,"turns":4},{"damage":17,"enemies":"Book of Stabbing","floor":23,"turns":4},{"damage":13,"enemies":"Centurion and Healer","floor":24,"turns":7},{"damage":0,"enemies":"Snake Plant","floor":28,"turns":4},{"damage":5,"enemies":"Slavers","floor":30,"turns":5},{"damage":11,"enemies":"Champ","floor":33,"turns":10},{"damage":0,"enemies":"3 Shapes","floor":35,"turns":5},{"damage":25,"enemies":"Orb Walker","floor":36,"turns":4},{"damage":48,"enemies":"Nemesis","floor":40,"turns":3},{"damage":0,"enemies":"Sphere and 2 Shapes","floor":41,"turns":3},{"damage":19,"enemies":"Maw","floor":45,"turns":4}],"seed_played":"-4791130864028307894","potions_obtained":[{"floor":4,"key":"Explosive Potion"},{"floor":7,"key":"GamblersBrew"},{"floor":11,"key":"EssenceOfSteel"},{"floor":18,"key":"SneckoOil"},{"floor":23,"key":"GamblersBrew"},{"floor":28,"key":"LiquidBronze"},{"floor":30,"key":"Weak Potion"},{"floor":36,"key":"Block Potion"}],"is_trial":false,"path_per_floor":["M","$","M","M","$","E","M","E","T","R","M","?","R","$","R","B",null,"M","?","M","$","?","E","M","R","T","R","M","?","E","$","R","B",null,"M","M","$","?","?","E","M","?","T","?","M"],"character_chosen":"DEFECT","items_purchased":["Redo","Defragment","ClockworkSouvenir","Loop"],"campfire_rested":4,"item_purchase_floors":[5,21,31,31],"current_hp_per_floor":[74,74,74,72,72,55,54,54,54,54,43,43,65,65,65,37,75,57,57,44,44,28,16,8,30,30,52,52,52,52,52,74,64,75,75,50,50,50,50,2,7,7,7,7,0],"gold":93,"neow_bonus":"BOSS_RELIC","is_prod":false,"is_daily":false,"chose_seed":false,"campfire_upgraded":1,"win_rate":0,"timestamp":1568156456,"path_taken":["M","?","M","M","$","E","M","E","T","R","M","?","R","?","R","BOSS","M","?","?","$","?","E","M","R","T","R","M","?","E","$","R","BOSS","M","M","$","?","?","E","M","?","T","?","?"],"build_version":"2019-09-09v2","purchased_purges":4,"victory":false,"max_hp_per_floor":[75,75,75,75,75,75,75,75,75,75,75,75,75,75,75,75,75,75,75,75,75,75,75,75,75,75,75,75,75,75,75,75,75,75,75,75,75,75,75,75,75,75,75,75,75],"card_choices":[{"not_picked":["Gash","Stack"],"picked":"Leap","floor":1},{"not_picked":["Beam Cell","Sweeping Beam"],"picked":"Loop","floor":3},{"not_picked":["Turbo","Go for the Eyes"],"picked":"Streamline","floor":4},{"not_picked":["Beam Cell","Conserve Battery"],"picked":"Ball Lightning","floor":6},{"not_picked":["Multi-Cast","Rebound"],"picked":"Glacier","floor":7},{"not_picked":["Chaos","Static Discharge"],"picked":"Amplify","floor":8},{"not_picked":["Go for the Eyes","Darkness"],"picked":"Defragment","floor":11},{"not_picked":["Reboot","Meteor Strike"],"picked":"Rainbow","floor":16},{"not_picked":["Hello World+1","Steam"],"picked":"Go for the Eyes+1","floor":18},{"not_picked":["Steam","Compile Driver"],"picked":"Ball Lightning","floor":20},{"not_picked":["Go for the Eyes","Buffer"],"picked":"White Noise+1","floor":23},{"not_picked":["Coolheaded","Turbo"],"picked":"Leap+1","floor":24},{"not_picked":["Heatsinks+1","Cold Snap"],"picked":"Storm","floor":28},{"not_picked":["Streamline+1","Melter"],"picked":"Capacitor","floor":30},{"not_picked":["Multi-Cast","Reboot"],"picked":"Electrodynamics","floor":33},{"not_picked":["Sweeping Beam","Barrage","Genetic Algorithm+1"],"picked":"SKIP","floor":35},{"not_picked":["Gash+1","Redo","Barrage+1"],"picked":"SKIP","floor":36},{"not_picked":["Genetic Algorithm","Recycle+1"],"picked":"Streamline+1","floor":40},{"not_picked":["Ball Lightning","Rebound+1","Leap"],"picked":"SKIP","floor":41}],"player_experience":97403,"relics_obtained":[{"floor":6,"key":"PreservedInsect"},{"floor":8,"key":"Toy Ornithopter"},{"floor":22,"key":"Necronomicon"},{"floor":23,"key":"Incense Burner"},{"floor":26,"key":"Smiling Mask"},{"floor":30,"key":"Sundial"},{"floor":40,"key":"DataDisk"},{"floor":43,"key":"Dream Catcher"}],"event_choices":[{"cards_removed":["Regret"],"damage_healed":0,"gold_gain":0,"player_choice":"Forget","damage_taken":0,"max_hp_gain":0,"max_hp_loss":0,"event_name":"Living Wall","floor":12,"gold_loss":0},{"damage_healed":0,"gold_gain":0,"player_choice":"Upgraded","damage_taken":0,"max_hp_gain":0,"max_hp_loss":0,"event_name":"Upgrade Shrine","floor":19,"gold_loss":0,"cards_upgraded":["Rainbow"]},{"damage_healed":0,"gold_gain":0,"player_choice":"Obtained Book","damage_taken":16,"max_hp_gain":0,"max_hp_loss":0,"event_name":"Cursed Tome","floor":22,"gold_loss":0},{"damage_healed":0,"gold_gain":99,"player_choice":"Stole From Cult","damage_taken":0,"max_hp_gain":0,"max_hp_loss":0,"event_name":"Nest","floor":29,"gold_loss":0},{"cards_removed":["Dualcast"],"damage_healed":0,"gold_gain":0,"player_choice":"Removed Skill","damage_taken":0,"max_hp_gain":0,"max_hp_loss":0,"event_name":"Falling","floor":38,"gold_loss":0},{"damage_healed":0,"gold_gain":0,"player_choice":"Paid","damage_taken":0,"relics_obtained":["Red Mask"],"max_hp_gain":0,"max_hp_loss":0,"event_name":"Tomb of Lord Red Mask","floor":39,"gold_loss":114},{"damage_healed":0,"gold_gain":0,"player_choice":"Memory 1","damage_taken":0,"max_hp_gain":0,"max_hp_loss":0,"event_name":"SensoryStone","floor":42,"gold_loss":0},{"damage_healed":0,"gold_gain":0,"player_choice":"Forge","damage_taken":0,"max_hp_gain":0,"max_hp_loss":0,"event_name":"Accursed Blacksmith","floor":44,"gold_loss":0,"cards_upgraded":["Electrodynamics"]}],"is_beta":true,"boss_relics":[{"not_picked":["Calling Bell","Ectoplasm"],"picked":"Velvet Choker"},{"not_picked":["Sozu","SlaversCollar"],"picked":"Pandora\u0027s Box"}],"items_purged_floors":[2,14,31,37],"is_endless":false,"potions_floor_spawned":[4,7,11,18,23,28,30,36],"killed_by":"Maw","ascension_level":1}