{"path_per_floor":["M","M","?","?","M","E","R","M","T","M","M","E","M","$","R","B",null,"M","?","$","M","$","E","R","?","T","R","M","R","M","E","R","B",null,"M","M","$","M","M","R","E","M","T","R","M","M","M","M","R"],"character_chosen":"DEFECT","items_purchased":["Toxic Egg 2","White Noise","Defragment","Capacitor","Axe Kick","Mummified Hand"],"gold_per_floor":[117,136,236,236,249,278,278,296,296,308,324,356,371,53,53,156,156,173,173,100,113,38,64,64,64,88,88,101,101,115,143,143,238,238,256,274,23,38,48,48,76,76,122,122,137,148,166,177,177,177],"floor_reached":50,"campfire_rested":4,"playtime":4869,"current_hp_per_floor":[74,73,73,78,75,68,68,43,43,41,41,17,14,14,38,11,80,62,62,62,59,59,47,71,71,71,71,67,67,57,7,31,12,80,63,40,40,40,35,51,15,15,15,55,55,53,53,51,69,0],"items_purged":[],"gold":177,"score":580,"play_id":"a3f60e18-c75d-44e4-a731-213ce2006425","local_time":"20180513043202","is_prod":false,"is_daily":false,"chose_seed":false,"is_ascension_mode":false,"campfire_upgraded":5,"timestamp":1526211122,"path_taken":["M","M","?","?","M","E","R","?","T","M","M","E","M","$","R","BOSS","M","?","$","M","?","E","R","?","T","R","M","R","M","E","R","BOSS","M","?","?","M","M","R","E","M","T","R","M","M","?","M","R","BOSS"],"build_version":"2018-05-12v2","seed_source_timestamp":345396703238100,"purchased_purges":0,"victory":false,"master_deck":["Strike_B","Strike_B","Strike_B","Strike_B+1","Defend_B","Defend_B","Defend_B","Defend_B","Zap","Dualcast","Meteor Strike","Lockon+1","Leap","Sweeping Beam","Chaos+1","BootSequence","Chill","Storm","Stack","Stack","White Noise+1","Creative AI+1","Defragment+1","Capacitor","Leap+1","Capacitor","Force Field+1","Steam Power+1","Defragment+1","Steam+1","Capacitor","Axe Kick","Capacitor","Genetic Algorithm+1","Defragment+1","Impulse+1","Reboot+1","Rebound","Reprogram+1","Steam+1","Capacitor+1","Barrage+1","Fusion+1","Beam Cell","Skim+1","Sweeping Beam+1"],"max_hp_per_floor":[75,75,75,80,80,80,80,80,80,80,80,80,80,80,80,80,80,80,80,80,80,80,80,80,80,80,80,80,80,80,80,80,80,80,80,80,80,80,80,80,80,80,80,80,80,80,80,80,80,80],"relics":["Cracked Core","Bag of Marbles","Oddly Smooth Stone","Bottled Tornado","Toxic Egg 2","Orrery","Vajra","Orichalcum","Bag of Preparation","Eternal Feather","Mummified Hand","Potion Belt","Whetstone"],"card_choices":[{"not_picked":["Stack","Reinforced Body"],"picked":"Lockon","floor":1},{"not_picked":["Aggregate","Turbo"],"picked":"Leap","floor":2},{"not_picked":["Beam Cell","Capacitor"],"picked":"Sweeping Beam","floor":5},{"not_picked":["Creative AI","Go for the Eyes"],"picked":"Chaos","floor":6},{"not_picked":["Axe Kick","Beam Cell"],"picked":"BootSequence","floor":8},{"not_picked":["FTL","Streamline"],"picked":"Chill","floor":10},{"not_picked":["Loop","Aggregate"],"picked":"Storm","floor":11},{"not_picked":["Doom and Gloom","Gash"],"picked":"Stack","floor":12},{"not_picked":["Hologram","Cold Snap"],"picked":"Stack","floor":13},{"not_picked":["Amplify+1","Meteor Strike"],"picked":"Creative AI","floor":16},{"not_picked":["Hello World","Hologram+1"],"picked":"Defragment","floor":17},{"not_picked":["Hologram+1","Beam Cell"],"picked":"Capacitor","floor":17},{"not_picked":["Stack+1","Streamline"],"picked":"Leap+1","floor":17},{"not_picked":["Skim+1","Axe Kick"],"picked":"Capacitor","floor":17},{"not_picked":["Stack+1","FTL"],"picked":"Force Field+1","floor":17},{"not_picked":["Streamline","Doom and Gloom"],"picked":"Steam Power+1","floor":18},{"not_picked":["Cold Snap","Thunder Strike"],"picked":"Steam+1","floor":21},{"not_picked":["Sweeping Beam","Rebound"],"picked":"Capacitor","floor":23},{"not_picked":["Auto Shields+1","Capacitor"],"picked":"Genetic Algorithm+1","floor":28},{"not_picked":["Sweeping Beam","Steam Power+1"],"picked":"Defragment","floor":30},{"not_picked":["Darkness+1","Ball Lightning"],"picked":"Impulse+1","floor":31},{"not_picked":["Meteor Strike","Thunder Strike"],"picked":"Reboot+1","floor":33},{"not_picked":["Axe Kick","Sunder"],"picked":"Rebound","floor":35},{"not_picked":["Doom and Gloom","Axe Kick"],"picked":"Reprogram+1","floor":36},{"not_picked":["Genetic Algorithm+1","Go for the Eyes"],"picked":"Steam+1","floor":38},{"not_picked":["Redo+1","Steam+1"],"picked":"Capacitor+1","floor":39},{"not_picked":["Streamline+1","Lockon+1"],"picked":"Barrage+1","floor":41},{"not_picked":["Cold Snap+1","Skim+1"],"picked":"Fusion+1","floor":45},{"not_picked":["Ball Lightning+1","Doom and Gloom"],"picked":"Beam Cell","floor":46},{"not_picked":["Stack+1","Streamline"],"picked":"Skim+1","floor":47},{"not_picked":["Beam Cell+1","BootSequence+1"],"picked":"Sweeping Beam+1","floor":48}],"player_experience":62974,"potions_floor_usage":[6,12,18,23,31,33,39,41,42,42,48],"damage_taken":[{"damage":1,"enemies":"Cultist","floor":1,"turns":3},{"damage":1,"enemies":"2 Louse","floor":2,"turns":3},{"damage":3,"enemies":"Jaw Worm","floor":5,"turns":3},{"damage":7,"enemies":"3 Sentries","floor":6,"turns":4},{"damage":25,"enemies":"Gremlin Gang","floor":8,"turns":4},{"damage":2,"enemies":"Red Slaver","floor":10,"turns":3},{"damage":0,"enemies":"Large Slime","floor":11,"turns":4},{"damage":24,"enemies":"Gremlin Nob","floor":12,"turns":4},{"damage":3,"enemies":"2 Fungi Beasts","floor":13,"turns":3},{"damage":27,"enemies":"Slime Boss","floor":16,"turns":6},{"damage":18,"enemies":"2 Thieves","floor":18,"turns":5},{"damage":3,"enemies":"Chosen","floor":21,"turns":5},{"damage":12,"enemies":"Book of Stabbing","floor":23,"turns":5},{"damage":4,"enemies":"Centurion and Healer","floor":28,"turns":8},{"damage":10,"enemies":"Snecko","floor":30,"turns":4},{"damage":50,"enemies":"Slavers","floor":31,"turns":6},{"damage":19,"enemies":"Champ","floor":33,"turns":6},{"damage":17,"enemies":"Orb Walker","floor":35,"turns":4},{"damage":23,"enemies":"3 Darklings","floor":36,"turns":7},{"damage":0,"enemies":"4 Shapes","floor":38,"turns":4},{"damage":5,"enemies":"Flame Bruiser 2 Orb","floor":39,"turns":4},{"damage":36,"enemies":"Nemesis","floor":41,"turns":6},{"damage":0,"enemies":"Maw","floor":42,"turns":4},{"damage":0,"enemies":"4 Shapes","floor":45,"turns":4},{"damage":2,"enemies":"Sphere and 2 Shapes","floor":46,"turns":4},{"damage":0,"enemies":"Flame Bruiser 2 Orb","floor":47,"turns":3},{"damage":2,"enemies":"Spire Growth","floor":48,"turns":4},{"damage":83,"enemies":"Time Eater","floor":50,"turns":9}],"event_choices":[{"event_name":"Golden Shrine","player_choice":"Pray","floor":3,"damage_taken":0},{"event_name":"Big Fish","player_choice":"Donut","floor":4,"damage_taken":0},{"event_name":"Ghosts","player_choice":"Ignored","floor":19,"damage_taken":0},{"event_name":"Drug Dealer","player_choice":"Ignored","floor":25,"damage_taken":0}],"boss_relics":[{"not_picked":["White Beast Statue","Sozu"],"picked":"Orrery"},{"not_picked":["Velvet Choker","Black Star"],"picked":"Eternal Feather"}],"potions_floor_spawned":[1,2,5,8,11,18,28,30,31,38,39,41,42],"seed_played":"8999383877451498166","killed_by":"Time Eater","ascension_level":0,"is_trial":false}