{"gold_per_floor":[369,369,369,9,28,28,46,46,46,61,86,103,103,113,113,212,212,230,249,263,263],"floor_reached":21,"playtime":913,"items_purged":["Regret"],"score":201,"play_id":"4dd30c1e-7999-4c36-9651-3e19d20ccb94","local_time":"20190914075344","is_ascension_mode":true,"campfire_choices":[{"data":"Armaments","floor":6.0,"key":"SMITH"},{"data":"Combust","floor":8.0,"key":"SMITH"},{"data":"Combust","floor":13.0,"key":"SMITH"},{"data":"Seeing Red","floor":15.0,"key":"SMITH"}],"neow_cost":"TEN_PERCENT_HP_LOSS","seed_source_timestamp":109360341992,"circlet_count":0,"master_deck":["Bash","Armaments+1","Shrug It Off","Headbutt","Combust+1","Entrench","Combust+1","Havoc","Seeing Red+1","Berserk","Brutality","Pommel Strike","Armaments","Hemokinesis","Brutality","Feed","Combust","Dropkick","Havoc","True Grit","Carnage+1"],"special_seed":0,"relics":["Burning Blood","Omamori","Mercury Hourglass","Orichalcum","Pandora\u0027s Box"],"potions_floor_usage":[21],"damage_taken":[{"damage":12.0,"enemies":"Jaw Worm","floor":1.0,"turns":3.0},{"damage":0.0,"enemies":"2 Louse","floor":5.0,"turns":3.0},{"damage":0.0,"enemies":"Small Slimes","floor":7.0,"turns":3.0},{"damage":14.0,"enemies":"Red Slaver","floor":10.0,"turns":4.0},{"damage":21.0,"enemies":"3 Sentries","floor":11.0,"turns":6.0},{"damage":1.0,"enemies":"3 Louse","floor":12.0,"turns":2.0},{"damage":1.0,"enemies":"2 Fungi Beasts","floor":14.0,"turns":3.0},{"damage":33.0,"enemies":"Slime Boss","floor":16.0,"turns":7.0},{"damage":36.0,"enemies":"Shell Parasite","floor":18.0,"turns":5.0},{"damage":20.0,"enemies":"3 Byrds","floor":19.0,"turns":3.0},{"damage":27.0,"enemies":"Cultist and Chosen","floor":20.0,"turns":4.0},{"damage":24,"enemies":"Centurion and Healer","floor":21,"turns":2}],"seed_played":"-7488859877147525292","potions_obtained":[{"floor":10.0,"key":"Swift Potion"},{"floor":11.0,"key":"LiquidBronze"},{"floor":12.0,"key":"Energy Potion"},{"floor":20.0,"key":"AttackPotion"}],"is_trial":false,"path_per_floor":["M","?","?","$","M","R","M","R","T","M","E","M","R","M","R","B",null,"M","M","M","M"],"character_chosen":"IRONCLAD","items_purchased":["Mercury Hourglass","Shrug It Off"],"campfire_rested":0,"item_purchase_floors":[4,4],"current_hp_per_floor":[66,59,59,59,65,65,71,71,71,63,48,53,53,58,58,31,72,45,31,10,0],"gold":263,"neow_bonus":"TWO_FIFTY_GOLD","is_prod":false,"is_daily":false,"chose_seed":false,"campfire_upgraded":4,"win_rate":0,"timestamp":1568472824,"path_taken":["M","?","?","?","M","R","M","R","T","?","E","M","R","M","R","BOSS","M","M","M","M"],"build_version":"2019-09-12","purchased_purges":1,"victory":false,"max_hp_per_floor":[72,72,72,72,72,72,72,72,72,72,72,72,72,72,72,72,72,75,75,75,75],"card_choices":[{"not_picked":["Sword Boomerang","Rupture"],"picked":"Armaments","floor":1.0},{"not_picked":["Anger","Heavy Blade"],"picked":"Headbutt","floor":5.0},{"not_picked":["Inflame","Uppercut"],"picked":"Combust","floor":7.0},{"not_picked":["Hemokinesis","Flex"],"picked":"Entrench","floor":10.0},{"not_picked":["Ghostly Armor","Cleave"],"picked":"Combust","floor":11.0},{"not_picked":["Clash","Searing Blow"],"picked":"Havoc","floor":12.0},{"not_picked":["Armaments","Cleave"],"picked":"Seeing Red","floor":14.0},{"not_picked":["Feed","Reaper"],"picked":"Berserk","floor":16.0},{"not_picked":["Spot Weakness","Anger"],"picked":"Havoc","floor":18.0},{"not_picked":["Armaments","Dropkick"],"picked":"True Grit","floor":19.0},{"not_picked":["Pommel Strike","Clash"],"picked":"Carnage+1","floor":20.0}],"player_experience":117607,"relics_obtained":[{"floor":11.0,"key":"Orichalcum"}],"event_choices":[{"cards_removed":["Strike_R"],"damage_healed":0.0,"max_hp_gain":0.0,"max_hp_loss":0.0,"gold_gain":0.0,"event_name":"Golden Wing","player_choice":"Card Removal","floor":2.0,"gold_loss":0.0,"damage_taken":7.0},{"damage_healed":0.0,"max_hp_gain":0.0,"max_hp_loss":0.0,"gold_gain":0.0,"event_name":"Big Fish","player_choice":"Box","floor":3.0,"gold_loss":0.0,"damage_taken":0.0,"relics_obtained":["Omamori"],"cards_obtained":["Regret"]}],"is_beta":true,"boss_relics":[{"not_picked":["Ectoplasm","SacredBark"],"picked":"Pandora\u0027s Box"}],"items_purged_floors":[4],"is_endless":false,"potions_floor_spawned":[10,11,12,20],"killed_by":"Centurion and Healer","ascension_level":2}