{"gold_per_floor":[118,44,56,231,244,244,272,272,272,272,303,314,45,74,74,169,169,186,221,221,232,132,132,159,159,209,224,238,238,255,280,280,384,384,400,622,622,42,42,71,71,90,162,195,218,218,230,29,29,29],"floor_reached":50,"playtime":5483,"items_purged":["Doubt","Doubt","Strike_R","Strike_R"],"score":799,"play_id":"de6d70eb-df63-4dbf-8a2c-36c2255b6c8c","local_time":"20190124130350","is_ascension_mode":true,"campfire_choices":[{"data":"Metallicize","floor":6,"key":"SMITH"},{"data":"Bash","floor":8,"key":"SMITH"},{"floor":10,"key":"REST"},{"floor":15,"key":"REST"},{"floor":23,"key":"REST"},{"floor":25,"key":"REST"},{"floor":29,"key":"REST"},{"floor":32,"key":"REST"},{"floor":41,"key":"REST"},{"floor":49,"key":"REST"}],"neow_cost":"CURSE","seed_source_timestamp":1134108840100392,"circlet_count":0,"master_deck":["Strike_R","Strike_R","Strike_R","Defend_R","Defend_R","Defend_R","Defend_R","Bash+1","Rampage","Metallicize+1","Disarm","Flex","Juggernaut","Metallicize","Spot Weakness+1","Juggernaut","Rage+1","Rampage+1","Necronomicurse","Flame Barrier+1","Iron Wave+1","Heavy Blade","Ghostly Armor+1","Flame Barrier+1","Demon Form","Clothesline+1","Madness+1","Madness+1","Flame Barrier+1","Heavy Blade","Metallicize+1","Intimidate+1","Armaments+1"],"relics":["Black Blood","Sundial","Toxic Egg 2","Question Card","Toy Ornithopter","Bottled Tornado","Sozu","Red Mask","Necronomicon","Dodecahedron","Oddly Smooth Stone","Gambling Chip","Blood Vial","Mango","Boot","Blue Candle","Nunchaku","Ancient Tea Set"],"potions_floor_usage":[14,19,24],"damage_taken":[{"damage":10,"enemies":"Small Slimes","floor":1,"turns":4},{"damage":7,"enemies":"2 Louse","floor":3,"turns":3},{"damage":9,"enemies":"Jaw Worm","floor":5,"turns":4},{"damage":33,"enemies":"3 Sentries","floor":7,"turns":12},{"damage":43,"enemies":"Lagavulin","floor":11,"turns":9},{"damage":21,"enemies":"3 Louse","floor":12,"turns":4},{"damage":13,"enemies":"Gremlin Nob","floor":14,"turns":5},{"damage":40,"enemies":"The Guardian","floor":16,"turns":11},{"damage":12,"enemies":"Spheric Guardian","floor":18,"turns":4},{"damage":36,"enemies":"Masked Bandits","floor":19,"turns":5},{"damage":12,"enemies":"Shell Parasite","floor":21,"turns":5},{"damage":57,"enemies":"Gremlin Leader","floor":24,"turns":7},{"damage":14,"enemies":"Snecko","floor":27,"turns":4},{"damage":12,"enemies":"Shelled Parasite and Fungi","floor":28,"turns":6},{"damage":5,"enemies":"Snake Plant","floor":30,"turns":4},{"damage":0,"enemies":"Book of Stabbing","floor":31,"turns":6},{"damage":46,"enemies":"Champ","floor":33,"turns":11},{"damage":0,"enemies":"3 Shapes","floor":35,"turns":6},{"damage":51,"enemies":"Nemesis","floor":40,"turns":9},{"damage":11,"enemies":"Orb Walker","floor":42,"turns":5},{"damage":68,"enemies":"Reptomancer","floor":44,"turns":9},{"damage":17,"enemies":"Spire Growth","floor":47,"turns":5},{"damage":72,"enemies":"Awakened One","floor":50,"turns":8}],"seed_played":"668295042130886265","potions_obtained":[{"floor":7,"key":"BloodPotion"},{"floor":12,"key":"Fire Potion"},{"floor":14,"key":"Fire Potion"}],"is_trial":false,"path_per_floor":["M","$","M","?","M","R","E","R","T","R","E","M","$","E","R","B",null,"M","?","?","M","$","R","E","R","T","M","M","R","M","E","R","B",null,"M","?","?","$","?","E","R","M","T","E","T","?","M","$","R","B"],"character_chosen":"IRONCLAD","items_purchased":["Metallicize","Toy Ornithopter","Blood Vial","Mango","Armaments+1"],"campfire_rested":8,"item_purchase_floors":[2,13,38,38,48],"current_hp_per_floor":[92,92,91,91,88,88,61,61,61,89,52,37,37,35,63,29,79,73,48,32,26,26,54,17,45,45,37,31,59,60,66,94,54,86,96,96,96,110,96,57,90,91,91,35,35,35,30,30,63,0],"gold":29,"neow_bonus":"TWENTY_PERCENT_HP_BONUS","is_prod":false,"is_daily":false,"chose_seed":false,"campfire_upgraded":2,"win_rate":0,"timestamp":1548363830,"path_taken":["M","$","M","?","M","R","E","R","T","R","E","M","$","E","R","BOSS","M","?","?","M","$","R","E","R","T","M","M","R","M","E","R","BOSS","M","?","?","$","?","E","R","M","T","E","?","?","?","$","R","BOSS"],"build_version":"2019-01-23","purchased_purges":4,"victory":false,"max_hp_per_floor":[96,96,96,96,96,96,96,96,96,96,96,96,96,96,96,96,96,96,96,96,96,96,96,96,96,96,96,96,96,96,96,96,96,96,96,96,96,110,110,110,110,110,110,110,110,110,110,110,110,110],"card_choices":[{"not_picked":["Iron Wave","Pommel Strike"],"picked":"Rampage","floor":1},{"not_picked":["Warcry","Armaments"],"picked":"Shrug It Off","floor":3},{"not_picked":["Cleave","Thunderclap"],"picked":"Disarm","floor":5},{"not_picked":["Shrug It Off","Perfected Strike"],"picked":"Flex","floor":7},{"not_picked":["Dual Wield+1","Searing Blow"],"picked":"Juggernaut","floor":11},{"not_picked":["Clash","Armaments+1","Intimidate+1"],"picked":"Metallicize","floor":12},{"not_picked":["Havoc+1","Clash","Clothesline"],"picked":"Spot Weakness+1","floor":14},{"not_picked":["Fiend Fire","Immolate","Feed"],"picked":"Juggernaut","floor":16},{"not_picked":["Twin Strike+1","Warcry+1","Clash+1"],"picked":"Rage+1","floor":18},{"not_picked":["Flex+1","Pommel Strike","Second Wind+1"],"picked":"Rampage+1","floor":19},{"not_picked":["Whirlwind","Pommel Strike+1","Bludgeon","Clash"],"picked":"SKIP","floor":21},{"not_picked":["Flex+1","Carnage","True Grit+1"],"picked":"Flame Barrier+1","floor":24},{"not_picked":["Pommel Strike","Clothesline","Rupture"],"picked":"Iron Wave+1","floor":27},{"not_picked":["Twin Strike","Dual Wield+1","Clash"],"picked":"Heavy Blade","floor":28},{"not_picked":["Brutality","Carnage","True Grit+1"],"picked":"Ghostly Armor+1","floor":30},{"not_picked":["Infernal Blade+1","Armaments+1","Berserk"],"picked":"Flame Barrier+1","floor":31},{"not_picked":["Berserk","Exhume+1","Dark Embrace"],"picked":"Demon Form","floor":33},{"not_picked":["Sword Boomerang","Rupture","Whirlwind"],"picked":"Clothesline+1","floor":35},{"not_picked":["Cleave","Reckless Charge+1","Brutality"],"picked":"Flame Barrier+1","floor":40},{"not_picked":["Rupture+1","Blood for Blood+1","True Grit+1"],"picked":"Heavy Blade","floor":42},{"not_picked":["Perfected Strike+1","Heavy Blade","Flame Barrier+1"],"picked":"Metallicize+1","floor":44},{"not_picked":["Wild Strike","Flex+1","Bloodletting+1"],"picked":"Intimidate+1","floor":47}],"player_experience":232042,"relics_obtained":[{"floor":7,"key":"Sundial"},{"floor":9,"key":"Toxic Egg 2"},{"floor":11,"key":"Question Card"},{"floor":14,"key":"Bottled Tornado"},{"floor":19,"key":"Red Mask"},{"floor":20,"key":"Necronomicon"},{"floor":24,"key":"Dodecahedron"},{"floor":26,"key":"Oddly Smooth Stone"},{"floor":31,"key":"Gambling Chip"},{"floor":40,"key":"Boot"},{"floor":43,"key":"Blue Candle"},{"floor":44,"key":"Nunchaku"},{"floor":45,"key":"Ancient Tea Set"}],"event_choices":[{"damage_healed":0,"gold_gain":175,"player_choice":"AGREE","damage_taken":0,"max_hp_gain":0,"max_hp_loss":0,"event_name":"Liars Game","floor":4,"gold_loss":0,"cards_obtained":["Doubt"]},{"damage_healed":0,"gold_gain":0,"player_choice":"Fought Bandits","damage_taken":0,"max_hp_gain":0,"max_hp_loss":0,"event_name":"Masked Bandits","floor":19,"gold_loss":0},{"damage_healed":0,"gold_gain":0,"player_choice":"Obtained Book","damage_taken":16,"max_hp_gain":0,"max_hp_loss":0,"event_name":"Cursed Tome","floor":20,"gold_loss":0},{"damage_healed":0,"gold_gain":222,"player_choice":"Wore Mask","damage_taken":0,"max_hp_gain":0,"max_hp_loss":0,"event_name":"Tomb of Lord Red Mask","floor":36,"gold_loss":0},{"cards_removed":["Shrug It Off"],"damage_healed":0,"gold_gain":0,"player_choice":"Removed Skill","damage_taken":0,"max_hp_gain":0,"max_hp_loss":0,"event_name":"Falling","floor":37,"gold_loss":0},{"damage_healed":0,"gold_gain":0,"player_choice":"Embrace Madness","damage_taken":14,"max_hp_gain":0,"max_hp_loss":0,"event_name":"Winding Halls","floor":39,"gold_loss":0,"cards_obtained":["Madness","Madness"]},{"damage_healed":0,"gold_gain":0,"player_choice":"Got Potions","damage_taken":0,"max_hp_gain":0,"max_hp_loss":0,"event_name":"Lab","floor":46,"gold_loss":0}],"is_beta":true,"boss_relics":[{"not_picked":["Snecko Eye","Coffee Dripper"],"picked":"Sozu"},{"not_picked":["Cursed Key","Black Star"],"picked":"Black Blood"}],"items_purged_floors":[13,22,38,48],"is_endless":false,"potions_floor_spawned":[7,12,14,19,21,27,28,35,40],"killed_by":"Awakened One","ascension_level":5}