{"gold_per_floor":[109,109,109,125,140,140,157,157,207,240,240,42,42,42,42,147,147,159,209,6,6,6,36,36,36,36,54,74,91,91,107,107,210,210,227,247,247,262,262,289,289,301,328,328,353,353,353,369,369,369],"floor_reached":51,"playtime":4113,"items_purged":[],"score":698,"play_id":"b45a5b27-b5fb-415f-9f64-95527fd2e051","local_time":"20190908143335","is_ascension_mode":false,"campfire_choices":[{"data":"Neutralize","floor":6.0,"key":"SMITH"},{"floor":13.0,"key":"REST"},{"data":"Iron Wave","floor":15.0,"key":"SMITH"},{"floor":24.0,"key":"REST"},{"floor":30.0,"key":"REST"},{"data":"Noxious Fumes","floor":32.0,"key":"SMITH"},{"floor":41.0,"key":"REST"},{"data":"Leg Sweep","floor":44.0,"key":"SMITH"},{"floor":46.0,"key":"REST"},{"floor":49.0,"key":"REST"}],"neow_cost":"NONE","seed_source_timestamp":2006697572088600,"circlet_count":0,"master_deck":["Strike_G+1","Strike_G+1","Strike_G+1","Strike_G+1","Defend_G+1","Defend_G+1","Defend_G+1","Defend_G+1","Defend_G+1","Survivor","Neutralize+1","Noxious Fumes+1","Iron Wave+1","Caltrops+1","Crippling Poison","Storm of Steel","Dagger Throw+1","Slice","Shame","Cloak And Dagger+1","Bouncing Flask+1","Deadly Poison","Backflip","Deadly Poison","A Thousand Cuts","Parasite","Deflect","Deadly Poison","Madness","Madness","Backflip+1","Flash of Steel+1","Leg Sweep+1","Backstab+1","Neutralize+1","Doubt","PiercingWail+1"],"special_seed":0,"relics":["Ring of the Snake","NeowsBlessing","Boot","Regal Pillow","Pen Nib","TwistedFunnel","WristBlade","Lantern","Omamori","Bottled Tornado","Molten Egg 2","Calling Bell","Vajra","Ninja Scroll","Thread and Needle","Ornamental Fan","Art of War","Snake Skull"],"potions_floor_usage":[50,50],"damage_taken":[{"damage":0.0,"enemies":"Cultist","floor":1.0,"turns":1.0},{"damage":0.0,"enemies":"Small Slimes","floor":4.0,"turns":1.0},{"damage":0.0,"enemies":"Jaw Worm","floor":5.0,"turns":1.0},{"damage":7.0,"enemies":"Large Slime","floor":7.0,"turns":6.0},{"damage":24.0,"enemies":"Gremlin Nob","floor":10.0,"turns":5.0},{"damage":32.0,"enemies":"Slime Boss","floor":16.0,"turns":13.0},{"damage":23.0,"enemies":"Shell Parasite","floor":18.0,"turns":5.0},{"damage":36.0,"enemies":"Gremlin Leader","floor":23.0,"turns":8.0},{"damage":8.0,"enemies":"Spheric Guardian","floor":27.0,"turns":4.0},{"damage":8.0,"enemies":"3 Cultists","floor":28.0,"turns":4.0},{"damage":4.0,"enemies":"Centurion and Healer","floor":29.0,"turns":4.0},{"damage":8.0,"enemies":"Cultist and Chosen","floor":31.0,"turns":6.0},{"damage":33.0,"enemies":"Collector","floor":33.0,"turns":7.0},{"damage":0.0,"enemies":"Orb Walker","floor":35.0,"turns":3.0},{"damage":6.0,"enemies":"3 Shapes","floor":36.0,"turns":4.0},{"damage":0.0,"enemies":"Sphere and 2 Shapes","floor":38.0,"turns":3.0},{"damage":29.0,"enemies":"Reptomancer","floor":40.0,"turns":7.0},{"damage":0.0,"enemies":"4 Shapes","floor":42.0,"turns":4.0},{"damage":45.0,"enemies":"Giant Head","floor":45.0,"turns":9.0},{"damage":11.0,"enemies":"Spire Growth","floor":48.0,"turns":4.0},{"damage":71,"enemies":"Donu and Deca","floor":50,"turns":11}],"seed_played":"-2742750592916127241","potions_obtained":[{"floor":1.0,"key":"FearPotion"},{"floor":5.0,"key":"Block Potion"},{"floor":10.0,"key":"GamblersBrew"},{"floor":18.0,"key":"GamblersBrew"},{"floor":27.0,"key":"GhostInAJar"},{"floor":28.0,"key":"SkillPotion"},{"floor":36.0,"key":"Swift Potion"},{"floor":38.0,"key":"SteroidPotion"},{"floor":48.0,"key":"Fire Potion"}],"is_trial":false,"path_per_floor":["M","?","?","M","M","R","M","?","T","E","?","$","R","$","R","B",null,"M","?","$","?","?","E","R","$","T","M","M","M","R","M","R","B",null,"M","M","?","M","?","E","R","M","T","R","E","R","?","M","R","B",null],"character_chosen":"THE_SILENT","items_purchased":["TwistedFunnel","Lantern","Slice"],"campfire_rested":6,"item_purchase_floors":[12,20,20],"current_hp_per_floor":[70,75,75,75,75,75,68,65,65,41,26,26,63,63,63,31,75,52,52,52,52,52,16,53,53,53,45,37,33,70,62,62,29,75,75,69,60,60,60,31,68,68,68,68,23,60,60,49,75,4],"gold":369,"neow_bonus":"THREE_ENEMY_KILL","is_prod":false,"is_daily":false,"chose_seed":false,"campfire_upgraded":4,"win_rate":0,"timestamp":1567967615,"path_taken":["M","?","?","M","M","R","?","?","T","E","?","$","R","?","R","BOSS","M","?","?","?","?","E","R","$","T","?","M","M","R","M","R","BOSS","M","M","?","M","?","E","R","M","T","R","E","R","?","M","R","BOSS"],"build_version":"2019-07-17","purchased_purges":0,"victory":true,"max_hp_per_floor":[70,75,75,75,75,75,75,75,75,75,75,75,75,75,75,75,75,75,75,75,75,75,75,75,75,75,75,75,75,75,75,75,75,75,75,75,75,75,75,75,75,75,75,75,75,75,75,75,75,75],"card_choices":[{"not_picked":["Heel Hook","Dagger Throw"],"picked":"Noxious Fumes","floor":1.0},{"not_picked":["Slice","Dagger Throw"],"picked":"Caltrops","floor":4.0},{"not_picked":["Catalyst","Slice"],"picked":"Crippling Poison","floor":5.0},{"not_picked":["Accuracy","Blade Dance","Flying Knee"],"picked":"SKIP","floor":7.0},{"not_picked":["Dagger Spray","Flying Knee","Infinite Blades"],"picked":"SKIP","floor":10.0},{"not_picked":["Glass Knife","Unload"],"picked":"Storm of Steel","floor":16.0},{"not_picked":["Sucker Punch","Quick Slash"],"picked":"Dagger Throw+1","floor":18.0},{"not_picked":["Dodge and Roll","Flying Knee"],"picked":"Cloak And Dagger+1","floor":23.0},{"not_picked":["Concentrate+1","Dash+1"],"picked":"Bouncing Flask+1","floor":27.0},{"not_picked":["Bane+1","Underhanded Strike+1"],"picked":"Deadly Poison","floor":28.0},{"not_picked":["Finisher+1","Infinite Blades"],"picked":"Backflip","floor":29.0},{"not_picked":["Deflect","Outmaneuver"],"picked":"Deadly Poison","floor":31.0},{"not_picked":["Malaise","Wraith Form v2"],"picked":"A Thousand Cuts","floor":33.0},{"not_picked":["Reflex","Finisher+1"],"picked":"Deflect","floor":35.0},{"not_picked":["Envenom","Acrobatics"],"picked":"Deadly Poison","floor":36.0},{"not_picked":["Quick Slash+1","Heel Hook+1"],"picked":"Backflip+1","floor":38.0},{"not_picked":["Trip","Purity"],"picked":"Flash of Steel+1","floor":39.0},{"not_picked":["Wraith Form v2","Reflex","Dagger Spray+1"],"picked":"SKIP","floor":40.0},{"not_picked":["Flechettes+1","Dodge and Roll+1"],"picked":"Leg Sweep","floor":42.0},{"not_picked":["Corpse Explosion","Bane+1"],"picked":"Backstab+1","floor":45.0},{"not_picked":["Well Laid Plans+1","Deflect"],"picked":"PiercingWail+1","floor":48.0}],"player_experience":52723,"relics_obtained":[{"floor":9.0,"key":"Regal Pillow"},{"floor":10.0,"key":"Pen Nib"},{"floor":23.0,"key":"Bottled Tornado"},{"floor":26.0,"key":"Molten Egg 2"},{"floor":34.0,"key":"Vajra"},{"floor":34.0,"key":"Ninja Scroll"},{"floor":34.0,"key":"Thread and Needle"},{"floor":40.0,"key":"Ornamental Fan"},{"floor":43.0,"key":"Art of War"},{"floor":45.0,"key":"Snake Skull"}],"event_choices":[{"damage_healed":0.0,"max_hp_gain":5.0,"max_hp_loss":0.0,"gold_gain":0.0,"event_name":"Big Fish","player_choice":"Donut","floor":2.0,"gold_loss":0.0,"damage_taken":0.0},{"cards_removed":["Strike_G"],"damage_healed":0.0,"max_hp_gain":0.0,"max_hp_loss":0.0,"gold_gain":0.0,"event_name":"NoteForYourself","player_choice":"Took Card","floor":3.0,"gold_loss":0.0,"damage_taken":0.0,"cards_obtained":["Iron Wave"]},{"damage_healed":0.0,"max_hp_gain":0.0,"max_hp_loss":0.0,"gold_gain":0.0,"event_name":"Scrap Ooze","player_choice":"Success","floor":8.0,"gold_loss":0.0,"damage_taken":3.0,"relics_obtained":["Boot"]},{"damage_healed":0.0,"max_hp_gain":0.0,"max_hp_loss":0.0,"gold_gain":0.0,"event_name":"Shining Light","player_choice":"Entered Light","floor":11.0,"gold_loss":0.0,"damage_taken":15.0,"cards_upgraded":["Defend_G","Caltrops"]},{"damage_healed":0.0,"max_hp_gain":0.0,"max_hp_loss":0.0,"gold_gain":100.0,"event_name":"The Joust","player_choice":"Bet on Murderer","floor":19.0,"gold_loss":50.0,"damage_taken":0.0},{"damage_healed":0.0,"max_hp_gain":0.0,"max_hp_loss":0.0,"gold_gain":0.0,"event_name":"Addict","player_choice":"Stole Relic","floor":21.0,"gold_loss":0.0,"damage_taken":0.0,"relics_obtained":["Omamori"],"cards_obtained":["Shame"]},{"damage_healed":0.0,"max_hp_gain":0.0,"max_hp_loss":0.0,"gold_gain":0.0,"event_name":"Back to Basics","player_choice":"Simplicity","floor":22.0,"gold_loss":0.0,"damage_taken":0.0,"cards_upgraded":["Strike_G","Strike_G","Strike_G","Strike_G","Defend_G","Defend_G","Defend_G","Defend_G"]},{"damage_healed":0.0,"max_hp_gain":0.0,"max_hp_loss":0.0,"gold_gain":0.0,"event_name":"Winding Halls","player_choice":"Embrace Madness","floor":37.0,"gold_loss":0.0,"damage_taken":9.0,"cards_obtained":["Madness","Madness"]},{"damage_healed":0.0,"max_hp_gain":0.0,"max_hp_loss":0.0,"gold_gain":0.0,"event_name":"SensoryStone","player_choice":"Memory 1","floor":39.0,"gold_loss":0.0,"damage_taken":0.0},{"damage_healed":0.0,"max_hp_gain":0.0,"max_hp_loss":0.0,"gold_gain":0.0,"event_name":"Match and Keep!","player_choice":"2 cards matched","floor":47.0,"gold_loss":0.0,"damage_taken":0.0,"cards_obtained":["Neutralize","Doubt"]}],"is_beta":false,"boss_relics":[{"not_picked":["Cursed Key","Black Star"],"picked":"WristBlade"},{"not_picked":["Busted Crown","Sozu"],"picked":"Calling Bell"}],"items_purged_floors":[],"is_endless":false,"potions_floor_spawned":[1,5,10,18,27,28,36,38,48],"ascension_level":0}