{"gold_per_floor":[117,117,129,129,229,264,264,19,46,58,58,70,129,141,141,244,244,259,259,184,201,31,31,59,59,86,104,123,123,140,240,240,338,338,350,362,0,12,62,62,62,81,105,105,116,130,5,5],"floor_reached":48,"playtime":2524,"items_purged":["Regret","Strike_R","Defend_R"],"score":552,"play_id":"7cd6cd7b-fe3d-4c63-b4f7-6d60ebeddbd9","local_time":"20190901091119","is_ascension_mode":false,"campfire_choices":[{"data":"Searing Blow","floor":7.0,"key":"SMITH"},{"data":"Searing Blow+1","floor":11.0,"key":"SMITH"},{"data":"Searing Blow+2","floor":15.0,"key":"SMITH"},{"data":"Searing Blow+3","floor":23.0,"key":"SMITH"},{"data":"Searing Blow+4","floor":25.0,"key":"SMITH"},{"data":"Searing Blow+5","floor":29.0,"key":"SMITH"},{"data":"Searing Blow+6","floor":32.0,"key":"SMITH"},{"data":"Searing Blow+7","floor":40.0,"key":"SMITH"},{"data":"Searing Blow+8","floor":44.0,"key":"SMITH"}],"neow_cost":"NONE","seed_source_timestamp":78028861482768,"circlet_count":0,"master_deck":["Strike_R+1","Defend_R+1","Defend_R+1","Defend_R","Bash+1","Searing Blow+9","Armaments+1","Armaments+1","Flame Barrier+1","Warcry+1","Flex+1","Fiend Fire","Armaments+1","Sever Soul+1","Double Tap+1","Armaments+1","Pommel Strike","Double Tap+1","Whirlwind","Demon Form","Twin Strike+1","Warcry+1","Shrug It Off+1","Corruption+1","Cleave+1"],"special_seed":0,"relics":["Burning Blood","NeowsBlessing","Toxic Egg 2","War Paint","Orichalcum","Happy Flower","Blood Vial","Ornamental Fan","Mark of Pain","Strawberry","Whetstone","StoneCalendar","Question Card","Empty Cage","Red Mask","Girya","Bronze Scales"],"potions_floor_usage":[],"damage_taken":[{"damage":0.0,"enemies":"Cultist","floor":1.0,"turns":1.0},{"damage":0.0,"enemies":"2 Louse","floor":3.0,"turns":1.0},{"damage":0.0,"enemies":"3 Sentries","floor":6.0,"turns":2.0},{"damage":3.0,"enemies":"Jaw Worm","floor":10.0,"turns":3.0},{"damage":7.0,"enemies":"Blue Slaver","floor":12.0,"turns":3.0},{"damage":13.0,"enemies":"Gremlin Nob","floor":13.0,"turns":4.0},{"damage":0.0,"enemies":"2 Fungi Beasts","floor":14.0,"turns":3.0},{"damage":59.0,"enemies":"Slime Boss","floor":16.0,"turns":12.0},{"damage":15.0,"enemies":"2 Thieves","floor":18.0,"turns":5.0},{"damage":0.0,"enemies":"Spheric Guardian","floor":21.0,"turns":3.0},{"damage":33.0,"enemies":"Gremlin Leader","floor":24.0,"turns":5.0},{"damage":14.0,"enemies":"Shelled Parasite and Fungi","floor":27.0,"turns":4.0},{"damage":6.0,"enemies":"Snake Plant","floor":28.0,"turns":3.0},{"damage":7.0,"enemies":"Centurion and Healer","floor":30.0,"turns":4.0},{"damage":5.0,"enemies":"Colosseum Slavers","floor":31.0,"turns":3.0},{"damage":0.0,"enemies":"Colosseum Nobs","floor":31.0,"turns":3.0},{"damage":51.0,"enemies":"Collector","floor":33.0,"turns":7.0},{"damage":2.0,"enemies":"Orb Walker","floor":35.0,"turns":2.0},{"damage":6.0,"enemies":"3 Shapes","floor":36.0,"turns":3.0},{"damage":17.0,"enemies":"Sphere and 2 Shapes","floor":38.0,"turns":4.0},{"damage":49.0,"enemies":"2 Orb Walkers","floor":39.0,"turns":7.0},{"damage":0.0,"enemies":"Spire Growth","floor":42.0,"turns":1.0},{"damage":29.0,"enemies":"Jaw Worm Horde","floor":45.0,"turns":5.0},{"damage":41.0,"enemies":"3 Darklings","floor":46.0,"turns":6.0},{"damage":19,"enemies":"Transient","floor":48,"turns":3}],"seed_played":"979037180136867622","potions_obtained":[{"floor":1.0,"key":"GamblersBrew"},{"floor":6.0,"key":"Regen Potion"},{"floor":24.0,"key":"Block Potion"},{"floor":27.0,"key":"FearPotion"},{"floor":30.0,"key":"Explosive Potion"},{"floor":38.0,"key":"Regen Potion"},{"floor":41.0,"key":"Fire Potion"},{"floor":41.0,"key":"Fruit Juice"},{"floor":41.0,"key":"EntropicBrew"},{"floor":45.0,"key":"Strength Potion"}],"is_trial":false,"path_per_floor":["M","T","M","?","?","E","R","$","T","M","R","M","?","M","R","B",null,"M","?","?","M","$","R","E","R","T","M","M","R","M","?","R","B",null,"M","M","?","M","?","R","?","M","T","R","M","M","$","M"],"character_chosen":"IRONCLAD","items_purchased":["Armaments+1","Happy Flower","Double Tap+1"],"campfire_rested":0,"item_purchase_floors":[8,8,22],"current_hp_per_floor":[80,80,80,80,80,80,80,80,80,80,80,79,73,80,80,42,80,71,56,56,64,64,64,46,46,46,40,42,42,43,54,54,11,92,92,92,92,81,55,55,55,68,68,68,47,14,14,0],"gold":5,"neow_bonus":"THREE_ENEMY_KILL","is_prod":false,"is_daily":false,"chose_seed":false,"campfire_upgraded":9,"win_rate":0.0,"timestamp":1567354279,"path_taken":["M","?","M","?","?","E","R","$","T","?","R","M","?","M","R","BOSS","M","?","?","M","$","R","E","R","T","M","M","R","M","?","R","BOSS","M","M","?","M","?","R","?","M","T","R","M","M","$","M"],"build_version":"2019-07-17","purchased_purges":3,"victory":false,"max_hp_per_floor":[80,80,80,80,80,80,80,80,80,80,80,80,80,80,80,80,80,80,85,85,85,85,85,92,92,92,92,92,92,92,92,92,92,92,92,92,92,92,92,92,92,97,97,97,97,97,97,97],"card_choices":[{"not_picked":["Shrug It Off","Seeing Red"],"picked":"Searing Blow","floor":1.0},{"not_picked":["Shrug It Off+1","Metallicize"],"picked":"Armaments+1","floor":3.0},{"not_picked":["Thunderclap","Perfected Strike","Metallicize"],"picked":"SKIP","floor":6.0},{"not_picked":["Anger","Sword Boomerang","Blood for Blood"],"picked":"SKIP","floor":10.0},{"not_picked":["Cleave","Heavy Blade"],"picked":"Flame Barrier+1","floor":12.0},{"not_picked":["Disarm+1","True Grit+1"],"picked":"Warcry+1","floor":13.0},{"not_picked":["Clash","Pummel"],"picked":"Flex+1","floor":14.0},{"not_picked":["Impervious+1","Limit Break+1"],"picked":"Fiend Fire","floor":16.0},{"not_picked":["Wild Strike","Pommel Strike"],"picked":"Armaments+1","floor":18.0},{"not_picked":["Warcry+1","Twin Strike"],"picked":"Sever Soul+1","floor":21.0},{"not_picked":["Clothesline","Metallicize"],"picked":"Armaments+1","floor":24.0},{"not_picked":["True Grit+1","Sever Soul"],"picked":"Pommel Strike","floor":27.0},{"not_picked":["Sword Boomerang","Blood for Blood"],"picked":"Double Tap+1","floor":28.0},{"not_picked":["Sword Boomerang","Disarm+1"],"picked":"Whirlwind","floor":30.0},{"not_picked":["Limit Break+1","Berserk","Offering+1"],"picked":"Demon Form","floor":33.0},{"not_picked":["Thunderclap","Corruption","Sword Boomerang"],"picked":"Twin Strike+1","floor":35.0},{"not_picked":["Clash+1","Heavy Blade","Rupture","Rampage"],"picked":"SKIP","floor":36.0},{"not_picked":["Body Slam+1","Clothesline","Sword Boomerang+1","Carnage"],"picked":"SKIP","floor":38.0},{"not_picked":["True Grit+1","Anger","Seeing Red+1"],"picked":"Warcry+1","floor":39.0},{"not_picked":["Flex+1","True Grit+1","Rampage+1"],"picked":"Shrug It Off+1","floor":42.0},{"not_picked":["Clash","Combust+1","Sword Boomerang"],"picked":"Corruption+1","floor":45.0},{"not_picked":["Sever Soul","Warcry+1","Entrench+1"],"picked":"Cleave+1","floor":46.0}],"player_experience":19001,"relics_obtained":[{"floor":2.0,"key":"Toxic Egg 2"},{"floor":6.0,"key":"Orichalcum"},{"floor":9.0,"key":"Blood Vial"},{"floor":24.0,"key":"Strawberry"},{"floor":26.0,"key":"Whetstone"},{"floor":31.0,"key":"StoneCalendar"},{"floor":31.0,"key":"Question Card"},{"floor":39.0,"key":"Girya"},{"floor":43.0,"key":"Bronze Scales"}],"event_choices":[{"damage_healed":0.0,"max_hp_gain":0.0,"max_hp_loss":0.0,"gold_gain":0.0,"event_name":"Big Fish","player_choice":"Box","floor":4.0,"gold_loss":0.0,"damage_taken":0.0,"relics_obtained":["War Paint"],"cards_obtained":["Regret"]},{"damage_healed":0.0,"max_hp_gain":0.0,"max_hp_loss":0.0,"gold_gain":100.0,"event_name":"Golden Shrine","player_choice":"Pray","floor":5.0,"gold_loss":0.0,"damage_taken":0.0},{"damage_healed":0.0,"max_hp_gain":0.0,"max_hp_loss":0.0,"gold_gain":30.0,"event_name":"Dead Adventurer","player_choice":"Searched \u00273\u0027 times","floor":13.0,"gold_loss":0.0,"damage_taken":0.0,"relics_obtained":["Ornamental Fan"]},{"damage_healed":0.0,"max_hp_gain":5.0,"max_hp_loss":0.0,"gold_gain":0.0,"event_name":"Forgotten Altar","player_choice":"Shed Blood","floor":19.0,"gold_loss":0.0,"damage_taken":20.0},{"cards_removed":["Strike_R"],"damage_healed":0.0,"max_hp_gain":0.0,"max_hp_loss":0.0,"gold_gain":0.0,"event_name":"Beggar","player_choice":"Gave Gold","floor":20.0,"gold_loss":75.0,"damage_taken":0.0},{"damage_healed":0.0,"max_hp_gain":0.0,"max_hp_loss":0.0,"gold_gain":0.0,"event_name":"Colosseum","player_choice":"Fight","floor":31.0,"gold_loss":0.0,"damage_taken":0.0},{"damage_healed":0.0,"max_hp_gain":0.0,"max_hp_loss":0.0,"gold_gain":0.0,"event_name":"Colosseum","player_choice":"Fought Nobs","floor":31.0,"gold_loss":0.0,"damage_taken":0.0},{"damage_healed":0.0,"max_hp_gain":0.0,"max_hp_loss":0.0,"gold_gain":0.0,"event_name":"Tomb of Lord Red Mask","player_choice":"Paid","floor":37.0,"gold_loss":362.0,"damage_taken":0.0,"relics_obtained":["Red Mask"]},{"damage_healed":0.0,"max_hp_gain":0.0,"max_hp_loss":0.0,"gold_gain":0.0,"event_name":"Mysterious Sphere","player_choice":"Fight","floor":39.0,"gold_loss":0.0,"damage_taken":0.0},{"damage_healed":0.0,"max_hp_gain":0.0,"max_hp_loss":0.0,"gold_gain":0.0,"event_name":"Lab","player_choice":"Got Potions","floor":41.0,"gold_loss":0.0,"damage_taken":0.0}],"is_beta":false,"boss_relics":[{"not_picked":["Philosopher\u0027s Stone","Snecko Eye"],"picked":"Mark of Pain"},{"not_picked":["Tiny House","Eternal Feather"],"picked":"Empty Cage"}],"items_purged_floors":[8,22,47],"is_endless":false,"potions_floor_spawned":[1,6,24,27,30,38,45],"killed_by":"Transient","ascension_level":0}