{"path_per_floor":["M","M","M","M","$","R","E","R","T","?","E","?","M","M","R"],"character_chosen":"DEFECT","items_purchased":["Reprogram"],"gold_per_floor":[112,125,138,152,40,40,66,66,90,90,120,150,163,173,173,173],"floor_reached":16,"campfire_rested":3,"playtime":1458,"item_purchase_floors":[5],"current_hp_per_floor":[74,68,54,48,48,70,39,61,61,54,38,35,32,17,39,0],"items_purged":["Strike_B"],"gold":173,"score":123,"play_id":"c1c8fae1-2824-4572-b031-2f1c80d07691","local_time":"20180617023218","is_prod":false,"is_daily":false,"chose_seed":false,"is_ascension_mode":true,"campfire_upgraded":0,"win_rate":0,"timestamp":1529227938,"campfire_choices":[{"floor":6,"key":"REST"},{"floor":8,"key":"REST"},{"floor":15,"key":"REST"}],"path_taken":["M","?","M","M","$","R","E","R","T","?","E","?","?","M","R","BOSS"],"build_version":"2018-06-14v2","seed_source_timestamp":227667335160616,"purchased_purges":1,"victory":false,"master_deck":["Strike_B","Defend_B","Defend_B","Defend_B+1","Defend_B","Zap","Dualcast+1","Beam Cell","Loop","Beam Cell","Redo","Reprogram","Tempest","Storm","Leap","Sunder"],"max_hp_per_floor":[75,75,75,75,75,75,75,75,75,75,75,75,75,75,75,75],"relics":["Cracked Core","War Paint","Pen Nib","Art of War","Tiny Chest"],"card_choices":[{"not_picked":["Cold Snap","Turbo"],"picked":"Beam Cell","floor":1},{"not_picked":["Leap","Coolheaded"],"picked":"Loop","floor":2},{"not_picked":["Rebound","Streamline"],"picked":"Beam Cell","floor":3},{"not_picked":["Coolheaded","Rip and Tear"],"picked":"Redo","floor":4},{"not_picked":["Consume","Compile Driver"],"picked":"Tempest","floor":7},{"not_picked":["Go for the Eyes","Rainbow"],"picked":"Storm","floor":11},{"not_picked":["Melter","Go for the Eyes"],"picked":"Leap","floor":13},{"not_picked":["Undo","Streamline"],"picked":"Sunder","floor":14}],"player_experience":132214,"potions_floor_usage":[11,13,16,16,16],"damage_taken":[{"damage":1,"enemies":"Cultist","floor":1,"turns":3},{"damage":6,"enemies":"Jaw Worm","floor":2,"turns":4},{"damage":14,"enemies":"Small Slimes","floor":3,"turns":4},{"damage":6,"enemies":"2 Fungi Beasts","floor":4,"turns":3},{"damage":31,"enemies":"Lagavulin","floor":7,"turns":6},{"damage":16,"enemies":"3 Sentries","floor":11,"turns":7},{"damage":3,"enemies":"3 Louse","floor":13,"turns":4},{"damage":15,"enemies":"Exordium Thugs","floor":14,"turns":4},{"damage":54,"enemies":"Hexaghost","floor":16,"turns":11}],"relics_obtained":[{"floor":7,"key":"War Paint"},{"floor":9,"key":"Pen Nib"},{"floor":11,"key":"Art of War"}],"event_choices":[{"event_name":"Golden Wing","player_choice":"Card Removal","floor":10,"damage_taken":0},{"event_name":"Scrap Ooze","player_choice":"success","floor":12,"damage_taken":3}],"boss_relics":[],"items_purged_floors":[5],"is_endless":false,"potions_floor_spawned":[2,3,7,11,13,14],"seed_played":"1303811625139296647","killed_by":"Hexaghost","ascension_level":2,"potions_obtained":[{"floor":2,"key":"Regen Potion"},{"floor":3,"key":"Block Potion"},{"floor":7,"key":"EssenceOfSteel"},{"floor":11,"key":"GamblersBrew"},{"floor":13,"key":"SpeedPotion"},{"floor":14,"key":"EssenceOfSteel"}],"is_trial":false}