{"gold_per_floor":[113,113,65,65,89,89,109,109,161,204,222,237,288,311,311,440,440,463,388,111,135,154,154,195,195,240,240,260,275,293,293,293,293],"floor_reached":33,"playtime":2067,"items_purged":["Doubt"],"score":386,"play_id":"ab35c1fd-fcea-48f0-aa7e-f6d8e6acca22","local_time":"20181230222747","is_ascension_mode":true,"campfire_choices":[{"data":"Inflame","floor":6,"key":"SMITH"},{"data":"Perfected Strike","floor":8,"key":"SMITH"},{"floor":15,"key":"REST"},{"floor":23,"key":"REST"},{"floor":25,"key":"DIG"},{"floor":27,"key":"DIG"},{"floor":32,"key":"REST"}],"neow_cost":"NONE","seed_source_timestamp":4848446102882270,"circlet_count":0,"master_deck":["Strike_R","Strike_R","Strike_R","Strike_R","Strike_R","Defend_R","Defend_R","Defend_R","Defend_R","Perfected Strike+1","Inflame+1","Pommel Strike","Power Through","Shrug It Off","Pommel Strike","Sword Boomerang","Sword Boomerang","Pain","Perfected Strike+1","Ghostly Armor","Feed","Ghostly Armor","Sentinel","Perfected Strike","Perfected Strike","Wild Strike+1","Intimidate","Metallicize"],"relics":["Burning Blood","Golden Idol","Bronze Scales","Shovel","Bag of Preparation","Calling Bell","Incense Burner","Pear","Centennial Puzzle","Du-Vu Doll","Bottled Tornado","Omamori","Letter Opener"],"potions_floor_usage":[5,16,18,22,24,24,33],"damage_taken":[{"damage":9,"enemies":"2 Louse","floor":1,"turns":2},{"damage":6,"enemies":"Cultist","floor":5,"turns":3},{"damage":0,"enemies":"Small Slimes","floor":7,"turns":3},{"damage":35,"enemies":"Lagavulin","floor":10,"turns":6},{"damage":0,"enemies":"Looter","floor":11,"turns":2},{"damage":3,"enemies":"Exordium Thugs","floor":12,"turns":4},{"damage":0,"enemies":"Large Slime","floor":14,"turns":4},{"damage":25,"enemies":"The Guardian","floor":16,"turns":8},{"damage":21,"enemies":"2 Thieves","floor":18,"turns":4},{"damage":7,"enemies":"Shell Parasite","floor":21,"turns":3},{"damage":24,"enemies":"Shelled Parasite and Fungi","floor":22,"turns":4},{"damage":20,"enemies":"Slavers","floor":24,"turns":5},{"damage":24,"enemies":"Snake Plant","floor":28,"turns":2},{"damage":14,"enemies":"3 Cultists","floor":29,"turns":4},{"damage":14,"enemies":"Centurion and Healer","floor":30,"turns":3},{"damage":79,"enemies":"Collector","floor":33,"turns":9}],"seed_played":"875464805085419664","potions_obtained":[{"floor":7,"key":"Strength Potion"},{"floor":10,"key":"SteroidPotion"},{"floor":14,"key":"Fire Potion"},{"floor":16,"key":"FearPotion"},{"floor":22,"key":"SteroidPotion"},{"floor":29,"key":"SteroidPotion"}],"is_trial":false,"path_per_floor":["M","?","$","?","M","R","M","R","T","E","M","M","T","M","R","B",null,"M","?","$","M","M","R","E","R","T","R","M","M","M","?","R","B"],"character_chosen":"IRONCLAD","items_purchased":["PowerPotion","Ghostly Armor","Feed"],"campfire_rested":3,"item_purchase_floors":[3,20,20],"current_hp_per_floor":[77,77,77,57,57,57,63,63,63,34,40,43,43,49,73,54,84,69,69,69,68,53,80,66,66,66,66,51,43,35,35,63,0],"gold":293,"neow_bonus":"THREE_CARDS","is_prod":false,"is_daily":false,"chose_seed":false,"campfire_upgraded":2,"win_rate":0,"timestamp":1546237667,"path_taken":["M","?","?","?","M","R","M","R","T","E","M","M","?","?","R","BOSS","M","?","$","M","M","R","E","R","T","R","M","M","M","?","R","BOSS"],"build_version":"2018-12-25","purchased_purges":1,"victory":false,"max_hp_per_floor":[80,80,80,80,80,80,80,80,80,80,80,80,80,80,80,80,90,90,90,90,90,93,93,93,93,93,93,96,96,96,96,96,96],"card_choices":[{"not_picked":["Corruption","Carnage"],"picked":"Perfected Strike","floor":0},{"not_picked":["Anger","Corruption"],"picked":"Inflame","floor":1},{"not_picked":["Seeing Red","Clash"],"picked":"Pommel Strike","floor":5},{"not_picked":["Double Tap","Clash"],"picked":"Power Through","floor":7},{"not_picked":["Intimidate","Reckless Charge"],"picked":"Shrug It Off","floor":10},{"not_picked":["Anger","Havoc"],"picked":"Pommel Strike","floor":11},{"not_picked":["Thunderclap","Iron Wave"],"picked":"Sword Boomerang","floor":12},{"not_picked":["Headbutt","Shrug It Off"],"picked":"Sword Boomerang","floor":14},{"not_picked":["Rupture+1","Body Slam"],"picked":"Perfected Strike+1","floor":18},{"not_picked":["Whirlwind","Blood for Blood"],"picked":"Ghostly Armor","floor":21},{"not_picked":["Seeing Red","Dual Wield"],"picked":"Sentinel","floor":22},{"not_picked":["Immolate","Dual Wield+1"],"picked":"Perfected Strike","floor":24},{"not_picked":["Thunderclap+1","Wild Strike"],"picked":"Perfected Strike","floor":28},{"not_picked":["Anger","True Grit"],"picked":"Wild Strike+1","floor":29},{"not_picked":["Battle Trance","Headbutt"],"picked":"Intimidate","floor":30}],"player_experience":226090,"relics_obtained":[{"floor":9,"key":"Bronze Scales"},{"floor":10,"key":"Shovel"},{"floor":13,"key":"Bag of Preparation"},{"floor":17,"key":"Incense Burner"},{"floor":17,"key":"Pear"},{"floor":17,"key":"Centennial Puzzle"},{"floor":24,"key":"Du-Vu Doll"},{"floor":25,"key":"Bottled Tornado"},{"floor":26,"key":"Omamori"},{"floor":27,"key":"Letter Opener"}],"event_choices":[{"cards_removed":["Bash"],"damage_healed":0,"gold_gain":0,"player_choice":"Offered Basic","damage_taken":0,"max_hp_gain":0,"max_hp_loss":0,"event_name":"Bonfire Elementals","floor":2,"gold_loss":0},{"damage_healed":0,"gold_gain":0,"player_choice":"Take Damage","damage_taken":20,"relics_obtained":["Golden Idol"],"max_hp_gain":0,"max_hp_loss":0,"event_name":"Golden Idol","floor":4,"gold_loss":0},{"cards_removed":["Pain"],"damage_healed":0,"gold_gain":0,"player_choice":"Gave Gold","damage_taken":0,"max_hp_gain":0,"max_hp_loss":0,"event_name":"Beggar","floor":19,"gold_loss":75},{"damage_healed":0,"gold_gain":0,"player_choice":"Read","damage_taken":0,"max_hp_gain":0,"max_hp_loss":0,"event_name":"The Library","floor":31,"gold_loss":0,"cards_obtained":["Metallicize"]}],"is_beta":true,"boss_relics":[{"not_picked":["Orrery","Busted Crown"],"picked":"Calling Bell"}],"items_purged_floors":[20],"is_endless":false,"potions_floor_spawned":[7,10,14,16,22,29],"killed_by":"Collector","ascension_level":5}