{"gold_per_floor":[362,114,134,152,152,183,203,203,203,216,236,336,356,204,204,305,305,320,320,122,142,152,152,6,6,30,50,69,85,85,96,96,96],"floor_reached":33,"playtime":2871,"items_purged":[],"score":304,"play_id":"007c362d-f29f-4d67-a70e-1c65278229b4","local_time":"20190912132919","is_ascension_mode":true,"campfire_choices":[{"floor":8,"key":"REST"},{"floor":15,"key":"REST"},{"floor":23,"key":"REST"},{"floor":25,"key":"REST"},{"floor":30,"key":"REST"},{"floor":32,"key":"REST"}],"neow_cost":"TEN_PERCENT_HP_LOSS","seed_source_timestamp":74482874609400,"circlet_count":0,"master_deck":["Strike_G","Strike_G","Strike_G","Strike_G","Defend_G","Defend_G","Defend_G","Defend_G","Defend_G","Survivor","Neutralize","Calculated Gamble+1","Skewer","Underhanded Strike","Blur","Bouncing Flask","Corpse Explosion","Slice","Noxious Fumes","Burst","Cloak And Dagger","Cloak And Dagger","Acrobatics+1","Blur","Eviscerate","PiercingWail","Venomology","PiercingWail","Reflex","Slice"],"relics":["Ring of the Snake","Pear","Lantern","Orichalcum","Velvet Choker","TwistedFunnel","Dream Catcher","PreservedInsect"],"potions_floor_usage":[6,10,16,27,33,33,33],"damage_taken":[{"damage":1,"enemies":"Cultist","floor":1,"turns":3},{"damage":0,"enemies":"Small Slimes","floor":3,"turns":5},{"damage":0,"enemies":"Jaw Worm","floor":4,"turns":5},{"damage":49,"enemies":"3 Sentries","floor":6,"turns":16},{"damage":7,"enemies":"Red Slaver","floor":7,"turns":6},{"damage":4,"enemies":"Exordium Thugs","floor":10,"turns":4},{"damage":11,"enemies":"3 Louse","floor":11,"turns":6},{"damage":15,"enemies":"Lots of Slimes","floor":13,"turns":3},{"damage":32,"enemies":"The Guardian","floor":16,"turns":13},{"damage":24,"enemies":"Spheric Guardian","floor":18,"turns":5},{"damage":0,"enemies":"Chosen","floor":21,"turns":4},{"damage":22,"enemies":"Sentry and Sphere","floor":22,"turns":6},{"damage":28,"enemies":"Chosen and Byrds","floor":27,"turns":8},{"damage":37,"enemies":"Snecko","floor":28,"turns":7},{"damage":0,"enemies":"Cultist and Chosen","floor":29,"turns":4},{"damage":8,"enemies":"Centurion and Healer","floor":31,"turns":5},{"damage":98,"enemies":"Champ","floor":33,"turns":13}],"seed_played":"8450690955140151609","potions_obtained":[{"floor":3,"key":"PowerPotion"},{"floor":7,"key":"Fruit Juice"},{"floor":10,"key":"Strength Potion"},{"floor":18,"key":"Dexterity Potion"},{"floor":21,"key":"SmokeBomb"},{"floor":31,"key":"AttackPotion"}],"is_trial":false,"path_per_floor":["M","$","M","M","?","E","M","R","T","M","M","?","M","$","R","B",null,"M","?","$","M","M","R","$","R","T","M","M","M","R","M","R","B"],"character_chosen":"THE_SILENT","items_purchased":["Pear","Orichalcum","TwistedFunnel","Dream Catcher"],"campfire_rested":6,"item_purchase_floors":[2,14,20,24],"current_hp_per_floor":[62,72,72,72,72,23,16,37,37,38,27,27,12,12,35,3,78,54,54,54,54,32,55,55,78,78,50,13,13,36,28,51,0],"gold":96,"neow_bonus":"TWO_FIFTY_GOLD","is_prod":false,"is_daily":false,"chose_seed":false,"campfire_upgraded":0,"win_rate":0,"timestamp":1568312959,"path_taken":["M","$","M","?","?","E","M","R","T","?","M","?","?","?","R","BOSS","M","?","$","M","?","R","$","R","T","M","M","M","R","?","R","BOSS"],"build_version":"2019-07-17","purchased_purges":0,"victory":false,"max_hp_per_floor":[63,73,73,73,73,73,73,73,73,78,78,78,78,78,78,78,78,78,78,78,78,78,78,78,78,78,78,78,78,78,78,78,78],"card_choices":[{"not_picked":["Dagger Spray","Slice"],"picked":"Calculated Gamble","floor":1},{"not_picked":["Bane","Endless Agony"],"picked":"Skewer","floor":3},{"not_picked":["Distraction","Dagger Spray"],"picked":"Underhanded Strike","floor":4},{"not_picked":["Flying Knee","Concentrate"],"picked":"Blur","floor":6},{"not_picked":["Choke","Flying Knee"],"picked":"Bouncing Flask","floor":7},{"not_picked":["Backstab","Acrobatics"],"picked":"Corpse Explosion","floor":10},{"not_picked":["Dodge and Roll","Prepared"],"picked":"Slice","floor":11},{"not_picked":["Prepared","Infinite Blades"],"picked":"Noxious Fumes","floor":13},{"not_picked":["Storm of Steel","Glass Knife"],"picked":"Burst","floor":16},{"not_picked":["Outmaneuver","Dagger Spray"],"picked":"Cloak And Dagger","floor":18},{"not_picked":["Quick Slash","Dagger Throw"],"picked":"Cloak And Dagger","floor":21},{"not_picked":["Endless Agony","Slice+1"],"picked":"Acrobatics+1","floor":22},{"not_picked":["Sucker Punch","Flying Knee"],"picked":"Blur","floor":25},{"not_picked":["Deflect","Dagger Spray"],"picked":"Eviscerate","floor":27},{"not_picked":["Masterful Stab","Deflect"],"picked":"PiercingWail","floor":28},{"not_picked":["Infinite Blades+1","Flying Knee"],"picked":"Venomology","floor":29},{"not_picked":["Choke+1","Finisher"],"picked":"PiercingWail","floor":30},{"not_picked":["Quick Slash","Heel Hook"],"picked":"Reflex","floor":31},{"not_picked":["Prepared","PiercingWail"],"picked":"Slice","floor":32}],"player_experience":353137,"relics_obtained":[{"floor":6,"key":"Lantern"},{"floor":26,"key":"PreservedInsect"}],"event_choices":[{"damage_healed":0,"gold_gain":0,"player_choice":"Upgraded","damage_taken":0,"max_hp_gain":0,"max_hp_loss":0,"event_name":"Upgrade Shrine","floor":5,"gold_loss":0,"cards_upgraded":["Calculated Gamble"]},{"damage_healed":0,"gold_gain":100,"player_choice":"Pray","damage_taken":0,"max_hp_gain":0,"max_hp_loss":0,"event_name":"Golden Shrine","floor":12,"gold_loss":0},{"cards_removed":["Strike_G"],"damage_healed":0,"gold_gain":0,"player_choice":"Offered Basic","damage_taken":0,"max_hp_gain":0,"max_hp_loss":0,"event_name":"Bonfire Elementals","floor":19,"gold_loss":0}],"is_beta":false,"boss_relics":[{"not_picked":["Busted Crown","Calling Bell"],"picked":"Velvet Choker"}],"items_purged_floors":[],"is_endless":false,"potions_floor_spawned":[3,7,10,18,21,31],"killed_by":"Champ","ascension_level":4}