{"gold_per_floor":[114,129,129,144,159,159,133,133,133,133,148,163,163,178,178,278,278,293,298,298,298,298,328,328,18,68,68,83,98,113,128,128,228,228,243,258,258,273,495,495,510,510,535,550,550,550,550,565,565,565],"floor_reached":51,"playtime":3248,"items_purged":[],"score":736,"play_id":"a82972d6-6e41-45cc-817d-41360a0d4bef","local_time":"20190905155900","daily_mods":["Draft","Time Dilation","Lethality"],"is_ascension_mode":false,"campfire_choices":[{"data":"Backstab","floor":6,"key":"SMITH"},{"data":"Skewer","floor":8,"key":"SMITH"},{"data":"Backstab","floor":13,"key":"SMITH"},{"floor":15,"key":"REST"},{"floor":24,"key":"REST"},{"data":"After Image","floor":32,"key":"SMITH"},{"data":"Envenom","floor":40,"key":"SMITH"},{"floor":42,"key":"REST"},{"floor":49,"key":"REST"}],"neow_cost":"","seed_source_timestamp":0,"circlet_count":0,"master_deck":["Slice","Outmaneuver","Sucker Punch","Endless Agony","Skewer+1","Heel Hook","Skewer+1","Poisoned Stab","Backstab+1","Poisoned Stab","Backstab+1","Poisoned Stab+1","Blur","Blur","Bane","Underhanded Strike","Poisoned Stab","Prepared","Backstab","Bane","Blur","Bullet Time","Flying Knee","Deflect","Well Laid Plans","Dramatic Entrance","Adrenaline+1","Sucker Punch","Backflip+1","Deflect","After Image+1","Envenom+1","Endless Agony","Slice+1","Deflect","Backstab+1","Deadly Poison","Slice+1","Night Terror","Bouncing Flask+1","Concentrate+1","Noxious Fumes+1","Blade Dance+1","Madness","Madness","Panache","Night Terror","Quick Slash+1","Setup+1"],"special_seed":18144,"relics":["Ring of the Snake","Paper Crane","Lizard Tail","Red Mask","MutagenicStrength","Juzu Bracelet","Anchor","Boot","Snake Skull","Dream Catcher","Orrery","Bag of Preparation"],"potions_floor_usage":[29,33,33,42,48],"damage_taken":[{"damage":0,"enemies":"Cultist","floor":1,"turns":1},{"damage":0,"enemies":"2 Louse","floor":2,"turns":1},{"damage":0,"enemies":"Small Slimes","floor":4,"turns":1},{"damage":0,"enemies":"Blue Slaver","floor":5,"turns":1},{"damage":0,"enemies":"3 Louse","floor":11,"turns":1},{"damage":0,"enemies":"Looter","floor":12,"turns":1},{"damage":0,"enemies":"Red Slaver","floor":14,"turns":1},{"damage":37,"enemies":"The Guardian","floor":16,"turns":7},{"damage":0,"enemies":"2 Thieves","floor":18,"turns":1},{"damage":16,"enemies":"Masked Bandits","floor":19,"turns":2},{"damage":2,"enemies":"Slavers","floor":23,"turns":4},{"damage":0,"enemies":"Shell Parasite","floor":28,"turns":1},{"damage":0,"enemies":"Sentry and Sphere","floor":29,"turns":1},{"damage":0,"enemies":"Snake Plant","floor":30,"turns":1},{"damage":0,"enemies":"Cultist and Chosen","floor":31,"turns":2},{"damage":62,"enemies":"Automaton","floor":33,"turns":6},{"damage":0,"enemies":"3 Shapes","floor":35,"turns":1},{"damage":0,"enemies":"Orb Walker","floor":36,"turns":1},{"damage":5,"enemies":"Sphere and 2 Shapes","floor":38,"turns":3},{"damage":24,"enemies":"Maw","floor":41,"turns":5},{"damage":0,"enemies":"4 Shapes","floor":44,"turns":1},{"damage":2,"enemies":"Transient","floor":48,"turns":5},{"damage":113,"enemies":"Donu and Deca","floor":50,"turns":8}],"seed_played":"5126551631491351520","potions_obtained":[{"floor":4,"key":"Energy Potion"},{"floor":5,"key":"AttackPotion"},{"floor":11,"key":"Strength Potion"},{"floor":16,"key":"SteroidPotion"},{"floor":29,"key":"SkillPotion"},{"floor":33,"key":"SmokeBomb"},{"floor":36,"key":"EntropicBrew"},{"floor":41,"key":"Fruit Juice"}],"is_trial":false,"path_per_floor":["M","M","?","M","M","R","$","R","T","?","M","M","R","M","R","B",null,"M","?","?","T","?","E","R","$","T","?","M","M","M","M","R","B",null,"M","M","?","M","?","R","M","R","T","M","?","?","?","M","R","B",null],"character_chosen":"THE_SILENT","items_purchased":["Poisoned Stab","Snake Skull","Dramatic Entrance","Adrenaline"],"campfire_rested":4,"item_purchase_floors":[7,25,25,25],"current_hp_per_floor":[70,70,56,56,56,56,56,56,56,56,56,56,56,56,70,33,70,70,54,54,54,54,52,70,70,70,70,70,70,70,70,70,8,70,70,70,70,65,65,65,41,67,67,67,58,58,58,56,75,4],"gold":565,"neow_bonus":"","is_prod":false,"is_daily":true,"chose_seed":false,"campfire_upgraded":5,"win_rate":0.0,"timestamp":1567713540,"path_taken":["M","?","?","M","M","R","$","R","T","?","?","M","R","M","R","BOSS","M","?","?","?","?","E","R","?","T","?","M","M","M","M","R","BOSS","M","M","?","M","?","R","M","R","T","M","?","?","?","M","R","BOSS"],"build_version":"2019-07-17","purchased_purges":0,"victory":true,"max_hp_per_floor":[70,70,70,70,70,70,70,70,70,70,70,70,70,70,70,70,70,70,70,70,70,70,70,70,70,70,70,70,70,70,70,70,70,70,70,70,70,70,70,70,70,75,75,75,75,75,75,75,75,75],"card_choices":[{"not_picked":["Backflip","Bane"],"picked":"Slice","floor":0},{"not_picked":["Blade Dance","Infinite Blades"],"picked":"Outmaneuver","floor":0},{"not_picked":["Bane","Masterful Stab"],"picked":"Sucker Punch","floor":0},{"not_picked":["Flechettes","PiercingWail"],"picked":"Deflect","floor":0},{"not_picked":["PiercingWail","Sucker Punch"],"picked":"Endless Agony","floor":0},{"not_picked":["Dodge and Roll","Bane"],"picked":"Skewer","floor":0},{"not_picked":["Flying Knee","Dagger Throw"],"picked":"Heel Hook","floor":0},{"not_picked":["Sucker Punch","PiercingWail"],"picked":"Skewer","floor":0},{"not_picked":["Footwork","Prepared"],"picked":"Poisoned Stab","floor":0},{"not_picked":["Quick Slash","Prepared"],"picked":"Backstab","floor":0},{"not_picked":["Quick Slash","Calculated Gamble"],"picked":"Poisoned Stab","floor":0},{"not_picked":["Backflip","Deflect"],"picked":"Backstab","floor":0},{"not_picked":["Infinite Blades","Backflip"],"picked":"Poisoned Stab","floor":0},{"not_picked":["Deflect","Sucker Punch"],"picked":"Blur","floor":0},{"not_picked":["Backflip","Outmaneuver"],"picked":"Blur","floor":0},{"not_picked":["Dagger Spray","Dodge and Roll"],"picked":"Bane","floor":1},{"not_picked":["Accuracy","Dodge and Roll"],"picked":"Underhanded Strike","floor":2},{"not_picked":["Outmaneuver","Infinite Blades"],"picked":"Poisoned Stab","floor":4},{"not_picked":["Backflip","Underhanded Strike"],"picked":"Prepared","floor":5},{"not_picked":["Well Laid Plans","Eviscerate"],"picked":"Backstab","floor":11},{"not_picked":["PiercingWail","Backflip"],"picked":"Bane","floor":12},{"not_picked":["Corpse Explosion","Poisoned Stab"],"picked":"Blur","floor":14},{"not_picked":["Doppelganger","Die Die Die"],"picked":"Bullet Time","floor":16},{"not_picked":["Prepared","Sucker Punch"],"picked":"Flying Knee","floor":18},{"not_picked":["Choke","Dagger Throw+1"],"picked":"Deflect","floor":19},{"not_picked":["Dodge and Roll+1","Setup"],"picked":"Well Laid Plans","floor":23},{"not_picked":["Choke+1","PiercingWail+1"],"picked":"Sucker Punch","floor":28},{"not_picked":["Predator","Poisoned Stab"],"picked":"Backflip+1","floor":29},{"not_picked":["Setup","Deadly Poison"],"picked":"Deflect","floor":30},{"not_picked":["Blur","Backflip"],"picked":"After Image","floor":31},{"not_picked":["Storm of Steel","Malaise"],"picked":"Envenom","floor":33},{"not_picked":["Infinite Blades","Calculated Gamble+1"],"picked":"Endless Agony","floor":34},{"not_picked":["Dagger Spray","Concentrate"],"picked":"Slice+1","floor":34},{"not_picked":["Outmaneuver","Setup"],"picked":"Deflect","floor":34},{"not_picked":["Crippling Poison","Dodge and Roll"],"picked":"Backstab+1","floor":34},{"not_picked":["Infinite Blades+1","PiercingWail"],"picked":"Deadly Poison","floor":34},{"not_picked":["PiercingWail","Choke+1"],"picked":"Slice+1","floor":35},{"not_picked":["Underhanded Strike+1","Dodge and Roll"],"picked":"Night Terror","floor":36},{"not_picked":["Prepared","Quick Slash+1"],"picked":"Bouncing Flask+1","floor":38},{"not_picked":["Tactician","Well Laid Plans+1"],"picked":"Concentrate+1","floor":41},{"not_picked":["PiercingWail+1","Cloak And Dagger"],"picked":"Noxious Fumes+1","floor":42},{"not_picked":["Prepared+1","Dodge and Roll"],"picked":"Blade Dance+1","floor":44},{"not_picked":["Trip","The Bomb"],"picked":"Panache","floor":46},{"not_picked":["Dagger Throw","Heel Hook"],"picked":"Quick Slash+1","floor":48},{"not_picked":["Quick Slash","Outmaneuver"],"picked":"Setup+1","floor":49}],"player_experience":18345,"relics_obtained":[{"floor":9,"key":"Paper Crane"},{"floor":19,"key":"Red Mask"},{"floor":21,"key":"Juzu Bracelet"},{"floor":23,"key":"Boot"},{"floor":26,"key":"Dream Catcher"},{"floor":43,"key":"Bag of Preparation"}],"event_choices":[{"damage_healed":0,"gold_gain":0,"player_choice":"Entered Light","damage_taken":14,"max_hp_gain":0,"max_hp_loss":0,"event_name":"Shining Light","floor":3,"gold_loss":0,"cards_upgraded":["Poisoned Stab","Skewer"]},{"cards_removed":["Poisoned Stab"],"damage_healed":0,"gold_gain":0,"player_choice":"Purged","damage_taken":0,"max_hp_gain":0,"max_hp_loss":0,"event_name":"Purifier","floor":10,"gold_loss":0},{"damage_healed":0,"gold_gain":0,"player_choice":"Fought Bandits","damage_taken":0,"max_hp_gain":0,"max_hp_loss":0,"event_name":"Masked Bandits","floor":19,"gold_loss":0},{"damage_healed":0,"gold_gain":0,"player_choice":"Inject Mutagens","damage_taken":0,"relics_obtained":["MutagenicStrength"],"max_hp_gain":0,"max_hp_loss":0,"event_name":"Drug Dealer","floor":20,"gold_loss":0},{"damage_healed":0,"gold_gain":0,"player_choice":"Opened","damage_taken":0,"relics_obtained":["Anchor"],"max_hp_gain":0,"max_hp_loss":0,"event_name":"The Mausoleum","floor":22,"gold_loss":0},{"damage_healed":0,"gold_gain":0,"player_choice":"Ignored","damage_taken":0,"max_hp_gain":0,"max_hp_loss":0,"event_name":"Vampires","floor":27,"gold_loss":0},{"damage_healed":0,"gold_gain":0,"player_choice":"Forge","damage_taken":0,"max_hp_gain":0,"max_hp_loss":0,"event_name":"Accursed Blacksmith","floor":37,"gold_loss":0,"cards_upgraded":["Adrenaline"]},{"damage_healed":0,"gold_gain":222,"player_choice":"Wore Mask","damage_taken":0,"max_hp_gain":0,"max_hp_loss":0,"event_name":"Tomb of Lord Red Mask","floor":39,"gold_loss":0},{"damage_healed":0,"gold_gain":0,"player_choice":"Embrace Madness","damage_taken":9,"max_hp_gain":0,"max_hp_loss":0,"event_name":"Winding Halls","floor":45,"gold_loss":0,"cards_obtained":["Madness","Madness"]},{"damage_healed":0,"gold_gain":0,"player_choice":"Memory 1","damage_taken":0,"max_hp_gain":0,"max_hp_loss":0,"event_name":"SensoryStone","floor":46,"gold_loss":0},{"damage_healed":0,"gold_gain":0,"cards_transformed":["Deflect"],"player_choice":"Transformed","damage_taken":0,"max_hp_gain":0,"max_hp_loss":0,"event_name":"Transmorgrifier","floor":47,"gold_loss":0,"cards_obtained":["Night Terror"]}],"is_beta":false,"boss_relics":[{"not_picked":["Astrolabe","Eternal Feather"],"picked":"Lizard Tail"},{"not_picked":["Calling Bell","Ring of the Serpent"],"picked":"Orrery"}],"items_purged_floors":[],"is_endless":false,"potions_floor_spawned":[4,5,11,16,23,28,29,33,36,38,41],"ascension_level":0}