{"gold_per_floor":[109,109,284,135,29,55,55,55,55,55,83,83,83,93,93,196,196,214,232,60,76,31,31,31,60,86,86],"floor_reached":27,"playtime":2938,"items_purged":["Doubt","Eruption+1"],"score":247,"play_id":"6e8c3578-ae00-4587-bdf0-2b1b435f8c62","local_time":"20190910140547","is_ascension_mode":true,"campfire_choices":[{"floor":8,"key":"REST"},{"floor":10,"key":"REST"},{"data":"Devotion","floor":12,"key":"SMITH"},{"floor":15,"key":"REST"},{"floor":23,"key":"REST"}],"neow_cost":"NONE","seed_source_timestamp":113712713185000,"circlet_count":0,"master_deck":["Strike_P","Strike_P","Strike_P","Strike_P","Defend_P","Defend_P+1","Defend_P","Defend_P","Vigilance","EmptyMind","WindmillStrike","Wireheading","TalkToTheHand","Devotion+1","Purity","Wish","Devotion","Protect","DeusExMachina","FlyingSleeves","TalkToTheHand+1","Establishment","Sanctity","Protect","Protect","SandsOfTime"],"relics":["PureWater","Mercury Hourglass","Shovel","Centennial Puzzle","Velvet Choker","White Beast Statue","Pen Nib"],"potions_floor_usage":[16,19,25,25],"damage_taken":[{"damage":1,"enemies":"Jaw Worm","floor":1,"turns":3},{"damage":45,"enemies":"3 Sentries","floor":6,"turns":11},{"damage":36,"enemies":"Gremlin Nob","floor":11,"turns":5},{"damage":5,"enemies":"2 Louse","floor":14,"turns":3},{"damage":32,"enemies":"The Guardian","floor":16,"turns":11},{"damage":5,"enemies":"Shell Parasite","floor":18,"turns":4},{"damage":30,"enemies":"3 Byrds","floor":19,"turns":5},{"damage":31,"enemies":"Cultist and Chosen","floor":21,"turns":7},{"damage":13,"enemies":"Gremlin Leader","floor":25,"turns":8},{"damage":13,"enemies":"Snake Plant","floor":27,"turns":1}],"seed_played":"9151340107753818403","potions_obtained":[{"floor":1,"key":"SpeedPotion"},{"floor":18,"key":"Explosive Potion"},{"floor":19,"key":"Dexterity Potion"},{"floor":21,"key":"Fire Potion"}],"is_trial":false,"path_per_floor":["M","?","?","$","$","E","?","R","T","R","E","R","$","M","R","B",null,"M","M","$","M","$","R","?","E","T","M"],"character_chosen":"WATCHER","items_purchased":["WindmillStrike","Wireheading","TalkToTheHand","Establishment","Protect"],"campfire_rested":4,"item_purchase_floors":[4,5,5,20,22],"current_hp_per_floor":[70,56,56,56,56,11,11,32,32,53,17,17,17,12,33,1,71,66,36,36,5,5,26,26,13,13,0],"gold":86,"neow_bonus":"TEN_PERCENT_HP_BONUS","is_prod":false,"is_daily":false,"chose_seed":false,"campfire_upgraded":1,"win_rate":0,"timestamp":1568149547,"path_taken":["M","?","?","?","$","E","?","R","T","R","E","R","$","M","R","BOSS","M","M","$","?","$","R","?","E","T","?"],"build_version":"2019-09-09v2","purchased_purges":2,"victory":false,"max_hp_per_floor":[71,71,71,71,71,71,71,71,71,71,71,71,71,71,71,71,71,71,71,71,71,71,71,71,71,71,71],"card_choices":[{"not_picked":["Adaptation","Vengeance"],"picked":"EmptyMind","floor":1},{"not_picked":["Halt","StepAndStrike"],"picked":"Devotion","floor":6},{"not_picked":["FlyingSleeves","FearNoEvil"],"picked":"Devotion","floor":11},{"not_picked":["Consecrate","Sanctity"],"picked":"Protect","floor":14},{"not_picked":["FlowState","Alpha"],"picked":"DeusExMachina","floor":16},{"not_picked":["MentalFortress+1","Weave"],"picked":"FlyingSleeves","floor":18},{"not_picked":["EmptyBody","Tantrum"],"picked":"TalkToTheHand+1","floor":19},{"not_picked":["Adaptation","Swivel"],"picked":"Sanctity","floor":21},{"not_picked":["Weave","ForeignInfluence"],"picked":"SandsOfTime","floor":25}],"player_experience":339012,"relics_obtained":[{"floor":6,"key":"Mercury Hourglass"},{"floor":9,"key":"Shovel"},{"floor":11,"key":"Centennial Puzzle"},{"floor":25,"key":"White Beast Statue"},{"floor":26,"key":"Pen Nib"}],"event_choices":[{"damage_healed":0,"gold_gain":0,"player_choice":"Entered Light","damage_taken":14,"max_hp_gain":0,"max_hp_loss":0,"event_name":"Shining Light","floor":2,"gold_loss":0,"cards_upgraded":["Eruption","Defend_P"]},{"damage_healed":0,"gold_gain":175,"player_choice":"AGREE","damage_taken":0,"max_hp_gain":0,"max_hp_loss":0,"event_name":"Liars Game","floor":3,"gold_loss":0,"cards_obtained":["Doubt"]},{"damage_healed":0,"gold_gain":0,"player_choice":"2 cards matched","damage_taken":0,"max_hp_gain":0,"max_hp_loss":0,"event_name":"Match and Keep!","floor":7,"gold_loss":0,"cards_obtained":["Purity","Wish"]},{"damage_healed":0,"gold_gain":0,"player_choice":"Copied","damage_taken":0,"max_hp_gain":0,"max_hp_loss":0,"event_name":"Duplicator","floor":24,"gold_loss":0,"cards_obtained":["Protect"]}],"is_beta":true,"boss_relics":[{"not_picked":["VioletLotus","Fusion Hammer"],"picked":"Velvet Choker"}],"items_purged_floors":[4,20],"is_endless":false,"potions_floor_spawned":[1,18,19,21],"killed_by":"Snake Plant","ascension_level":1}