{"gold_per_floor":[116,191,191,207,207,207,232,232,279,279,312,63,63,78,78,179,179,193,193,193,54,69,99,111,148,160,190,221,233,272,300,312,428,440,470,500,512,331,345,371,371,396,419,447,447,447,461,476,476,476,476,476,90,115,115],"floor_reached":56,"playtime":5379,"items_purged":["Strike_G","Writhe","Pain","Dagger Throw"],"score":1751,"play_id":"b5230869-3924-4d92-b11f-d8585ada04cf","local_time":"20190914233307","is_ascension_mode":true,"campfire_choices":[{"data":"After Image","floor":6.0,"key":"SMITH"},{"floor":10.0,"key":"REST"},{"data":"Noxious Fumes","floor":13.0,"key":"SMITH"},{"data":"Neutralize","floor":15.0,"key":"SMITH"},{"data":"Well Laid Plans","floor":29.0,"key":"SMITH"},{"floor":32.0,"key":"REST"},{"floor":41.0,"key":"REST"},{"floor":45.0,"key":"RECALL"},{"data":"1","floor":49.0,"key":"LIFT"},{"data":"2","floor":52.0,"key":"LIFT"}],"neow_cost":"NONE","seed_source_timestamp":267191297515300,"circlet_count":0,"master_deck":["Defend_G","Defend_G","Defend_G","Survivor","Neutralize+1","Bouncing Flask","PiercingWail","After Image+1","Flying Knee","Noxious Fumes+1","Cloak And Dagger","Corpse Explosion+1","Malaise+1","Blur+1","Deadly Poison+1","Well Laid Plans+1","Crippling Poison+1","Blur+1","Dodge and Roll+1","Cloak And Dagger","Venomology","Outmaneuver+1","Caltrops","Catalyst"],"special_seed":0,"relics":["Ring of the Snake","Du-Vu Doll","Blood Vial","Snake Skull","Astrolabe","Singing Bowl","Sundial","MawBank","FaceOfCleric","Strawberry","Ginger","Empty Cage","WarpedTongs","Anchor","Bird Faced Urn","Bag of Marbles","Girya","Bronze Scales","Oddly Smooth Stone"],"potions_floor_usage":[55,55,55],"damage_taken":[{"damage":0.0,"enemies":"2 Louse","floor":1.0,"turns":4.0},{"damage":0.0,"enemies":"Small Slimes","floor":4.0,"turns":4.0},{"damage":31.0,"enemies":"Gremlin Nob","floor":7.0,"turns":5.0},{"damage":13.0,"enemies":"Lagavulin","floor":11.0,"turns":5.0},{"damage":0.0,"enemies":"Cultist","floor":14.0,"turns":3.0},{"damage":12.0,"enemies":"The Guardian","floor":16.0,"turns":9.0},{"damage":6.0,"enemies":"Shell Parasite","floor":18.0,"turns":6.0},{"damage":4.0,"enemies":"Spheric Guardian","floor":22.0,"turns":5.0},{"damage":4.0,"enemies":"Book of Stabbing","floor":23.0,"turns":7.0},{"damage":31.0,"enemies":"Gremlin Leader","floor":25.0,"turns":6.0},{"damage":18.0,"enemies":"Cultist and Chosen","floor":27.0,"turns":6.0},{"damage":0.0,"enemies":"Snecko","floor":28.0,"turns":5.0},{"damage":28.0,"enemies":"Slavers","floor":30.0,"turns":6.0},{"damage":8.0,"enemies":"Shelled Parasite and Fungi","floor":31.0,"turns":4.0},{"damage":11.0,"enemies":"Champ","floor":33.0,"turns":15.0},{"damage":4.0,"enemies":"3 Darklings","floor":35.0,"turns":6.0},{"damage":0.0,"enemies":"3 Shapes","floor":36.0,"turns":4.0},{"damage":2.0,"enemies":"Writhing Mass","floor":39.0,"turns":7.0},{"damage":28.0,"enemies":"Giant Head","floor":40.0,"turns":11.0},{"damage":21.0,"enemies":"Nemesis","floor":42.0,"turns":9.0},{"damage":26.0,"enemies":"Reptomancer","floor":44.0,"turns":9.0},{"damage":10.0,"enemies":"Spire Growth","floor":47.0,"turns":7.0},{"damage":4.0,"enemies":"4 Shapes","floor":48.0,"turns":3.0},{"damage":40.0,"enemies":"Awakened One","floor":50.0,"turns":14.0},{"damage":35.0,"enemies":"Shield and Spear","floor":54.0,"turns":5.0},{"damage":66,"enemies":"The Heart","floor":55,"turns":10}],"seed_played":"-2001482075155166209","potions_obtained":[{"floor":7.0,"key":"SpeedPotion"},{"floor":8.0,"key":"EntropicBrew"},{"floor":8.0,"key":"Poison Potion"},{"floor":11.0,"key":"Strength Potion"},{"floor":25.0,"key":"Dexterity Potion"},{"floor":27.0,"key":"Regen Potion"},{"floor":31.0,"key":"EssenceOfSteel"},{"floor":33.0,"key":"GhostInAJar"},{"floor":36.0,"key":"Weak Potion"},{"floor":44.0,"key":"FairyPotion"},{"floor":47.0,"key":"Strength Potion"},{"floor":48.0,"key":"EssenceOfSteel"}],"is_trial":false,"path_per_floor":["M","?","?","M","?","R","E","?","T","R","E","$","R","M","R","B",null,"M","?","T","$","M","E","?","E","T","M","M","R","E","M","R","B",null,"M","M","?","$","M","E","R","E","T","E","R","?","M","M","R","B",null,"R","$","E","B",null],"character_chosen":"THE_SILENT","items_purchased":["Noxious Fumes","Cloak And Dagger","Dagger Throw","Well Laid Plans","Caltrops","Bronze Scales","Catalyst","Block Potion"],"campfire_rested":3,"item_purchase_floors":[12,12,12,21,38,53,53,53],"current_hp_per_floor":[63,52,52,52,45,45,14,14,14,35,24,24,24,26,26,16,57,53,53,53,53,51,66,66,47,47,32,51,51,26,21,47,39,77,76,81,81,81,84,61,90,74,74,61,61,61,62,67,67,38,94,94,94,84,31],"gold":115,"neow_bonus":"TRANSFORM_CARD","is_prod":false,"is_daily":false,"chose_seed":false,"campfire_upgraded":4,"win_rate":0,"timestamp":1568493187,"path_taken":["M","?","?","?","?","R","E","?","T","R","E","$","R","?","R","BOSS","M","?","?","$","M","E","?","E","T","M","?","R","E","M","R","BOSS","M","M","?","$","?","E","R","E","T","E","R","?","M","?","R","BOSS","R","$","E","BOSS"],"build_version":"2019-07-17","purchased_purges":4,"victory":true,"max_hp_per_floor":[70,70,70,70,70,70,70,70,70,70,70,70,70,70,70,70,70,70,70,70,70,70,72,72,82,82,83,86,86,87,88,88,89,89,90,93,93,93,96,99,99,102,102,105,105,105,108,111,111,112,112,112,112,115,116],"card_choices":[{"not_picked":["Backflip","Finisher"],"picked":"PiercingWail","floor":1.0},{"not_picked":["Reflex","Choke"],"picked":"Flying Knee","floor":4.0},{"not_picked":["Distraction","Poisoned Stab"],"picked":"Sucker Punch","floor":7.0},{"not_picked":["Flying Knee","Bane"],"picked":"Grand Finale","floor":11.0},{"not_picked":["PiercingWail","Caltrops","Deflect"],"picked":"SKIP","floor":14.0},{"not_picked":["Grand Finale","Phantasmal Killer"],"picked":"Unload","floor":16.0},{"not_picked":["Escape Plan","Flying Knee"],"picked":"Deadly Poison+1","floor":18.0},{"not_picked":["Blur+1","Reflex"],"picked":"Crippling Poison+1","floor":22.0},{"not_picked":["Dagger Spray+1","Leg Sweep","Dodge and Roll"],"picked":"Singing Bowl","floor":23.0},{"not_picked":["Outmaneuver+1","Flechettes+1","Dodge and Roll"],"picked":"Singing Bowl","floor":25.0},{"not_picked":["Blade Dance","Underhanded Strike"],"picked":"Blur+1","floor":27.0},{"not_picked":["Blade Dance+1","Prepared","Outmaneuver"],"picked":"Singing Bowl","floor":28.0},{"not_picked":["Distraction+1","Acrobatics+1"],"picked":"Dodge and Roll+1","floor":30.0},{"not_picked":["Unload","Poisoned Stab"],"picked":"Cloak And Dagger","floor":31.0},{"not_picked":["Burst","Corpse Explosion"],"picked":"Venomology","floor":33.0},{"not_picked":["Blade Dance","Acrobatics+1"],"picked":"Outmaneuver+1","floor":35.0},{"not_picked":["Poisoned Stab","Slice","Well Laid Plans"],"picked":"Singing Bowl","floor":36.0},{"not_picked":["Blade Dance","Dagger Spray","Underhanded Strike+1"],"picked":"Singing Bowl","floor":39.0},{"not_picked":["Well Laid Plans","Poisoned Stab+1","Endless Agony+1"],"picked":"Singing Bowl","floor":40.0},{"not_picked":["Backflip","Venomology","Quick Slash+1"],"picked":"Singing Bowl","floor":42.0},{"not_picked":["Underhanded Strike+1","Well Laid Plans+1","Eviscerate"],"picked":"Singing Bowl","floor":44.0},{"not_picked":["Outmaneuver+1","Flying Knee+1","Caltrops+1"],"picked":"Singing Bowl","floor":47.0},{"not_picked":["Deadly Poison+1","Predator","Quick Slash"],"picked":"Singing Bowl","floor":48.0},{"not_picked":["Slice","Bouncing Flask+1","Skewer+1"],"picked":"Singing Bowl","floor":54.0}],"player_experience":271121,"relics_obtained":[{"floor":7.0,"key":"Du-Vu Doll"},{"floor":9.0,"key":"Blood Vial"},{"floor":11.0,"key":"Snake Skull"},{"floor":20.0,"key":"Sundial"},{"floor":23.0,"key":"MawBank"},{"floor":25.0,"key":"Strawberry"},{"floor":30.0,"key":"Ginger"},{"floor":40.0,"key":"Anchor"},{"floor":42.0,"key":"Bird Faced Urn"},{"floor":43.0,"key":"Bag of Marbles"},{"floor":44.0,"key":"Girya"},{"floor":54.0,"key":"Oddly Smooth Stone"}],"event_choices":[{"damage_healed":0.0,"max_hp_gain":0.0,"max_hp_loss":0.0,"gold_gain":75.0,"event_name":"World of Goop","player_choice":"Gather Gold","floor":2.0,"gold_loss":0.0,"damage_taken":11.0},{"damage_healed":0.0,"max_hp_gain":0.0,"max_hp_loss":0.0,"gold_gain":0.0,"cards_transformed":["Strike_G"],"event_name":"Transmorgrifier","player_choice":"Transformed","floor":3.0,"gold_loss":0.0,"damage_taken":0.0,"cards_obtained":["After Image"]},{"cards_removed":["Strike_G"],"damage_healed":0.0,"max_hp_gain":0.0,"max_hp_loss":0.0,"gold_gain":0.0,"event_name":"Golden Wing","player_choice":"Card Removal","floor":5.0,"gold_loss":0.0,"damage_taken":7.0},{"damage_healed":0.0,"max_hp_gain":0.0,"max_hp_loss":0.0,"gold_gain":0.0,"event_name":"Lab","player_choice":"Got Potions","floor":8.0,"gold_loss":0.0,"damage_taken":0.0},{"damage_healed":0.0,"max_hp_gain":0.0,"max_hp_loss":0.0,"gold_gain":0.0,"event_name":"The Mausoleum","player_choice":"Opened","floor":19.0,"gold_loss":0.0,"damage_taken":0.0,"relics_obtained":["Singing Bowl"],"cards_obtained":["Writhe"]},{"damage_healed":0.0,"max_hp_gain":0.0,"max_hp_loss":0.0,"gold_gain":0.0,"event_name":"FaceTrader","player_choice":"Trade","floor":24.0,"gold_loss":0.0,"damage_taken":0.0,"relics_obtained":["FaceOfCleric"]},{"damage_healed":0.0,"max_hp_gain":0.0,"max_hp_loss":0.0,"gold_gain":0.0,"event_name":"Accursed Blacksmith","player_choice":"Rummage","floor":37.0,"gold_loss":0.0,"damage_taken":0.0,"relics_obtained":["WarpedTongs"],"cards_obtained":["Pain"]},{"cards_removed":["Sucker Punch"],"damage_healed":0.0,"max_hp_gain":0.0,"max_hp_loss":0.0,"gold_gain":0.0,"event_name":"Purifier","player_choice":"Purged","floor":46.0,"gold_loss":0.0,"damage_taken":0.0}],"is_beta":false,"boss_relics":[{"not_picked":["WristBlade","White Beast Statue"],"picked":"Astrolabe"},{"not_picked":["Eternal Feather","Orrery"],"picked":"Empty Cage"}],"items_purged_floors":[12,21,38,53],"is_endless":false,"potions_floor_spawned":[7,11,16,18,25,27,31,33,36,44,47,48],"ascension_level":9}