{"gold_per_floor":[114,127,142,156,167,167,184,196,196,196],"floor_reached":10,"playtime":603,"items_purged":[],"score":64,"play_id":"83987fbf-9ea1-44ee-8a5c-bc0ad28aa835","local_time":"20190831211139","is_ascension_mode":false,"campfire_choices":[{"data":"1","floor":6,"key":"LIFT"}],"neow_cost":"TEN_PERCENT_HP_LOSS","seed_source_timestamp":72424964767190,"circlet_count":0,"master_deck":["Strike_R","Strike_R","Strike_R","Strike_R","Strike_R","Defend_R","Defend_R","Defend_R","Defend_R","Bash","Armaments","Headbutt","Flex","Clothesline","Rampage","Whirlwind"],"relics":["Burning Blood","Girya","Happy Flower"],"potions_floor_usage":[4,5,7],"damage_taken":[{"damage":1,"enemies":"Cultist","floor":1,"turns":3},{"damage":1,"enemies":"Small Slimes","floor":2,"turns":4},{"damage":0,"enemies":"2 Louse","floor":3,"turns":3},{"damage":20,"enemies":"Exordium Thugs","floor":4,"turns":3},{"damage":25,"enemies":"Large Slime","floor":5,"turns":6},{"damage":12,"enemies":"Blue Slaver","floor":7,"turns":3},{"damage":39,"enemies":"Exordium Thugs","floor":8,"turns":7},{"damage":12,"enemies":"Exordium Wildlife","floor":10,"turns":3}],"seed_played":"-8475990913862814669","potions_obtained":[{"floor":3,"key":"AttackPotion"},{"floor":4,"key":"Explosive Potion"},{"floor":5,"key":"Regen Potion"}],"is_trial":false,"path_per_floor":["M","M","M","M","M","R","M","M","T","M"],"character_chosen":"IRONCLAD","items_purchased":[],"campfire_rested":0,"item_purchase_floors":[],"current_hp_per_floor":[72,72,72,58,39,39,42,9,9,0],"gold":196,"neow_bonus":"ONE_RARE_RELIC","is_prod":false,"is_daily":false,"chose_seed":false,"campfire_upgraded":0,"win_rate":0.0,"timestamp":1567311099,"path_taken":["M","M","M","M","M","R","M","M","T","M"],"build_version":"2019-07-17","purchased_purges":0,"victory":false,"max_hp_per_floor":[72,72,72,72,72,72,72,72,72,72],"card_choices":[{"not_picked":["Dual Wield","Warcry"],"picked":"Armaments","floor":1},{"not_picked":["Anger","Ghostly Armor"],"picked":"Headbutt","floor":2},{"not_picked":["Pommel Strike","Iron Wave"],"picked":"Flex","floor":3},{"not_picked":["Clash","Armaments"],"picked":"Clothesline","floor":4},{"not_picked":["Feel No Pain","Sever Soul"],"picked":"Rampage","floor":5},{"not_picked":["Warcry","Power Through","Anger"],"picked":"SKIP","floor":7},{"not_picked":["Dual Wield","Flex"],"picked":"Whirlwind","floor":8}],"player_experience":13715,"relics_obtained":[{"floor":9,"key":"Happy Flower"}],"event_choices":[],"is_beta":false,"boss_relics":[],"items_purged_floors":[],"is_endless":false,"potions_floor_spawned":[3,4,5],"killed_by":"Exordium Wildlife","ascension_level":0}