{"gold_per_floor":[118,41,41,41,65,103,133,146,173,173,28,28,67,67,67,187,187,200,25,39,58,58,58],"floor_reached":23,"playtime":3211,"items_purged":["Strike_B","Strike_B"],"score":236,"play_id":"082257f1-9ba3-4777-b2d6-27f6d861e7ca","local_time":"20190126133004","is_ascension_mode":true,"campfire_choices":[{"data":"Loop","floor":10.0,"key":"SMITH"},{"floor":15.0,"key":"REST"}],"neow_cost":"NONE","seed_source_timestamp":0,"circlet_count":0,"master_deck":["Defend_B","Defend_B","Defend_B","Defend_B","Zap","Dualcast","Gash","Loop+1","Ball Lightning","Leap","Stack","Self Repair","Lockon","Echo Form","Steam","Gash","Leap","Steam","Capacitor"],"special_seed":0,"relics":["Cracked Core","Bloody Idol","Potion Belt","PreservedInsect","Centennial Puzzle","Pear","Cursed Key"],"potions_floor_usage":[23],"damage_taken":[{"damage":0.0,"enemies":"Small Slimes","floor":1.0,"turns":2.0},{"damage":0.0,"enemies":"2 Louse","floor":5.0,"turns":2.0},{"damage":25.0,"enemies":"Lagavulin","floor":6.0,"turns":5.0},{"damage":0.0,"enemies":"Jaw Worm","floor":8.0,"turns":4.0},{"damage":28.0,"enemies":"Gremlin Nob","floor":13.0,"turns":4.0},{"damage":51.0,"enemies":"Slime Boss","floor":16.0,"turns":10.0},{"damage":22,"enemies":"Spheric Guardian","floor":18,"turns":4},{"damage":9,"enemies":"Chosen","floor":20,"turns":6},{"damage":1,"enemies":"Snecko","floor":21,"turns":5},{"damage":86,"enemies":"Slavers","floor":23,"turns":5}],"seed_played":"5595103765856580170","potions_obtained":[{"floor":8.0,"key":"Strength Potion"},{"floor":13.0,"key":"LiquidBronze"},{"floor":16.0,"key":"Dexterity Potion"},{"floor":21,"key":"Weak Potion"}],"is_trial":false,"path_per_floor":["M","$","?","?","M","E","?","M","T","R","$","?","E","T","R","B",null,"M","$","M","M","?","E"],"character_chosen":"DEFECT","items_purchased":["Loop","Self Repair","Gash","Leap"],"campfire_rested":1,"item_purchase_floors":[2,11,19,19],"current_hp_per_floor":[82,82,75,75,75,50,50,50,50,50,50,50,29,39,64,20,86,71,71,69,82,82,0],"gold":58,"neow_bonus":"TEN_PERCENT_HP_BONUS","is_prod":false,"is_daily":false,"chose_seed":false,"campfire_upgraded":1,"win_rate":0,"timestamp":1548538204,"path_taken":["M","$","?","?","M","E","?","M","T","R","$","?","E","?","R","BOSS","M","$","M","M","?","E"],"build_version":"2019-01-23","purchased_purges":2,"victory":false,"max_hp_per_floor":[82,82,82,76,76,76,76,76,76,76,76,76,76,86,86,86,86,86,86,86,86,86,86],"card_choices":[{"not_picked":["Turbo","Double Energy"],"picked":"Gash","floor":1.0},{"not_picked":["Skim","Steam Power"],"picked":"Ball Lightning","floor":5.0},{"not_picked":["Cold Snap","FTL"],"picked":"Leap","floor":6.0},{"not_picked":["Coolheaded","Barrage"],"picked":"Stack","floor":8.0},{"not_picked":["Multi-Cast","Stack"],"picked":"Lockon","floor":13.0},{"not_picked":["Fission","Multi-Cast"],"picked":"Echo Form","floor":16.0},{"not_picked":["Aggregate","Compile Driver"],"picked":"Steam","floor":18},{"not_picked":["Streamline","Stack"],"picked":"Steam","floor":20},{"not_picked":["Static Discharge","Streamline"],"picked":"Capacitor","floor":21}],"player_experience":245821,"relics_obtained":[{"floor":6.0,"key":"Potion Belt"},{"floor":9.0,"key":"PreservedInsect"},{"floor":13.0,"key":"Centennial Puzzle"},{"floor":14.0,"key":"Pear"}],"event_choices":[{"cards_removed":["Strike_B"],"damage_healed":0.0,"max_hp_gain":0.0,"max_hp_loss":0.0,"gold_gain":0.0,"event_name":"Golden Wing","player_choice":"Card Removal","floor":3.0,"gold_loss":0.0,"damage_taken":7.0},{"damage_healed":0.0,"max_hp_gain":0.0,"max_hp_loss":6.0,"gold_gain":0.0,"event_name":"Golden Idol","player_choice":"Lose Max HP","floor":4.0,"gold_loss":0.0,"damage_taken":0.0,"relics_obtained":["Golden Idol"]},{"damage_healed":0.0,"max_hp_gain":0.0,"max_hp_loss":0.0,"gold_gain":30.0,"event_name":"Dead Adventurer","player_choice":"Searched \u00271\u0027 times","floor":7.0,"gold_loss":0.0,"damage_taken":0.0},{"cards_removed":["Strike_B"],"damage_healed":0.0,"max_hp_gain":0.0,"max_hp_loss":0.0,"gold_gain":0.0,"event_name":"Living Wall","player_choice":"Forget","floor":12.0,"gold_loss":0.0,"damage_taken":0.0},{"damage_healed":0,"gold_gain":0,"player_choice":"Gave Idol","damage_taken":0,"relics_obtained":["Bloody Idol"],"max_hp_gain":0,"max_hp_loss":0,"event_name":"Forgotten Altar","floor":22,"relics_lost":["Golden Idol"],"gold_loss":0}],"is_beta":true,"boss_relics":[{"not_picked":["Fusion Hammer","Orrery"],"picked":"Cursed Key"}],"items_purged_floors":[11,19],"is_endless":false,"potions_floor_spawned":[8,13,16,21],"killed_by":"Slavers","ascension_level":4}