{"gold_per_floor":[113,124,56,56,67,67,99,99,146,158,158,174,194,225,225,323,323,337,372,389,409,423,448,448,15,38,70,70,70,70,104,104,199,199,211,228,64,74,84,84,118,128,128,128,128,161,161,383,383,383],"floor_reached":51,"playtime":4041,"items_purged":["Bash"],"score":938,"play_id":"c8cfffb1-7767-49d4-b8ed-1003ec995670","local_time":"20180728192557","is_ascension_mode":true,"campfire_choices":[{"floor":6,"key":"REST"},{"floor":8,"key":"REST"},{"data":"Offering","floor":11,"key":"SMITH"},{"data":"Spot Weakness","floor":15,"key":"SMITH"},{"floor":24,"key":"REST"},{"floor":30,"key":"REST"},{"data":"Inflame","floor":32,"key":"SMITH"},{"floor":40,"key":"REST"},{"data":"Perfected Strike","floor":45,"key":"SMITH"},{"data":"Demon Form","floor":49,"key":"SMITH"}],"neow_cost":"FIFTY_PERCENT_DAMAGE","seed_source_timestamp":417855853497677,"circlet_count":0,"master_deck":["Strike_R","Strike_R","Strike_R","Strike_R+1","Strike_R","Defend_R","Defend_R","Defend_R","Defend_R+1","Flex","Cleave","Impervious","Ghostly Armor","Iron Wave","Iron Wave","Offering+1","Evolve","Perfected Strike","Spot Weakness+1","Reaper","Wild Strike","Perfected Strike","Armaments","Demon Form+1","Battle Trance","Thunderclap+1","Cleave","Sword Boomerang","Perfected Strike","Decay","Inflame+1","Ghostly Armor","Exhume","Sword Boomerang+1","Evolve","Rampage","Perfected Strike+1","Wild Strike+1","Heavy Blade+1","Reaper","Swift Strike","Bash","Armaments","Heavy Blade","Disarm+1"],"relics":["Black Blood","Dream Catcher","Potion Belt","Strawberry","Mark of Pain","Red Mask","Mercury Hourglass","Pantograph","Bronze Scales","Orichalcum","Boot","Du-Vu Doll","Art of War","Bottled Tornado","Happy Flower","Ice Cream"],"potions_floor_usage":[7,16,21,21,23,27,31,31,31,33,33,41,42,50,50,50],"damage_taken":[{"damage":7,"enemies":"Jaw Worm","floor":1,"turns":3},{"damage":11,"enemies":"Cultist","floor":2,"turns":4},{"damage":4,"enemies":"Small Slimes","floor":5,"turns":4},{"damage":6,"enemies":"3 Sentries","floor":7,"turns":9},{"damage":0,"enemies":"Exordium Wildlife","floor":10,"turns":2},{"damage":1,"enemies":"Looter","floor":12,"turns":4},{"damage":5,"enemies":"Gremlin Gang","floor":13,"turns":5},{"damage":11,"enemies":"Gremlin Nob","floor":14,"turns":3},{"damage":26,"enemies":"Slime Boss","floor":16,"turns":10},{"damage":7,"enemies":"3 Byrds","floor":18,"turns":5},{"damage":21,"floor":19,"turns":5},{"damage":33,"enemies":"Spheric Guardian","floor":20,"turns":4},{"damage":13,"enemies":"3 Cultists","floor":21,"turns":6},{"damage":41,"enemies":"Centurion and Healer","floor":22,"turns":6},{"damage":53,"enemies":"Book of Stabbing","floor":23,"turns":5},{"damage":26,"enemies":"Gremlin Leader","floor":27,"turns":6},{"damage":10,"enemies":"Slavers","floor":31,"turns":2},{"damage":75,"enemies":"Champ","floor":33,"turns":9},{"damage":17,"enemies":"Flame Bruiser 1 Orb","floor":35,"turns":5},{"damage":8,"enemies":"3 Shapes","floor":36,"turns":6},{"damage":32,"enemies":"Transient","floor":38,"turns":5},{"damage":24,"enemies":"3 Darklings","floor":39,"turns":4},{"damage":50,"enemies":"Giant Head","floor":41,"turns":6},{"damage":21,"enemies":"4 Shapes","floor":42,"turns":2},{"damage":27,"enemies":"Nemesis","floor":46,"turns":5},{"damage":8,"floor":47,"turns":5},{"damage":95,"enemies":"Awakened One","floor":50,"turns":9}],"seed_played":"-9220849532898279102","potions_obtained":[{"floor":2,"key":"Block Potion"},{"floor":5,"key":"FairyPotion"},{"floor":10,"key":"Energy Potion"},{"floor":16,"key":"Strength Potion"},{"floor":18,"key":"EntropicBrew"},{"floor":20,"key":"SkillPotion"},{"floor":22,"key":"SteroidPotion"},{"floor":23,"key":"EssenceOfSteel"},{"floor":27,"key":"Explosive Potion"},{"floor":35,"key":"PowerPotion"},{"floor":42,"key":"SneckoOil"},{"floor":46,"key":"Weak Potion"},{"floor":47,"key":"GamblersBrew"}],"is_trial":false,"path_per_floor":["M","M","$","?","M","R","E","R","T","M","R","M","M","E","R","B",null,"M","?","M","M","M","E","R","$","T","E","?","?","R","E","R","B",null,"M","M","$","M","M","R","E","M","T","?","R","E","?","?","R","B"],"character_chosen":"IRONCLAD","items_purchased":["Impervious","Pantograph","Bronze Scales","Sword Boomerang","Evolve","Strength Potion"],"campfire_rested":5,"item_purchase_floors":[3,25,25,25,37,37],"current_hp_per_floor":[47,42,42,23,25,53,53,81,81,87,87,92,93,95,95,75,103,103,88,61,72,43,9,39,39,39,27,27,27,57,80,80,34,103,98,103,103,81,67,97,73,96,96,96,96,79,103,103,103,88],"gold":383,"neow_bonus":"TWENTY_PERCENT_HP_BONUS","is_prod":false,"is_daily":false,"chose_seed":false,"campfire_upgraded":5,"win_rate":0,"timestamp":1532831157,"path_taken":["M","M","$","?","M","R","E","R","T","?","R","?","?","E","R","BOSS","M","?","M","M","?","E","R","$","T","E","?","?","R","E","R","BOSS","M","M","$","M","M","R","E","M","T","?","R","E","?","?","R","BOSS"],"build_version":"2018-07-26","purchased_purges":1,"victory":true,"max_hp_per_floor":[96,96,96,96,96,96,96,96,96,96,96,96,96,103,103,103,103,103,103,103,103,103,103,103,103,103,103,103,103,103,103,103,103,103,103,103,103,103,103,103,103,103,103,103,103,103,103,103,103,103],"card_choices":[{"not_picked":["Headbutt","Perfected Strike"],"picked":"Flex","floor":1},{"not_picked":["Sentinel","Headbutt"],"picked":"Cleave","floor":2},{"not_picked":["Shrug It Off","Iron Wave"],"picked":"Ghostly Armor","floor":5},{"not_picked":["Dark Embrace","Sever Soul"],"picked":"Iron Wave","floor":7},{"not_picked":["Headbutt","Perfected Strike"],"picked":"Iron Wave","floor":8},{"not_picked":["Anger","Uppercut"],"picked":"Offering","floor":10},{"not_picked":["Feel No Pain","Body Slam"],"picked":"Evolve","floor":12},{"not_picked":["Corruption","Anger"],"picked":"Perfected Strike","floor":13},{"not_picked":["Heavy Blade","Iron Wave"],"picked":"Spot Weakness","floor":14},{"not_picked":["Dark Embrace","Impervious"],"picked":"Reaper","floor":16},{"not_picked":["Corruption","Sever Soul"],"picked":"Wild Strike","floor":18},{"not_picked":["Sword Boomerang+1","Iron Wave+1"],"picked":"Perfected Strike","floor":19},{"not_picked":["Dual Wield","Clothesline+1"],"picked":"Armaments","floor":20},{"not_picked":["Feel No Pain+1","Sever Soul"],"picked":"Demon Form","floor":21},{"not_picked":["Uppercut+1","Clothesline"],"picked":"Battle Trance","floor":22},{"not_picked":["Warcry+1","Flex"],"picked":"Thunderclap+1","floor":23},{"not_picked":["True Grit","Disarm+1"],"picked":"Cleave","floor":24},{"not_picked":["Clash","Armaments"],"picked":"Perfected Strike","floor":27},{"not_picked":["Body Slam","Thunderclap"],"picked":"Inflame","floor":30},{"not_picked":["Corruption","Dual Wield"],"picked":"Ghostly Armor","floor":31},{"not_picked":["Dark Embrace","Fiend Fire"],"picked":"Exhume","floor":33},{"not_picked":["Clash+1","Blood for Blood+1","Burning Pact"],"picked":"SKIP","floor":35},{"not_picked":["Carnage","Flex"],"picked":"Sword Boomerang+1","floor":36},{"not_picked":["Clothesline","Body Slam+1"],"picked":"Rampage","floor":38},{"not_picked":["Fire Breathing","Burning Pact+1"],"picked":"Perfected Strike","floor":39},{"not_picked":["Havoc+1","Armaments"],"picked":"Wild Strike+1","floor":40},{"not_picked":["Disarm","Wild Strike+1"],"picked":"Heavy Blade+1","floor":41},{"not_picked":["Rage","Heavy Blade"],"picked":"Reaper","floor":42},{"not_picked":["Rupture","Clash"],"picked":"Heavy Blade","floor":46},{"not_picked":["Havoc","Flex"],"picked":"Disarm+1","floor":47}],"player_experience":181088,"relics_obtained":[{"floor":7,"key":"Dream Catcher"},{"floor":9,"key":"Potion Belt"},{"floor":14,"key":"Strawberry"},{"floor":19,"key":"Red Mask"},{"floor":23,"key":"Mercury Hourglass"},{"floor":26,"key":"Orichalcum"},{"floor":27,"key":"Boot"},{"floor":31,"key":"Du-Vu Doll"},{"floor":41,"key":"Art of War"},{"floor":43,"key":"Bottled Tornado"},{"floor":46,"key":"Happy Flower"},{"floor":47,"key":"Ice Cream"}],"event_choices":[{"event_name":"Shining Light","player_choice":"Entered Light","floor":4,"damage_taken":0},{"event_name":"Masked Bandits","player_choice":"Fought over 337 gold","floor":19,"damage_taken":0},{"event_name":"Vampires","player_choice":"Ignored","floor":28,"damage_taken":0},{"event_name":"Forgotten Altar","player_choice":"Smashed Altar","floor":29,"damage_taken":0},{"event_name":"Match and Keep!","player_choice":"3 cards matched","floor":44,"damage_taken":0},{"event_name":"MindBloom","player_choice":"Fight","floor":47,"damage_taken":0},{"event_name":"Tomb of Lord Red Mask","player_choice":"Wore Mask","floor":48,"damage_taken":0}],"is_beta":true,"boss_relics":[{"not_picked":["Empty Cage","Tiny House"],"picked":"Mark of Pain"},{"not_picked":["Orrery","Busted Crown"],"picked":"Black Blood"}],"items_purged_floors":[37],"is_endless":false,"potions_floor_spawned":[2,5,10,16,18,20,22,23,27,35,42,46,47],"ascension_level":3}