{"path_per_floor":["M","?","M","M","?","E","R","E","T","M","$","?","E","M","R","B",null,"M","M","$","?","M","R","M","E","T","M","?","E","M","E","R","B",null,"M","?","$","M","M","E","M","E","T","?","?","E","R","M","R","B"],"character_chosen":"DEFECT","items_purchased":["Mummified Hand","Heatsinks","Steam","Apotheosis","Lantern"],"gold_per_floor":[119,119,139,155,330,360,360,390,443,459,51,51,81,91,91,191,191,211,223,35,35,49,49,60,88,88,106,21,47,63,89,89,190,190,206,176,22,42,56,90,102,131,211,211,0,31,31,41,41,41],"floor_reached":51,"campfire_rested":0,"playtime":5623,"item_purchase_floors":[11,11,11,20,37],"current_hp_per_floor":[73,73,72,67,67,59,59,55,55,49,49,49,55,58,58,60,75,75,75,75,75,71,71,75,65,65,75,75,75,66,75,75,68,75,80,80,80,64,69,79,80,80,80,75,75,80,80,80,80,49],"items_purged":["Defend_B"],"gold":41,"score":933,"play_id":"0edb2823-9a0e-4cab-99d4-1b22ce62ddf0","local_time":"20180609122336","is_prod":false,"is_daily":false,"chose_seed":false,"is_ascension_mode":true,"campfire_upgraded":6,"win_rate":0,"timestamp":1528572216,"campfire_choices":[{"data":"Self Repair","floor":7,"key":"SMITH"},{"data":"Heatsinks","floor":15,"key":"SMITH"},{"data":"Seek","floor":23,"key":"SMITH"},{"data":"Storm","floor":32,"key":"SMITH"},{"data":"Magnetism","floor":47,"key":"SMITH"},{"data":"Master of Strategy","floor":49,"key":"SMITH"}],"path_taken":["M","?","M","M","?","E","R","E","T","M","$","?","E","M","R","BOSS","M","M","$","?","M","R","M","E","T","M","?","E","M","E","R","BOSS","M","?","$","M","M","E","M","E","T","?","?","E","R","M","R","BOSS"],"build_version":"2018-06-08","seed_source_timestamp":0,"purchased_purges":1,"victory":true,"master_deck":["Defend_B","Defend_B","Defend_B+1","Zap","Dualcast","Biased Cognition","Beam Cell","Hologram","Self Repair+1","FTL","Force Field","Ball Lightning","Steam+1","Heatsinks+1","Steam","Self Repair","Gash","Seek+1","Gash","Redo+1","Apotheosis+1","Conserve Battery","Storm+1","Ball Lightning+1","Barrage","Static Discharge+1","Conserve Battery","Force Field+1","Buffer","Hyperbeam+1","Self Repair+1","BootSequence+1","Double Energy","Steam+1","Double Energy+1","Gash","Glacier+1","Steam+1","Master of Strategy+1","Magnetism+1","Leap+1","Leap"],"max_hp_per_floor":[75,75,75,75,75,75,75,75,75,75,75,75,75,75,75,75,75,75,75,75,75,75,75,75,75,75,75,75,75,75,75,75,75,75,80,80,80,80,80,80,80,80,80,80,80,80,80,80,80,80],"relics":["Cracked Core","Bronze Scales","Juzu Bracelet","Tiny Chest","Mummified Hand","Calipers","Inserter","Dream Catcher","Toolbox","Potion Belt","Du-Vu Doll","Bag of Preparation","Astrolabe","Lantern","Vajra","War Paint","Centennial Puzzle","Red Mask","Omamori"],"card_choices":[{"not_picked":["Aggregate","Streamline"],"picked":"Beam Cell","floor":1},{"not_picked":["FTL","Double Energy"],"picked":"Self Repair","floor":3},{"not_picked":["Beam Cell","Cold Snap"],"picked":"FTL","floor":4},{"not_picked":["Compile Driver","Sunder"],"picked":"Force Field","floor":6},{"not_picked":["Compile Driver","Auto Shields"],"picked":"Ball Lightning","floor":8},{"not_picked":["Leap","Rebound"],"picked":"Steam","floor":10},{"not_picked":["Redo","Recycle"],"picked":"Self Repair","floor":13},{"not_picked":["Compile Driver","Rebound"],"picked":"Gash","floor":14},{"not_picked":["Meteor Strike","Thunder Strike"],"picked":"Seek","floor":16},{"not_picked":["Coolheaded","Stack"],"picked":"Gash","floor":18},{"not_picked":["BootSequence","Coolheaded"],"picked":"Redo+1","floor":19},{"not_picked":["Aggregate","Rebound"],"picked":"Conserve Battery","floor":22},{"not_picked":["Beam Cell","Compile Driver"],"picked":"Storm","floor":24},{"not_picked":["Amplify","Barrage+1"],"picked":"Ball Lightning+1","floor":25},{"not_picked":["Reinforced Body","Streamline"],"picked":"Barrage","floor":27},{"not_picked":["White Noise","Consume+1"],"picked":"Static Discharge+1","floor":29},{"not_picked":["Cold Snap","Reprogram"],"picked":"Conserve Battery","floor":30},{"not_picked":["Lockon","Genetic Algorithm"],"picked":"Force Field+1","floor":31},{"not_picked":["Reboot","Amplify"],"picked":"Buffer","floor":33},{"not_picked":["Sweeping Beam+1","Conserve Battery"],"picked":"Double Energy","floor":35},{"not_picked":["Compile Driver+1","Turbo+1"],"picked":"Steam+1","floor":38},{"not_picked":["Compile Driver+1","Streamline"],"picked":"Double Energy+1","floor":39},{"not_picked":["Fusion","Heatsinks"],"picked":"Gash","floor":40},{"not_picked":["Go for the Eyes","Sweeping Beam+1"],"picked":"Glacier+1","floor":41},{"not_picked":["Rip and Tear+1","Meteor Strike"],"picked":"Steam+1","floor":42},{"not_picked":["Secret Weapon","Purity"],"picked":"Master of Strategy","floor":44},{"not_picked":["Panacea","Apotheosis"],"picked":"Magnetism","floor":44},{"not_picked":["Compile Driver","Fission"],"picked":"Leap+1","floor":46},{"not_picked":["Cold Snap+1","Compile Driver+1"],"picked":"Leap","floor":48}],"player_experience":98136,"potions_floor_usage":[6,6,13,13,22,24,25,35,40,41,42,42,50,50,50,50],"damage_taken":[{"damage":2,"enemies":"2 Louse","floor":1,"turns":2},{"damage":1,"enemies":"Cultist","floor":3,"turns":3},{"damage":12,"enemies":"Jaw Worm","floor":4,"turns":4},{"damage":15,"enemies":"3 Sentries","floor":6,"turns":5},{"damage":14,"enemies":"Lagavulin","floor":8,"turns":7},{"damage":16,"enemies":"2 Fungi Beasts","floor":10,"turns":2},{"damage":16,"enemies":"Gremlin Nob","floor":13,"turns":3},{"damage":7,"enemies":"Blue Slaver","floor":14,"turns":2},{"damage":15,"enemies":"Hexaghost","floor":16,"turns":8},{"damage":9,"enemies":"2 Thieves","floor":18,"turns":3},{"damage":2,"enemies":"Spheric Guardian","floor":19,"turns":3},{"damage":24,"enemies":"Centurion and Healer","floor":22,"turns":7},{"damage":10,"enemies":"Sentry and Sphere","floor":24,"turns":4},{"damage":30,"enemies":"Gremlin Leader","floor":25,"turns":6},{"damage":3,"enemies":"Snecko","floor":27,"turns":3},{"damage":0,"enemies":"Slavers","floor":29,"turns":2},{"damage":29,"enemies":"Snake Plant","floor":30,"turns":3},{"damage":5,"enemies":"Gremlin Leader","floor":31,"turns":5},{"damage":24,"enemies":"Collector","floor":33,"turns":6},{"damage":0,"enemies":"3 Shapes","floor":35,"turns":2},{"damage":36,"enemies":"Flame Bruiser 1 Orb","floor":38,"turns":4},{"damage":5,"enemies":"4 Shapes","floor":39,"turns":3},{"damage":20,"enemies":"Giant Head","floor":40,"turns":8},{"damage":0,"enemies":"Spire Growth","floor":41,"turns":4},{"damage":4,"enemies":"Nemesis","floor":42,"turns":6},{"damage":0,"enemies":"Giant Head","floor":46,"turns":7},{"damage":0,"enemies":"Flame Bruiser 2 Orb","floor":48,"turns":4},{"damage":58,"enemies":"Time Eater","floor":50,"turns":10}],"relics_obtained":[{"floor":6,"key":"Bronze Scales"},{"floor":8,"key":"Juzu Bracelet"},{"floor":9,"key":"Tiny Chest"},{"floor":13,"key":"Calipers"},{"floor":25,"key":"Dream Catcher"},{"floor":26,"key":"Toolbox"},{"floor":29,"key":"Du-Vu Doll"},{"floor":31,"key":"Bag of Preparation"},{"floor":40,"key":"Vajra"},{"floor":42,"key":"War Paint"},{"floor":43,"key":"Centennial Puzzle"},{"floor":46,"key":"Omamori"}],"event_choices":[{"event_name":"Transmorgrifier","player_choice":"Transform","floor":2,"damage_taken":0},{"event_name":"Liars Game","player_choice":"agreed","floor":5,"damage_taken":0},{"event_name":"Fountain of Cleansing","player_choice":"Removed Curse","floor":12,"damage_taken":0},{"event_name":"Upgrade Shrine","player_choice":"Upgraded","floor":21,"damage_taken":0},{"event_name":"Addict","player_choice":"Obtained Relic","floor":28,"damage_taken":0},{"event_name":"The Woman in Blue","player_choice":"Bought 2 Potions","floor":36,"damage_taken":0},{"event_name":"SensoryStone","player_choice":"Memory 2","floor":44,"damage_taken":0},{"event_name":"Tomb of Lord Red Mask","player_choice":"Paid","floor":45,"damage_taken":0}],"boss_relics":[{"not_picked":["Pandora\u0027s Box","Philosopher\u0027s Stone"],"picked":"Inserter"},{"not_picked":["Black Star","Calling Bell"],"picked":"Astrolabe"}],"items_purged_floors":[11],"potions_floor_spawned":[1,3,4,6,10,18,24,27,30,33,38,40,41,46],"seed_played":"5154689296313955978","ascension_level":1,"potions_obtained":[{"floor":1,"key":"FocusPotion"},{"floor":3,"key":"Ancient Potion"},{"floor":4,"key":"SkillPotion"},{"floor":6,"key":"Poison Potion"},{"floor":10,"key":"Regen Potion"},{"floor":18,"key":"Ancient Potion"},{"floor":24,"key":"Weak Potion"},{"floor":27,"key":"SkillPotion"},{"floor":30,"key":"AttackPotion"},{"floor":33,"key":"Fruit Juice"},{"floor":36,"key":"Weak Potion"},{"floor":36,"key":"Fire Potion"},{"floor":38,"key":"AttackPotion"},{"floor":40,"key":"LiquidBronze"},{"floor":41,"key":"Dexterity Potion"},{"floor":46,"key":"SpeedPotion"}],"is_trial":false}