{"gold_per_floor":[113,4,4,18,18,18,50,50,50,60,72,347,365,384,384,485,485,495,511,120,132,7,7,40,51,51,51,61,161,161,178,178,278,278,298,147,157,169,181,181],"floor_reached":40,"playtime":1359,"items_purged":["Defend_R","Regret","Clash"],"score":462,"play_id":"aa455cd7-b5c6-43b6-ac19-ebe403c2277b","local_time":"20190913170712","is_ascension_mode":false,"campfire_choices":[{"data":"Fire Breathing","floor":6.0,"key":"SMITH"},{"data":"Inflame","floor":8.0,"key":"SMITH"},{"data":"Carnage","floor":15.0,"key":"SMITH"},{"data":"Demon Form","floor":23.0,"key":"SMITH"},{"data":"Whirlwind","floor":27.0,"key":"SMITH"},{"floor":30.0,"key":"RECALL"},{"floor":32.0,"key":"REST"}],"neow_cost":"PERCENT_DAMAGE","seed_source_timestamp":29494804426313,"circlet_count":0,"master_deck":["Strike_R+1","Strike_R+1","Strike_R","Defend_R","Defend_R","Defend_R","Bash","Pummel","Fire Breathing+1","Inflame+1","Carnage+1","Cleave","Iron Wave","Twin Strike","Demon Form+1","Armaments+1","Immolate","Armaments+1","Heavy Blade+1","Whirlwind+1","Barricade","Perfected Strike","Juggernaut","Heavy Blade+1","Limit Break","Dark Embrace"],"special_seed":0,"relics":["Burning Blood","Blood Vial","Self Forming Clay","Snecko Eye","Orrery","Dead Branch","WingedGreaves","Dodecahedron","SlaversCollar","Brimstone"],"potions_floor_usage":[40],"damage_taken":[{"damage":6.0,"enemies":"Cultist","floor":1.0,"turns":3.0},{"damage":3.0,"enemies":"Small Slimes","floor":4.0,"turns":3.0},{"damage":32.0,"enemies":"Gremlin Nob","floor":7.0,"turns":4.0},{"damage":0.0,"enemies":"2 Louse","floor":10.0,"turns":2.0},{"damage":8.0,"enemies":"Red Slaver","floor":11.0,"turns":3.0},{"damage":13.0,"enemies":"Lots of Slimes","floor":13.0,"turns":2.0},{"damage":2.0,"enemies":"Large Slime","floor":14.0,"turns":4.0},{"damage":0.0,"enemies":"Slime Boss","floor":16.0,"turns":5.0},{"damage":16.0,"enemies":"Shell Parasite","floor":18.0,"turns":3.0},{"damage":5.0,"enemies":"Chosen","floor":19.0,"turns":3.0},{"damage":16.0,"enemies":"Centurion and Healer","floor":21.0,"turns":3.0},{"damage":18.0,"enemies":"Gremlin Leader","floor":24.0,"turns":5.0},{"damage":15.0,"enemies":"Snecko","floor":25.0,"turns":3.0},{"damage":0.0,"enemies":"Snake Plant","floor":28.0,"turns":2.0},{"damage":26.0,"enemies":"Colosseum Slavers","floor":29.0,"turns":3.0},{"damage":2.0,"enemies":"Colosseum Nobs","floor":29.0,"turns":2.0},{"damage":31.0,"enemies":"Centurion and Healer","floor":31.0,"turns":5.0},{"damage":61.0,"enemies":"Collector","floor":33.0,"turns":6.0},{"damage":0.0,"enemies":"Orb Walker","floor":35.0,"turns":2.0},{"damage":27.0,"enemies":"3 Darklings","floor":37.0,"turns":3.0},{"damage":24.0,"enemies":"Spire Growth","floor":38.0,"turns":3.0},{"damage":30.0,"enemies":"Writhing Mass","floor":39.0,"turns":3.0},{"damage":23,"enemies":"Giant Head","floor":40,"turns":3}],"seed_played":"-2806331460648928211","potions_obtained":[{"floor":7.0,"key":"Poison Potion"},{"floor":13.0,"key":"GamblersBrew"},{"floor":14.0,"key":"EssenceOfSteel"},{"floor":21.0,"key":"Block Potion"},{"floor":24.0,"key":"Swift Potion"},{"floor":25.0,"key":"BloodPotion"},{"floor":28.0,"key":"Poison Potion"},{"floor":31.0,"key":"Fire Potion"},{"floor":33.0,"key":"SteroidPotion"}],"is_trial":false,"path_per_floor":["M","$","?","M","?","R","E","R","T","M","M","?","M","M","R","B",null,"M","M","$","M","$","R","E","M","T","R","M","?","R","M","R","B",null,"M","$","M","M","M","E"],"character_chosen":"IRONCLAD","items_purchased":["Fire Breathing","Immolate","Orrery","Brimstone"],"campfire_rested":1,"item_purchase_floors":[2,20,20,36],"current_hp_per_floor":[56,56,40,43,69,69,43,43,43,51,51,51,46,52,52,60,80,70,73,73,65,65,65,55,68,68,68,76,64,64,41,65,12,80,80,80,59,43,21,0],"gold":181,"neow_bonus":"REMOVE_TWO","is_prod":false,"is_daily":false,"chose_seed":false,"campfire_upgraded":5,"win_rate":0,"timestamp":1568419632,"path_taken":["M","$","?","M","?","R","E","R","T","M","M","?","M","?","R","BOSS","M","M","$","M","?","R","E","M","T","R","M","?","R","M","R","BOSS","M","$","M","M","M","E"],"build_version":"2019-09-12","purchased_purges":3,"victory":false,"max_hp_per_floor":[80,80,80,80,80,80,80,80,80,80,80,80,80,80,80,80,80,80,80,80,80,80,80,80,80,80,80,80,80,80,80,80,80,80,80,80,80,80,80,80],"card_choices":[{"not_picked":["Warcry","Cleave"],"picked":"Pummel","floor":1.0},{"not_picked":["Pommel Strike","Headbutt"],"picked":"Clash","floor":4.0},{"not_picked":["Whirlwind","Metallicize"],"picked":"Inflame","floor":7.0},{"not_picked":["Warcry","Sword Boomerang"],"picked":"Carnage","floor":10.0},{"not_picked":["Wild Strike","Shrug It Off"],"picked":"Cleave","floor":11.0},{"not_picked":["Entrench","Heavy Blade"],"picked":"Iron Wave","floor":13.0},{"not_picked":["Heavy Blade","Spot Weakness"],"picked":"Twin Strike","floor":14.0},{"not_picked":["Feed","Berserk"],"picked":"Demon Form","floor":16.0},{"not_picked":["True Grit","Perfected Strike"],"picked":"Armaments+1","floor":18.0},{"not_picked":["Anger","Dropkick+1","Clash"],"picked":"SKIP","floor":19.0},{"not_picked":["Warcry","Havoc"],"picked":"Armaments+1","floor":20.0},{"not_picked":["True Grit","Shrug It Off+1"],"picked":"Heavy Blade+1","floor":20.0},{"not_picked":["Pummel+1","Clothesline"],"picked":"Whirlwind","floor":20.0},{"not_picked":["Warcry+1","Bloodletting+1"],"picked":"Barricade","floor":20.0},{"not_picked":["Rage","Battle Trance+1"],"picked":"Perfected Strike","floor":20.0},{"not_picked":["Second Wind+1","Havoc","Wild Strike"],"picked":"SKIP","floor":21.0},{"not_picked":["Cleave+1","Body Slam+1"],"picked":"Juggernaut","floor":24.0},{"not_picked":["Hemokinesis","Anger","Armaments"],"picked":"SKIP","floor":25.0},{"not_picked":["Metallicize","Battle Trance","Havoc"],"picked":"SKIP","floor":28.0},{"not_picked":["Searing Blow","Offering"],"picked":"Heavy Blade+1","floor":31.0},{"not_picked":["Demon Form","Fiend Fire"],"picked":"Limit Break","floor":33.0},{"not_picked":["Anger","Searing Blow","Body Slam"],"picked":"SKIP","floor":35.0},{"not_picked":["Anger+1","Shrug It Off+1","Power Through"],"picked":"SKIP","floor":37.0},{"not_picked":["Iron Wave","Havoc+1"],"picked":"Dark Embrace","floor":38.0},{"not_picked":["Shrug It Off","Twin Strike+1","Havoc"],"picked":"SKIP","floor":39.0}],"player_experience":116248,"relics_obtained":[{"floor":7.0,"key":"Blood Vial"},{"floor":9.0,"key":"Self Forming Clay"},{"floor":24.0,"key":"Dead Branch"},{"floor":29.0,"key":"WingedGreaves"},{"floor":29.0,"key":"Dodecahedron"}],"event_choices":[{"damage_healed":0.0,"max_hp_gain":0.0,"max_hp_loss":0.0,"gold_gain":0.0,"event_name":"Shining Light","player_choice":"Entered Light","floor":3.0,"gold_loss":0.0,"damage_taken":16.0,"cards_upgraded":["Strike_R","Strike_R"]},{"damage_healed":26.0,"max_hp_gain":0.0,"max_hp_loss":0.0,"gold_gain":0.0,"event_name":"Big Fish","player_choice":"Banana","floor":5.0,"gold_loss":0.0,"damage_taken":0.0},{"damage_healed":0.0,"max_hp_gain":0.0,"max_hp_loss":0.0,"gold_gain":275.0,"event_name":"Golden Shrine","player_choice":"Desecrate","floor":12.0,"gold_loss":0.0,"damage_taken":0.0,"cards_obtained":["Regret"]},{"damage_healed":0.0,"max_hp_gain":0.0,"max_hp_loss":0.0,"gold_gain":0.0,"event_name":"Colosseum","player_choice":"Fight","floor":29.0,"gold_loss":0.0,"damage_taken":0.0},{"damage_healed":0.0,"max_hp_gain":0.0,"max_hp_loss":0.0,"gold_gain":0.0,"event_name":"Colosseum","player_choice":"Fought Nobs","floor":29.0,"gold_loss":0.0,"damage_taken":0.0}],"is_beta":true,"boss_relics":[{"not_picked":["Black Blood","Empty Cage"],"picked":"Snecko Eye"},{"not_picked":["Fusion Hammer","Tiny House"],"picked":"SlaversCollar"}],"items_purged_floors":[2,20,22],"is_endless":false,"potions_floor_spawned":[7,13,14,21,24,25,28,31,33],"killed_by":"Giant Head","ascension_level":0}