{"gold_per_floor":[116,126,126,143,162,162,180,199,225,237,270,270,287,307,307,407,407,423,404,418,418,432,432],"floor_reached":23,"playtime":1460,"items_purged":[],"score":201,"play_id":"dc9e83a8-a6d0-4d0a-92ca-7be95d0a811e","local_time":"20190831171258","is_ascension_mode":false,"campfire_choices":[{"data":"Armaments","floor":6,"key":"SMITH"},{"data":"Corruption","floor":12,"key":"SMITH"},{"data":"Juggernaut","floor":15,"key":"SMITH"}],"neow_cost":"NONE","seed_source_timestamp":63087288953436,"circlet_count":0,"master_deck":["Strike_R","Strike_R","Strike_R","Strike_R","Defend_R","Defend_R","Defend_R","Defend_R","Bash+1","Blood for Blood","Feel No Pain","Fiend Fire","Blood for Blood","Corruption+1","Searing Blow","Blood for Blood","Juggernaut+1","Impervious","Anger+1","Feel No Pain","Clash","Anger"],"relics":["Burning Blood","Centennial Puzzle","Bronze Scales","Empty Cage"],"potions_floor_usage":[11,11,11,18,18,19,22,23],"damage_taken":[{"damage":9,"enemies":"2 Louse","floor":1,"turns":3},{"damage":5,"enemies":"Cultist","floor":2,"turns":5},{"damage":0,"enemies":"Small Slimes","floor":4,"turns":4},{"damage":2,"enemies":"Blue Slaver","floor":5,"turns":8},{"damage":8,"enemies":"3 Louse","floor":7,"turns":5},{"damage":13,"enemies":"2 Fungi Beasts","floor":8,"turns":5},{"damage":7,"enemies":"Blue Slaver","floor":10,"turns":5},{"damage":18,"enemies":"Lagavulin","floor":11,"turns":7},{"damage":1,"enemies":"Large Slime","floor":13,"turns":5},{"damage":7,"enemies":"Lots of Slimes","floor":14,"turns":4},{"damage":46,"enemies":"Slime Boss","floor":16,"turns":7},{"damage":29,"enemies":"Shell Parasite","floor":18,"turns":4},{"damage":10,"enemies":"2 Thieves","floor":19,"turns":4},{"damage":29,"enemies":"Cultist and Chosen","floor":20,"turns":5},{"damage":12,"enemies":"Chosen and Byrds","floor":22,"turns":5},{"damage":26,"enemies":"Slavers","floor":23,"turns":3}],"seed_played":"5376247184679391691","potions_obtained":[{"floor":1,"key":"Strength Potion"},{"floor":2,"key":"PowerPotion"},{"floor":8,"key":"SpeedPotion"},{"floor":10,"key":"SkillPotion"},{"floor":13,"key":"Strength Potion"},{"floor":16,"key":"LiquidBronze"},{"floor":18,"key":"Fire Potion"},{"floor":19,"key":"AttackPotion"},{"floor":22,"key":"Block Potion"}],"is_trial":false,"path_per_floor":["M","M","?","M","M","R","M","M","T","M","E","R","M","M","R","B",null,"M","M","M","?","M","E"],"character_chosen":"IRONCLAD","items_purchased":[],"campfire_rested":0,"item_purchase_floors":[],"current_hp_per_floor":[77,78,71,77,80,80,78,71,71,70,58,58,63,62,62,22,80,57,53,30,27,21,0],"gold":432,"neow_bonus":"UPGRADE_CARD","is_prod":false,"is_daily":false,"chose_seed":false,"campfire_upgraded":3,"win_rate":0.0,"timestamp":1567296778,"path_taken":["M","M","?","M","M","R","M","M","T","M","E","R","M","M","R","BOSS","M","M","M","?","M","E"],"build_version":"2019-07-17","purchased_purges":0,"victory":false,"max_hp_per_floor":[80,80,80,80,80,80,80,80,80,80,80,80,80,80,80,80,80,80,80,80,80,80,80],"card_choices":[{"not_picked":["Sword Boomerang","Blood for Blood"],"picked":"Ghostly Armor","floor":1},{"not_picked":["Rupture","Whirlwind"],"picked":"Armaments","floor":2},{"not_picked":["Anger","Headbutt"],"picked":"Blood for Blood","floor":4},{"not_picked":["Headbutt","Pummel"],"picked":"Feel No Pain","floor":5},{"not_picked":["Reckless Charge","Ghostly Armor"],"picked":"Fiend Fire","floor":7},{"not_picked":["Body Slam","Second Wind"],"picked":"Blood for Blood","floor":8},{"not_picked":["Twin Strike","Clash"],"picked":"Corruption","floor":10},{"not_picked":["True Grit","Anger"],"picked":"Searing Blow","floor":11},{"not_picked":["Headbutt","Sword Boomerang"],"picked":"Blood for Blood","floor":13},{"not_picked":["Metallicize","Flex"],"picked":"Juggernaut","floor":14},{"not_picked":["Bludgeon","Feed"],"picked":"Impervious","floor":16},{"not_picked":["True Grit","Headbutt"],"picked":"Anger+1","floor":18},{"not_picked":["Warcry","Pommel Strike+1"],"picked":"Feel No Pain","floor":19},{"not_picked":["Anger","Iron Wave"],"picked":"Clash","floor":20},{"not_picked":["Dropkick","Clash"],"picked":"Anger","floor":22}],"player_experience":12255,"relics_obtained":[{"floor":9,"key":"Centennial Puzzle"},{"floor":11,"key":"Bronze Scales"}],"event_choices":[{"cards_removed":["Strike_R"],"damage_healed":0,"gold_gain":0,"player_choice":"Card Removal","damage_taken":7,"max_hp_gain":0,"max_hp_loss":0,"event_name":"Golden Wing","floor":3,"gold_loss":0},{"damage_healed":0,"gold_gain":0,"player_choice":"Punched","damage_taken":3,"max_hp_gain":0,"max_hp_loss":0,"event_name":"Designer","floor":21,"gold_loss":0}],"is_beta":false,"boss_relics":[{"not_picked":["Busted Crown","Ectoplasm"],"picked":"Empty Cage"}],"items_purged_floors":[],"is_endless":false,"potions_floor_spawned":[1,2,8,10,13,16,18,19,22],"killed_by":"Slavers","ascension_level":0}