{"gold_per_floor":[219,25,39,39,55,87,87,87,87,87,87,100,130,130],"floor_reached":14,"playtime":977,"items_purged":["Strike_R"],"score":98,"play_id":"ae654744-a527-4053-8ecc-a36a4f872843","local_time":"20190901082756","is_ascension_mode":false,"campfire_choices":[{"floor":7,"key":"REST"},{"data":"Entrench","floor":11,"key":"SMITH"}],"neow_cost":"NONE","seed_source_timestamp":77036491813586,"circlet_count":0,"master_deck":["Strike_R","Strike_R","Defend_R","Defend_R","Defend_R","Defend_R","Bash","Disarm","Shrug It Off","Entrench+1","True Grit","Spot Weakness","Body Slam","Pommel Strike"],"relics":["Burning Blood","Pear","Ornamental Fan","Toxic Egg 2","Paper Frog"],"potions_floor_usage":[6],"damage_taken":[{"damage":0,"enemies":"Small Slimes","floor":1,"turns":3},{"damage":0,"enemies":"2 Louse","floor":3,"turns":5},{"damage":1,"enemies":"Jaw Worm","floor":5,"turns":9},{"damage":50,"enemies":"Gremlin Nob","floor":6,"turns":6},{"damage":15,"enemies":"Red Slaver","floor":12,"turns":9},{"damage":50,"enemies":"3 Sentries","floor":13,"turns":17},{"damage":14,"enemies":"Lots of Slimes","floor":14,"turns":3}],"seed_played":"-1442600095892377298","potions_obtained":[{"floor":3,"key":"LiquidBronze"},{"floor":12,"key":"FearPotion"}],"is_trial":false,"path_per_floor":["M","$","M","?","M","E","R","?","T","T","R","M","E","M"],"character_chosen":"IRONCLAD","items_purchased":["Shrug It Off","Entrench"],"campfire_rested":1,"item_purchase_floors":[2,2],"current_hp_per_floor":[80,80,80,80,80,46,73,66,66,66,66,57,13,0],"gold":130,"neow_bonus":"HUNDRED_GOLD","is_prod":false,"is_daily":false,"chose_seed":false,"campfire_upgraded":1,"win_rate":0.0,"timestamp":1567351676,"path_taken":["M","$","M","?","M","E","R","?","T","?","R","M","E","M"],"build_version":"2019-07-17","purchased_purges":1,"victory":false,"max_hp_per_floor":[80,80,80,80,80,90,90,90,90,90,90,90,90,90],"card_choices":[{"not_picked":["Headbutt","Anger"],"picked":"Disarm","floor":1},{"not_picked":["Clash","Heavy Blade"],"picked":"True Grit","floor":3},{"not_picked":["Clash","Anger","Combust"],"picked":"SKIP","floor":5},{"not_picked":["Bloodletting","Rage"],"picked":"Spot Weakness","floor":6},{"not_picked":["Flame Barrier+1","Dark Embrace"],"picked":"Body Slam","floor":12},{"not_picked":["Cleave","Rupture"],"picked":"Pommel Strike","floor":13}],"player_experience":18024,"relics_obtained":[{"floor":6,"key":"Pear"},{"floor":9,"key":"Ornamental Fan"},{"floor":10,"key":"Toxic Egg 2"},{"floor":13,"key":"Paper Frog"}],"event_choices":[{"cards_removed":["Strike_R"],"damage_healed":0,"gold_gain":0,"player_choice":"Forget","damage_taken":0,"max_hp_gain":0,"max_hp_loss":0,"event_name":"Living Wall","floor":4,"gold_loss":0},{"cards_removed":["Strike_R"],"damage_healed":0,"gold_gain":0,"player_choice":"Card Removal","damage_taken":7,"max_hp_gain":0,"max_hp_loss":0,"event_name":"Golden Wing","floor":8,"gold_loss":0}],"is_beta":false,"boss_relics":[],"items_purged_floors":[2],"is_endless":false,"potions_floor_spawned":[3,12],"killed_by":"Lots of Slimes","ascension_level":0}