{"gold_per_floor":[109,59,70,80,158,233,259,259,259,275,292,306,306],"floor_reached":13,"playtime":710,"items_purged":[],"score":81,"play_id":"97c0ee94-ee49-4670-a5a1-74767e2ab794","local_time":"20190908162804","is_ascension_mode":true,"campfire_choices":[{"floor":8,"key":"REST"}],"neow_cost":"NONE","seed_source_timestamp":2017221989728100,"circlet_count":0,"master_deck":["Strike_R","Strike_R","Strike_R","Strike_R","Strike_R","Defend_R","Defend_R","Defend_R","Bash+1","Corruption","Shrug It Off","Battle Trance","Inflame"],"relics":["Burning Blood","Odd Mushroom","Vajra"],"potions_floor_usage":[12],"damage_taken":[{"damage":9,"enemies":"2 Louse","floor":1,"turns":3},{"damage":14,"enemies":"Jaw Worm","floor":3,"turns":4},{"damage":0,"enemies":"Small Slimes","floor":4,"turns":3},{"damage":58,"enemies":"The Mushroom Lair","floor":7,"turns":8},{"damage":2,"enemies":"Looter","floor":10,"turns":5},{"damage":12,"enemies":"Large Slime","floor":11,"turns":8},{"damage":33,"enemies":"Gremlin Gang","floor":12,"turns":7},{"damage":13,"enemies":"Lagavulin","floor":13,"turns":2}],"seed_played":"6023501161927767660","potions_obtained":[{"floor":4,"key":"Fire Potion"},{"floor":10,"key":"GamblersBrew"}],"is_trial":false,"path_per_floor":["M","?","M","M","?","?","?","R","T","M","M","M","E"],"character_chosen":"IRONCLAD","items_purchased":[],"campfire_rested":1,"item_purchase_floors":[],"current_hp_per_floor":[77,77,69,75,75,64,12,36,36,40,34,7,0],"gold":306,"neow_bonus":"UPGRADE_CARD","is_prod":false,"is_daily":false,"chose_seed":false,"campfire_upgraded":0,"win_rate":0,"timestamp":1567974484,"path_taken":["M","?","M","M","?","?","?","R","T","M","M","M","E"],"build_version":"2019-07-17","purchased_purges":0,"victory":false,"max_hp_per_floor":[80,80,80,80,80,80,80,80,80,80,80,80,80],"card_choices":[{"not_picked":["Flex","Clash"],"picked":"Corruption","floor":1},{"not_picked":["True Grit","Sword Boomerang","Warcry"],"picked":"SKIP","floor":3},{"not_picked":["Disarm","Fire Breathing"],"picked":"Shrug It Off","floor":4},{"not_picked":["Dual Wield","Fire Breathing","Clothesline"],"picked":"SKIP","floor":10},{"not_picked":["Iron Wave","Inflame"],"picked":"Battle Trance","floor":11},{"not_picked":["Iron Wave","Pommel Strike"],"picked":"Inflame","floor":12}],"player_experience":57797,"relics_obtained":[{"floor":7,"key":"Odd Mushroom"},{"floor":9,"key":"Vajra"}],"event_choices":[{"cards_removed":["Defend_R"],"damage_healed":0,"gold_gain":0,"player_choice":"Card Removal","damage_taken":0,"max_hp_gain":0,"max_hp_loss":0,"event_name":"The Cleric","floor":2,"gold_loss":50},{"damage_healed":0,"gold_gain":78,"player_choice":"Gained Gold","damage_taken":0,"max_hp_gain":0,"max_hp_loss":0,"event_name":"Golden Wing","floor":5,"gold_loss":0},{"damage_healed":0,"gold_gain":75,"player_choice":"Gather Gold","damage_taken":11,"max_hp_gain":0,"max_hp_loss":0,"event_name":"World of Goop","floor":6,"gold_loss":0},{"damage_healed":0,"gold_gain":0,"player_choice":"Fought Mushrooms","damage_taken":0,"max_hp_gain":0,"max_hp_loss":0,"event_name":"Mushrooms","floor":7,"gold_loss":0}],"is_beta":false,"boss_relics":[],"items_purged_floors":[],"is_endless":false,"potions_floor_spawned":[4,10],"killed_by":"Lagavulin","ascension_level":1}