{"path_per_floor":["M","?","M","?","M","R","E","M","T","R","$","M","R","?","R","B",null,"M","?","M","$","M","E","R","E","T","M","R","?","M","E","R","B",null,"M","M","?","M","?","E","R","$","T","M","R","?","?","M","R","B"],"character_chosen":"THE_SILENT","items_purchased":["Noxious Fumes","Footwork","Cloak And Dagger","Block Potion","Sundial"],"gold_per_floor":[114,64,77,77,95,95,129,144,167,167,23,37,37,37,37,140,170,182,182,200,31,50,83,83,114,184,197,197,197,214,244,244,343,343,355,370,420,430,430,456,456,25,51,64,64,64,0,13,13,13],"floor_reached":51,"campfire_rested":6,"playtime":5972,"item_purchase_floors":[11,21,42,42,42],"current_hp_per_floor":[70,70,70,70,63,63,53,53,53,53,53,48,48,48,70,70,75,75,75,64,64,62,23,60,60,60,40,79,79,68,20,59,23,82,62,62,45,40,40,31,70,70,70,70,70,70,70,50,82,61],"items_purged":["Strike_G","Strike_G","Masterful Stab"],"gold":13,"score":772,"play_id":"8509f981-2a35-4b35-9ddb-fdb1de2e390d","local_time":"20180612234514","is_prod":false,"is_daily":false,"chose_seed":false,"is_ascension_mode":true,"campfire_upgraded":4,"win_rate":0,"timestamp":1528872314,"campfire_choices":[{"data":"Dodge and Roll","floor":6,"key":"SMITH"},{"data":"Deadly Poison","floor":10,"key":"SMITH"},{"data":"Noxious Fumes","floor":13,"key":"SMITH"},{"floor":15,"key":"REST"},{"floor":24,"key":"REST"},{"floor":28,"key":"REST"},{"floor":32,"key":"REST"},{"floor":41,"key":"REST"},{"data":"Envenom","floor":45,"key":"SMITH"},{"floor":49,"key":"REST"}],"path_taken":["M","?","M","?","M","R","E","M","T","R","$","M","R","?","R","BOSS","M","?","M","$","M","E","R","E","T","M","R","?","M","E","R","BOSS","M","M","?","M","?","E","R","$","T","M","R","?","?","?","R","BOSS"],"build_version":"2018-06-11","seed_source_timestamp":209660650342725,"purchased_purges":3,"victory":true,"master_deck":["Defend_G","Defend_G","Defend_G","Defend_G","Strike_G","Survivor","Neutralize+1","Dodge and Roll+1","Accuracy+1","Well Laid Plans","Backflip","Deadly Poison+1","Noxious Fumes+1","Adrenaline","Envenom+1","Leg Sweep","Bouncing Flask","Defend_G","RitualDagger","Accuracy","Footwork","Poisoned Stab","Calculated Gamble","Cloak And Dagger","Backflip","Cloak And Dagger","Accuracy+1","Poisoned Stab","Neutralize","Tools of the Trade","Cloak And Dagger"],"max_hp_per_floor":[70,70,70,70,70,70,70,70,70,70,70,70,70,70,70,70,75,75,75,75,75,75,75,75,82,82,82,82,82,82,82,82,82,82,82,82,82,82,82,82,82,82,82,82,82,82,82,82,82,82],"special_seed":0,"relics":["Ring of the Snake","Regal Pillow","Snake Skull","Tiny House","Lantern","Strawberry","The Courier","Happy Flower","Busted Crown","Tingsha","Shovel","Sundial","Dream Catcher","Red Mask"],"card_choices":[{"not_picked":["Deadly Poison","Flying Knee"],"picked":"Dodge and Roll","floor":1},{"not_picked":["Acrobatics","Outmaneuver"],"picked":"Accuracy","floor":3},{"not_picked":["Terror","Choke"],"picked":"Well Laid Plans","floor":5},{"not_picked":["Dagger Spray","Caltrops"],"picked":"Backflip","floor":7},{"not_picked":["Masterful Stab","Catalyst"],"picked":"Deadly Poison","floor":8},{"not_picked":["PiercingWail","Quick Slash"],"picked":"Adrenaline","floor":12},{"not_picked":["Bullet Time","Wraith Form v2"],"picked":"Envenom","floor":16},{"not_picked":["Catalyst","Dagger Spray"],"picked":"Leg Sweep","floor":17},{"not_picked":["Outmaneuver","Deflect"],"picked":"Bouncing Flask","floor":18},{"not_picked":["Slice","Acrobatics"],"picked":"Accuracy","floor":20},{"not_picked":["Sucker Punch","Dagger Spray+1"],"picked":"Poisoned Stab","floor":22},{"not_picked":["Bullet Time","Riddle With Holes+1"],"picked":"Calculated Gamble","floor":23},{"not_picked":["Expertise+1","Riddle With Holes"],"picked":"Cloak And Dagger","floor":25},{"not_picked":["Terror","Bane"],"picked":"Backflip","floor":27},{"not_picked":["Outmaneuver","Slice"],"picked":"Cloak And Dagger","floor":30},{"not_picked":["Dagger Spray","Quick Slash"],"picked":"Masterful Stab","floor":31},{"not_picked":["Masterful Stab"],"picked":"SKIP","floor":35},{"not_picked":[],"picked":"Accuracy+1","floor":36},{"not_picked":[],"picked":"Poisoned Stab","floor":37},{"not_picked":["Endless Agony+1"],"picked":"SKIP","floor":38},{"not_picked":["PiercingWail"],"picked":"SKIP","floor":40},{"not_picked":["Dagger Spray+1"],"picked":"SKIP","floor":44},{"not_picked":["Choke"],"picked":"SKIP","floor":48}],"player_experience":118195,"potions_floor_usage":[16,20,23,23,25,27,36,37,50,50,50,50],"damage_taken":[{"damage":0,"enemies":"2 Louse","floor":1,"turns":3},{"damage":0,"enemies":"Small Slimes","floor":3,"turns":3},{"damage":7,"enemies":"Cultist","floor":5,"turns":7},{"damage":10,"enemies":"3 Sentries","floor":7,"turns":21},{"damage":0,"enemies":"2 Fungi Beasts","floor":8,"turns":5},{"damage":5,"enemies":"3 Louse","floor":12,"turns":4},{"damage":0,"enemies":"Hexaghost","floor":16,"turns":8},{"damage":0,"enemies":"Chosen","floor":18,"turns":6},{"damage":11,"enemies":"2 Thieves","floor":20,"turns":4},{"damage":2,"enemies":"Snecko","floor":22,"turns":6},{"damage":39,"enemies":"Slavers","floor":23,"turns":9},{"damage":7,"enemies":"Book of Stabbing","floor":25,"turns":7},{"damage":20,"enemies":"3 Cultists","floor":27,"turns":7},{"damage":11,"enemies":"Centurion and Healer","floor":30,"turns":8},{"damage":48,"enemies":"Slavers","floor":31,"turns":8},{"damage":36,"enemies":"Automaton","floor":33,"turns":14},{"damage":20,"enemies":"Orb Walker","floor":35,"turns":3},{"damage":0,"enemies":"3 Shapes","floor":36,"turns":5},{"damage":17,"floor":37,"turns":5},{"damage":5,"enemies":"Flame Bruiser 2 Orb","floor":38,"turns":5},{"damage":9,"enemies":"Nemesis","floor":40,"turns":9},{"damage":0,"enemies":"Maw","floor":44,"turns":6},{"damage":20,"enemies":"3 Darklings","floor":48,"turns":6},{"damage":36,"enemies":"Donu and Deca","floor":50,"turns":10}],"relics_obtained":[{"floor":7,"key":"Regal Pillow"},{"floor":9,"key":"Snake Skull"},{"floor":23,"key":"Lantern"},{"floor":25,"key":"Strawberry"},{"floor":26,"key":"The Courier"},{"floor":31,"key":"Happy Flower"},{"floor":37,"key":"Tingsha"},{"floor":40,"key":"Shovel"},{"floor":43,"key":"Dream Catcher"}],"event_choices":[{"event_name":"The Cleric","player_choice":"Card Removal","floor":2,"damage_taken":0},{"event_name":"Bonfire Elementals","player_choice":"BASIC","floor":4,"damage_taken":0},{"event_name":"Upgrade Shrine","player_choice":"Upgraded","floor":14,"damage_taken":0},{"event_name":"Nest","player_choice":"Joined the Cult","floor":19,"damage_taken":0},{"event_name":"Vampires","player_choice":"Ignored","floor":29,"damage_taken":0},{"event_name":"Mysterious Sphere","player_choice":"Fight","floor":37,"damage_taken":0},{"event_name":"Match and Keep!","player_choice":"2 cards matched","floor":39,"damage_taken":0},{"event_name":"The Lab","player_choice":"Got Potions","floor":46,"damage_taken":0},{"event_name":"Tomb of Lord Red Mask","player_choice":"Paid","floor":47,"damage_taken":0}],"boss_relics":[{"not_picked":["Runic Dome","Black Star"],"picked":"Tiny House"},{"not_picked":["Philosopher\u0027s Stone","Sozu"],"picked":"Busted Crown"}],"items_purged_floors":[11,21,42],"potions_floor_spawned":[7,8,12,16,18,23,25,33,35,37,48],"seed_played":"4240989242683261548","ascension_level":1,"potions_obtained":[{"floor":7,"key":"Block Potion"},{"floor":8,"key":"AttackPotion"},{"floor":12,"key":"AttackPotion"},{"floor":16,"key":"SkillPotion"},{"floor":23,"key":"Weak Potion"},{"floor":25,"key":"Weak Potion"},{"floor":33,"key":"Explosive Potion"},{"floor":35,"key":"AttackPotion"},{"floor":37,"key":"SkillPotion"},{"floor":46,"key":"Regen Potion"}],"is_trial":false}