{"gold_per_floor":[115,190,365,365,376,376,396,396,478,508,508,543,843,905,905,1007,1007,1023,1023,973,986,1003,1003],"floor_reached":23,"playtime":1284,"items_purged":[],"score":197,"play_id":"ba170f7c-22a7-416a-b81c-17d04df3191f","local_time":"20190903204438","is_ascension_mode":false,"campfire_choices":[{"floor":6.0,"key":"REST"},{"data":"Loop","floor":8.0,"key":"SMITH"},{"floor":11.0,"key":"REST"},{"floor":15.0,"key":"REST"}],"neow_cost":"NONE","seed_source_timestamp":157411399959505,"circlet_count":0,"master_deck":["Strike_B","Strike_B","Strike_B","Strike_B","Defend_B","Defend_B","Defend_B","Defend_B","Zap","Dualcast","Loop+1","Doubt","Cold Snap","FTL","Reinforced Body+1","Cold Snap","Regret","Ball Lightning","Leap+1","Echo Form","Capacitor","Consume+1","Undo+1"],"special_seed":0,"relics":["Cracked Core","NeowsBlessing","Gremlin Horn","Toxic Egg 2","Bottled Tornado","Dream Catcher","Old Coin","Oddly Smooth Stone","Velvet Choker"],"potions_floor_usage":[18,22],"damage_taken":[{"damage":0.0,"enemies":"2 Louse","floor":1.0,"turns":1.0},{"damage":0.0,"enemies":"Small Slimes","floor":5.0,"turns":1.0},{"damage":0.0,"enemies":"Jaw Worm","floor":7.0,"turns":1.0},{"damage":28.0,"enemies":"Gremlin Nob","floor":10.0,"turns":4.0},{"damage":21.0,"enemies":"3 Sentries","floor":12.0,"turns":7.0},{"damage":12.0,"enemies":"Gremlin Nob","floor":14.0,"turns":4.0},{"damage":28.0,"enemies":"The Guardian","floor":16.0,"turns":10.0},{"damage":18,"enemies":"3 Byrds","floor":18,"turns":3},{"damage":10,"enemies":"Chosen","floor":21,"turns":6},{"damage":18,"enemies":"Centurion and Healer","floor":22,"turns":6},{"damage":15,"enemies":"Slavers","floor":23,"turns":1}],"seed_played":"1201570437651608707","potions_obtained":[{"floor":12.0,"key":"FocusPotion"},{"floor":14.0,"key":"Strength Potion"},{"floor":16.0,"key":"Fire Potion"},{"floor":21,"key":"Block Potion"}],"is_trial":false,"path_per_floor":["M","?","?","?","M","R","M","R","T","E","R","E","?","?","R","B",null,"M","?","?","M","M","E"],"character_chosen":"DEFECT","items_purchased":[],"campfire_rested":3,"item_purchase_floors":[],"current_hp_per_floor":[75,64,64,52,52,74,74,74,74,46,68,47,47,35,57,29,75,57,43,43,33,15,0],"gold":1003,"neow_bonus":"THREE_ENEMY_KILL","is_prod":false,"is_daily":false,"chose_seed":false,"campfire_upgraded":1,"win_rate":0.0,"timestamp":1567568678,"path_taken":["M","?","?","?","M","R","M","R","T","E","R","E","?","?","R","BOSS","M","?","?","M","?","E"],"build_version":"2019-07-17","purchased_purges":0,"victory":false,"max_hp_per_floor":[75,75,75,75,75,75,75,75,75,75,75,75,75,75,75,75,75,75,80,80,80,80,80],"card_choices":[{"not_picked":["Barrage","Stack"],"picked":"Loop","floor":1.0},{"not_picked":["Heatsinks","Redo"],"picked":"Cold Snap","floor":5.0},{"not_picked":["Compile Driver","Gash"],"picked":"FTL","floor":7.0},{"not_picked":["Hello World","Darkness+1"],"picked":"Reinforced Body+1","floor":10.0},{"not_picked":["Doom and Gloom","Gash"],"picked":"Cold Snap","floor":12.0},{"not_picked":["Hologram+1","Sweeping Beam"],"picked":"Ball Lightning","floor":14.0},{"not_picked":["Sweeping Beam","Capacitor"],"picked":"Leap+1","floor":15.0},{"not_picked":["Machine Learning","Seek+1"],"picked":"Echo Form","floor":16.0},{"not_picked":["Redo+1","Conserve Battery+1"],"picked":"Capacitor","floor":18},{"not_picked":["Go for the Eyes","Fusion+1"],"picked":"Consume+1","floor":21},{"not_picked":["Hologram+1","Reprogram+1"],"picked":"Undo+1","floor":22}],"player_experience":42711,"relics_obtained":[{"floor":9.0,"key":"Toxic Egg 2"},{"floor":10.0,"key":"Bottled Tornado"},{"floor":12.0,"key":"Dream Catcher"},{"floor":14.0,"key":"Oddly Smooth Stone"}],"event_choices":[{"damage_healed":0.0,"max_hp_gain":0.0,"max_hp_loss":0.0,"gold_gain":75.0,"event_name":"World of Goop","player_choice":"Gather Gold","floor":2.0,"gold_loss":0.0,"damage_taken":11.0},{"damage_healed":0.0,"max_hp_gain":0.0,"max_hp_loss":0.0,"gold_gain":175.0,"event_name":"Liars Game","player_choice":"AGREE","floor":3.0,"gold_loss":0.0,"damage_taken":0.0,"cards_obtained":["Doubt"]},{"damage_healed":0.0,"max_hp_gain":0.0,"max_hp_loss":0.0,"gold_gain":0.0,"event_name":"Scrap Ooze","player_choice":"Success","floor":4.0,"gold_loss":0.0,"damage_taken":12.0,"relics_obtained":["Gremlin Horn"]},{"damage_healed":0.0,"max_hp_gain":0.0,"max_hp_loss":0.0,"gold_gain":0.0,"event_name":"Big Fish","player_choice":"Box","floor":13.0,"gold_loss":0.0,"damage_taken":0.0,"relics_obtained":["Old Coin"],"cards_obtained":["Regret"]},{"damage_healed":0.0,"max_hp_gain":0.0,"max_hp_loss":0.0,"gold_gain":0.0,"event_name":"Dead Adventurer","player_choice":"Searched \u00271\u0027 times","floor":14.0,"gold_loss":0.0,"damage_taken":0.0},{"damage_healed":0,"gold_gain":0,"player_choice":"Shed Blood","damage_taken":19,"max_hp_gain":5,"max_hp_loss":0,"event_name":"Forgotten Altar","floor":19,"gold_loss":0},{"damage_healed":0,"gold_gain":0,"player_choice":"Bet on Murderer","damage_taken":0,"max_hp_gain":0,"max_hp_loss":0,"event_name":"The Joust","floor":20,"gold_loss":50}],"is_beta":false,"boss_relics":[{"not_picked":["Orrery","Empty Cage"],"picked":"Velvet Choker"}],"items_purged_floors":[],"is_endless":false,"potions_floor_spawned":[12,14,16,21],"killed_by":"Slavers","ascension_level":0}