{"gold_per_floor":[118,132,132,59,71,100,100,134,158,158],"floor_reached":10,"playtime":635,"items_purged":[],"score":80,"play_id":"2e7743a7-3fd3-4c7a-9588-cb04b484b413","local_time":"20190909145013","is_ascension_mode":true,"campfire_choices":[{"floor":7,"key":"REST"}],"neow_cost":"NONE","seed_source_timestamp":32287794550700,"circlet_count":0,"master_deck":["Strike_P","Strike_P","Strike_P","Strike_P","Defend_P","Defend_P","Defend_P","Defend_P","Eruption","Weave","BowlingBash","Devotion","Weave","Prostrate","DevaForm"],"relics":["PureWater","Melange","TungstenRod","InkBottle"],"potions_floor_usage":[8],"damage_taken":[{"damage":0,"enemies":"Small Slimes","floor":1,"turns":3},{"damage":12,"enemies":"Cultist","floor":2,"turns":3},{"damage":0,"enemies":"2 Louse","floor":5,"turns":3},{"damage":48,"enemies":"Gremlin Nob","floor":6,"turns":5},{"damage":31,"enemies":"Lagavulin","floor":8,"turns":4},{"damage":13,"enemies":"Blue Slaver","floor":10,"turns":1}],"seed_played":"3900084782264566440","potions_obtained":[{"floor":6,"key":"SkillPotion"},{"floor":8,"key":"Ancient Potion"}],"is_trial":false,"path_per_floor":["M","M","?","$","M","E","R","E","T","M"],"character_chosen":"WATCHER","items_purchased":["Devotion"],"campfire_rested":1,"item_purchase_floors":[4],"current_hp_per_floor":[71,59,59,59,59,11,32,1,1,0],"gold":158,"neow_bonus":"TEN_PERCENT_HP_BONUS","is_prod":false,"is_daily":false,"chose_seed":false,"campfire_upgraded":0,"win_rate":0,"timestamp":1568065813,"path_taken":["M","M","?","$","M","E","R","E","T","M"],"build_version":"2019-09-09","purchased_purges":0,"victory":false,"max_hp_per_floor":[71,71,71,71,71,71,71,71,71,71],"card_choices":[{"not_picked":["EmptyBody","Crescendo"],"picked":"Weave","floor":1},{"not_picked":["Fasting","Tantrum"],"picked":"BowlingBash","floor":2},{"not_picked":["EmptyBody","BowlingBash"],"picked":"Weave","floor":5},{"not_picked":["CarveReality","JustLucky"],"picked":"Prostrate","floor":6},{"not_picked":["JustLucky","Collect"],"picked":"DevaForm","floor":8}],"player_experience":328580,"relics_obtained":[{"floor":6,"key":"Melange"},{"floor":8,"key":"TungstenRod"},{"floor":9,"key":"InkBottle"}],"event_choices":[{"cards_removed":["Vigilance"],"damage_healed":0,"gold_gain":0,"player_choice":"Offered Basic","damage_taken":0,"max_hp_gain":0,"max_hp_loss":0,"event_name":"Bonfire Elementals","floor":3,"gold_loss":0}],"is_beta":true,"boss_relics":[],"items_purged_floors":[],"is_endless":false,"potions_floor_spawned":[6,8],"killed_by":"Blue Slaver","ascension_level":1}