{"gold_per_floor":[114,6,22,22,42,71,87,106,129,4,24,24,24,39,39,140,140,151,151,169,182,197,197,197],"floor_reached":24,"playtime":2029,"items_purged":["Strike_B","Strike_B"],"score":202,"play_id":"c1573313-d0b5-4686-9394-b153d8da8258","local_time":"20190309111055","is_ascension_mode":false,"campfire_choices":[{"data":"White Noise","floor":12,"key":"SMITH"},{"data":"Genetic Algorithm","floor":15,"key":"SMITH"},{"floor":23,"key":"REST"}],"neow_cost":"TEN_PERCENT_HP_LOSS","seed_source_timestamp":824225964949041,"circlet_count":0,"master_deck":["Strike_B","Strike_B","Defend_B","Defend_B","Defend_B","Defend_B","Zap","Dualcast","BootSequence","Loop+1","Scrape","White Noise+1","Force Field","Beam Cell","Genetic Algorithm+1","Capacitor","Ball Lightning","Melter","Electrodynamics+1","Steam","Conserve Battery","White Noise","Capacitor","Defragment","Beam Cell+1","Defragment","Defragment"],"relics":["Cracked Core","Bird Faced Urn","Pen Nib","Smiling Mask","Orrery"],"potions_floor_usage":[16,18,22,24],"damage_taken":[{"damage":1,"enemies":"Jaw Worm","floor":1,"turns":3},{"damage":0,"enemies":"Cultist","floor":3,"turns":3},{"damage":0,"enemies":"Small Slimes","floor":5,"turns":3},{"damage":11,"enemies":"Lagavulin","floor":6,"turns":7},{"damage":3,"enemies":"Red Slaver","floor":7,"turns":3},{"damage":2,"enemies":"3 Louse","floor":8,"turns":3},{"damage":1,"enemies":"Large Slime","floor":11,"turns":4},{"damage":11,"enemies":"Blue Slaver","floor":14,"turns":4},{"damage":47,"enemies":"The Guardian","floor":16,"turns":8},{"damage":18,"enemies":"2 Thieves","floor":18,"turns":5},{"damage":30,"enemies":"Shell Parasite","floor":20,"turns":6},{"damage":22,"enemies":"Centurion and Healer","floor":21,"turns":6},{"damage":37,"enemies":"Cultist and Chosen","floor":22,"turns":5},{"damage":52,"enemies":"Book of Stabbing","floor":24,"turns":5}],"seed_played":"-3921094653975419356","potions_obtained":[{"floor":1,"key":"Swift Potion"},{"floor":6,"key":"Swift Potion"},{"floor":8,"key":"PowerPotion"},{"floor":14,"key":"SpeedPotion"},{"floor":16,"key":"Dexterity Potion"},{"floor":21,"key":"PowerPotion"}],"is_trial":false,"path_per_floor":["M","$","M","?","M","E","M","M","T","$","M","R","$","M","R","B",null,"M","?","M","M","M","R","E"],"character_chosen":"DEFECT","items_purchased":["Loop","Capacitor"],"campfire_rested":1,"item_purchase_floors":[2,10],"current_hp_per_floor":[67,67,68,68,68,57,58,58,58,58,63,63,63,56,56,27,68,56,56,40,34,9,29,0],"gold":197,"neow_bonus":"ONE_RARE_RELIC","is_prod":false,"is_daily":false,"chose_seed":false,"campfire_upgraded":2,"win_rate":0,"timestamp":1552158655,"path_taken":["M","$","M","?","M","E","M","M","T","$","?","R","?","M","R","BOSS","M","?","?","M","?","R","E"],"build_version":"2019-02-06","purchased_purges":2,"victory":false,"max_hp_per_floor":[68,68,68,68,68,68,68,68,68,68,68,68,68,68,68,68,68,68,68,68,68,68,68,68],"card_choices":[{"not_picked":["Rebound","Darkness"],"picked":"BootSequence","floor":1},{"not_picked":["Go for the Eyes","Darkness"],"picked":"Scrape","floor":3},{"not_picked":["Conserve Battery","Ball Lightning"],"picked":"White Noise","floor":5},{"not_picked":["Rebound","Streamline"],"picked":"Force Field","floor":6},{"not_picked":["Fusion","Force Field"],"picked":"Beam Cell","floor":7},{"not_picked":["Redo","Undo"],"picked":"Genetic Algorithm","floor":8},{"not_picked":["Tempest","Recycle"],"picked":"Ball Lightning","floor":11},{"not_picked":["All For One","Hologram"],"picked":"Melter","floor":14},{"not_picked":["Multi-Cast","Echo Form"],"picked":"Electrodynamics","floor":16},{"not_picked":["Cold Snap","Leap"],"picked":"Steam","floor":17},{"not_picked":["Compile Driver","Cold Snap"],"picked":"Conserve Battery","floor":17},{"not_picked":["Chaos","Core Surge"],"picked":"White Noise","floor":17},{"not_picked":["Barrage","Redo"],"picked":"Capacitor","floor":17},{"not_picked":["Hologram","Coolheaded"],"picked":"Defragment","floor":18},{"not_picked":["BootSequence","Conserve Battery"],"picked":"Beam Cell+1","floor":20},{"not_picked":["Barrage","Undo+1"],"picked":"Defragment","floor":21},{"not_picked":["Compile Driver","Turbo+1"],"picked":"Defragment","floor":22}],"player_experience":254967,"relics_obtained":[{"floor":6,"key":"Pen Nib"},{"floor":9,"key":"Smiling Mask"}],"event_choices":[{"damage_healed":0,"gold_gain":0,"player_choice":"Upgraded","damage_taken":0,"max_hp_gain":0,"max_hp_loss":0,"event_name":"Upgrade Shrine","floor":4,"gold_loss":0,"cards_upgraded":["Loop"]},{"damage_healed":0,"gold_gain":0,"player_choice":"Upgraded","damage_taken":0,"max_hp_gain":0,"max_hp_loss":0,"event_name":"Upgrade Shrine","floor":19,"gold_loss":0,"cards_upgraded":["Electrodynamics"]}],"is_beta":true,"boss_relics":[{"not_picked":["Empty Cage","Snecko Eye"],"picked":"Orrery"}],"items_purged_floors":[2,10],"is_endless":false,"potions_floor_spawned":[1,6,8,14,16,21],"killed_by":"Book of Stabbing","ascension_level":0}