{"path_per_floor":["M","M","?","M","M","R","E","?","T","E","M","R","M","E","R","B",null,"M","M","?","M","M","E","R","?","T"],"character_chosen":"DEFECT","items_purchased":[],"gold_per_floor":[117,127,127,148,162,162,196,264,312,356,372,372,387,428,428,556,556,575,590,640,664,687,727,727,652,731,731],"floor_reached":27,"campfire_rested":3,"playtime":2085,"current_hp_per_floor":[75,74,56,55,51,51,33,33,33,14,14,36,36,19,41,28,75,57,47,47,39,39,7,29,29,29,0],"items_purged":[],"gold":731,"score":255,"play_id":"44d98449-77ee-4742-85c4-bd6b01c5e79b","local_time":"20180505211510","is_prod":false,"is_daily":false,"chose_seed":false,"is_ascension_mode":false,"campfire_upgraded":1,"timestamp":1525580110,"path_taken":["M","M","?","M","M","R","E","?","T","E","M","R","M","E","R","BOSS","M","M","?","M","M","E","R","?","T","E"],"build_version":"2018-05-03","seed_source_timestamp":1028842745231319,"purchased_purges":0,"victory":false,"master_deck":["Defend_B","Defend_B","Defend_B","Defend_B","Zap+1","Dualcast","Stack","Ball Lightning","Darkness+1","Doom and Gloom","Ball Lightning","Coolheaded","Axe Kick","Loop","Cold Snap","Fission","Reboot+1","Buffer+1","Undo+1","Stack","Barrage+1","Double Energy","Storm","Static Discharge"],"max_hp_per_floor":[75,75,75,75,75,75,75,75,75,75,75,75,75,75,75,75,75,75,75,75,75,75,75,75,75,75,75],"relics":["Cracked Core","Golden Idol","Centennial Puzzle","Pen Nib","Vajra","Happy Flower","Astrolabe","Kunai","Toxic Egg 2"],"card_choices":[{"not_picked":["Skim","Rebound"],"picked":"Stack","floor":1},{"not_picked":["Go for the Eyes","Axe Kick"],"picked":"Ball Lightning","floor":2},{"not_picked":["Turbo","Ball Lightning"],"picked":"Darkness","floor":4},{"not_picked":["Skim","Axe Kick"],"picked":"Doom and Gloom","floor":5},{"not_picked":["Multi-Cast","Turbo"],"picked":"Ball Lightning","floor":7},{"not_picked":["Seek","Barrage"],"picked":"Coolheaded","floor":10},{"not_picked":["Go for the Eyes","Scrape"],"picked":"Axe Kick","floor":11},{"not_picked":["Hologram","Tempest"],"picked":"Loop","floor":13},{"not_picked":["Reboot","Sweeping Beam"],"picked":"Cold Snap","floor":14},{"not_picked":["Fusion","Redo"],"picked":"Fission","floor":16},{"not_picked":["Coolheaded","Force Field"],"picked":"Stack","floor":18},{"not_picked":["Lockon","Leap"],"picked":"Barrage","floor":19},{"not_picked":["Steam Power","Rip and Tear"],"picked":"Double Energy","floor":21},{"not_picked":["Sweeping Beam","Static Discharge"],"picked":"Storm","floor":22},{"not_picked":["Impulse","Rebound"],"picked":"Static Discharge","floor":23}],"player_experience":58702,"potions_floor_usage":[14,16,21,21,23,27,27],"damage_taken":[{"damage":0,"enemies":"2 Louse","floor":1,"turns":2},{"damage":1,"enemies":"Jaw Worm","floor":2,"turns":2},{"damage":1,"enemies":"Cultist","floor":4,"turns":3},{"damage":4,"enemies":"2 Fungi Beasts","floor":5,"turns":3},{"damage":18,"enemies":"Lagavulin","floor":7,"turns":6},{"damage":19,"enemies":"3 Sentries","floor":10,"turns":3},{"damage":0,"enemies":"Exordium Wildlife","floor":11,"turns":2},{"damage":0,"enemies":"Red Slaver","floor":13,"turns":1},{"damage":17,"enemies":"Lagavulin","floor":14,"turns":4},{"damage":13,"enemies":"Hexaghost","floor":16,"turns":8},{"damage":18,"enemies":"Chosen","floor":18,"turns":3},{"damage":23,"enemies":"2 Thieves","floor":19,"turns":4},{"damage":14,"enemies":"Snake Plant","floor":21,"turns":4},{"damage":0,"enemies":"Snecko","floor":22,"turns":3},{"damage":32,"enemies":"Gremlin Leader","floor":23,"turns":6},{"damage":30,"enemies":"Slavers","floor":27,"turns":2}],"event_choices":[{"event_name":"Golden Idol","player_choice":"Take Damage","floor":3,"damage_taken":0},{"event_name":"Golden Wing","player_choice":"Gained Gold","floor":8,"damage_taken":0},{"event_name":"The Joust","player_choice":"Bet on Murderer","floor":20,"damage_taken":0},{"event_name":"Beggar","player_choice":"Gave Gold","floor":25,"damage_taken":0}],"boss_relics":[{"not_picked":["Calling Bell","Nuclear Battery"],"picked":"Astrolabe"}],"potions_floor_spawned":[5,10,13,16,19,22,23],"seed_played":"8543094672380867509","killed_by":"Slavers","ascension_level":0,"is_trial":false}