{"gold_per_floor":[113,60,60,74,87,87,115,115,115,131,157,157,167,92,92,193,193,210,43,43,55,55,83,83],"floor_reached":24,"playtime":1830,"items_purged":["Strike_B"],"score":294,"play_id":"d6b52c61-1718-4516-b3b0-0f60cc8730c6","local_time":"20181028211634","is_ascension_mode":true,"campfire_choices":[{"data":"Fusion","floor":6,"key":"SMITH"},{"floor":8,"key":"REST"},{"floor":15,"key":"REST"}],"neow_cost":"NONE","seed_source_timestamp":351739660158548,"circlet_count":0,"master_deck":["Strike_B","Strike_B","Strike_B","Defend_B","Defend_B","Defend_B","Defend_B","Zap","Dualcast","Stack","Leap","Fusion+1","Gash","Scrape","Sunder","Auto Shields","Go for the Eyes","Core Surge","Static Discharge+1","Self Repair","Steam","Sunder","Self Repair+1","Self Repair+1"],"relics":["Cracked Core","Matryoshka","Bag of Preparation","Darkstone Periapt","Oddly Smooth Stone","DataDisk","Inserter","Dead Branch","Mercury Hourglass"],"potions_floor_usage":[10,11,11,23,23],"damage_taken":[{"damage":1,"enemies":"Cultist","floor":1,"turns":3},{"damage":7,"enemies":"Jaw Worm","floor":4,"turns":4},{"damage":0,"enemies":"Small Slimes","floor":5,"turns":3},{"damage":36,"enemies":"Lagavulin","floor":7,"turns":9},{"damage":14,"enemies":"Red Slaver","floor":10,"turns":2},{"damage":21,"enemies":"Gremlin Nob","floor":11,"turns":4},{"damage":0,"enemies":"Exordium Wildlife","floor":13,"turns":3},{"damage":55,"enemies":"Slime Boss","floor":16,"turns":9},{"damage":6,"enemies":"Chosen","floor":18,"turns":4},{"damage":6,"enemies":"3 Byrds","floor":21,"turns":4},{"damage":28,"enemies":"Slavers","floor":23,"turns":5},{"damage":30,"enemies":"Snake Plant","floor":24,"turns":2}],"seed_played":"3105192434768314374","potions_obtained":[{"floor":4,"key":"GamblersBrew"},{"floor":5,"key":"SteroidPotion"},{"floor":7,"key":"EssenceOfSteel"},{"floor":16,"key":"Fire Potion"},{"floor":21,"key":"Poison Potion"}],"is_trial":false,"path_per_floor":["M","$","?","M","M","R","E","R","T","M","E","?","M","$","R","B",null,"M","$","?","M","?","E"],"character_chosen":"DEFECT","items_purchased":["Leap","Self Repair","Steam","Sunder"],"campfire_rested":2,"item_purchase_floors":[2,19,19,19],"current_hp_per_floor":[81,81,86,79,79,79,43,69,69,55,34,34,34,34,60,5,87,81,81,81,75,58,30,0],"gold":83,"neow_bonus":"TEN_PERCENT_HP_BONUS","is_prod":false,"is_daily":false,"chose_seed":false,"campfire_upgraded":1,"win_rate":0,"timestamp":1540786594,"path_taken":["M","$","?","?","M","R","E","R","T","M","E","?","M","$","R","BOSS","M","$","?","M","?","E","?"],"build_version":"2018-10-25v2","purchased_purges":1,"victory":false,"max_hp_per_floor":[82,82,87,87,87,87,87,87,87,87,87,87,87,87,87,87,87,87,87,87,87,92,92,92],"card_choices":[{"not_picked":["Compile Driver","Coolheaded"],"picked":"Stack","floor":1},{"not_picked":["Barrage","Stack"],"picked":"Fusion","floor":4},{"not_picked":["Stack","Glacier"],"picked":"Gash","floor":5},{"not_picked":["Barrage","Turbo"],"picked":"Scrape","floor":7},{"not_picked":["Redo","Hello World"],"picked":"Sunder","floor":10},{"not_picked":["Sweeping Beam","Darkness"],"picked":"Auto Shields","floor":11},{"not_picked":["Beam Cell","Chill"],"picked":"Go for the Eyes","floor":13},{"not_picked":["Thunder Strike","Buffer"],"picked":"Core Surge","floor":16},{"not_picked":["Turbo","Compile Driver"],"picked":"Static Discharge+1","floor":18},{"not_picked":["Ball Lightning","Melter"],"picked":"Self Repair+1","floor":21},{"not_picked":["Recycle","Compile Driver"],"picked":"Self Repair+1","floor":23}],"player_experience":217893,"relics_obtained":[{"floor":7,"key":"Matryoshka"},{"floor":9,"key":"Bag of Preparation"},{"floor":9,"key":"Darkstone Periapt"},{"floor":11,"key":"Oddly Smooth Stone"},{"floor":23,"key":"Mercury Hourglass"}],"event_choices":[{"damage_healed":0,"gold_gain":0,"player_choice":"Donut","damage_taken":0,"max_hp_gain":5,"max_hp_loss":0,"event_name":"Big Fish","floor":3,"gold_loss":0},{"damage_healed":0,"gold_gain":30,"player_choice":"Searched \u00272\u0027 times","damage_taken":0,"relics_obtained":["DataDisk"],"max_hp_gain":0,"max_hp_loss":0,"event_name":"Dead Adventurer","floor":12,"gold_loss":0},{"damage_healed":0,"gold_gain":0,"player_choice":"Opened","damage_taken":0,"relics_obtained":["Dead Branch"],"max_hp_gain":0,"max_hp_loss":0,"event_name":"The Mausoleum","floor":20,"gold_loss":0},{"damage_healed":0,"gold_gain":0,"player_choice":"Shed Blood","damage_taken":22,"max_hp_gain":5,"max_hp_loss":0,"event_name":"Forgotten Altar","floor":22,"gold_loss":0}],"is_beta":true,"boss_relics":[{"not_picked":["Snecko Eye","Pandora\u0027s Box"],"picked":"Inserter"}],"items_purged_floors":[14],"is_endless":false,"potions_floor_spawned":[4,5,7,16,21],"killed_by":"Snake Plant","ascension_level":4}