{"path_per_floor":["M","M","?","M","M","R","E","M","T","R","M","$","M","?","R","B",null,"M","M","$","?","M","R","E","R","T","R","E","$","M","M","R","B",null,"M","$","?","?","M","R","?"],"character_chosen":"THE_SILENT","items_purchased":["Well Laid Plans","Dodge and Roll","Poisoned Stab","Noxious Fumes","Accuracy"],"gold_per_floor":[118,129,129,154,168,168,206,227,227,227,240,128,151,181,181,301,339,357,378,184,184,203,203,244,244,267,267,306,99,118,143,143,262,262,278,91,91,91,114,114,114,114],"floor_reached":42,"campfire_rested":8,"playtime":4082,"item_purchase_floors":[12,20,20,29,36],"current_hp_per_floor":[70,70,70,69,48,69,37,29,29,50,45,45,35,35,56,28,75,52,37,37,21,16,38,16,38,38,75,48,48,21,5,42,22,75,34,34,34,25,4,41,41,0],"items_purged":["Strike_G","Strike_G","Strike_G","Injury"],"gold":114,"score":485,"play_id":"157e4c2c-de53-488d-9eb7-0f73c981ab9d","local_time":"20180531204234","is_prod":false,"is_daily":false,"chose_seed":false,"is_ascension_mode":true,"campfire_upgraded":0,"win_rate":0,"timestamp":1527824554,"campfire_choices":[{"floor":6,"key":"REST"},{"floor":10,"key":"REST"},{"floor":15,"key":"REST"},{"floor":23,"key":"REST"},{"floor":25,"key":"REST"},{"floor":27,"key":"REST"},{"floor":32,"key":"REST"},{"floor":40,"key":"REST"}],"path_taken":["M","M","?","M","?","R","E","M","T","R","M","$","M","?","R","BOSS","M","M","$","?","M","R","E","R","T","R","E","$","M","M","R","BOSS","M","$","?","?","M","R","?","BOSS"],"build_version":"2018-05-30v2","seed_source_timestamp":1959577045264071,"purchased_purges":4,"victory":false,"master_deck":["Survivor+1","Neutralize","Deadly Poison","Flying Knee","Poisoned Stab","Infinite Blades+1","Deadly Poison","Venomology","Poisoned Stab","Well Laid Plans","Deflect","After Image","Bouncing Flask","Well Laid Plans","Prepared","Dodge and Roll","Poisoned Stab","Necronomicurse","Infinite Blades","Bouncing Flask","Tools of the Trade","Noxious Fumes","Infinite Blades","Outmaneuver","After Image","Bane","Footwork","Terror","Dodge and Roll","Expertise","Caltrops","Dodge and Roll","Accuracy","Madness","Madness","Reflex+1"],"max_hp_per_floor":[70,70,70,70,70,70,70,70,70,70,70,70,70,70,70,70,75,75,75,75,75,75,75,75,75,75,75,75,75,75,75,75,75,75,75,75,75,75,75,75,75,75],"relics":["Ring of the Snake","Golden Idol","War Paint","Mercury Hourglass","Juzu Bracelet","Tiny House","Necronomicon","Ice Cream","Regal Pillow","Boot","Pandora\u0027s Box"],"card_choices":[{"not_picked":["Masterful Stab","Blur"],"picked":"Deadly Poison","floor":1},{"not_picked":["Dash","Leg Sweep"],"picked":"Flying Knee","floor":2},{"not_picked":["Bane","Outmaneuver"],"picked":"Poisoned Stab","floor":4},{"not_picked":["Slice","PiercingWail"],"picked":"Infinite Blades","floor":5},{"not_picked":["Underhanded Strike","Dagger Spray"],"picked":"Deadly Poison","floor":7},{"not_picked":["Bane","Dagger Spray"],"picked":"Venomology","floor":8},{"not_picked":["Escape Plan","Malaise"],"picked":"Poisoned Stab","floor":11},{"not_picked":["Bane","Flechettes"],"picked":"Deflect","floor":13},{"not_picked":["Adrenaline","Tools of the Trade"],"picked":"After Image","floor":16},{"not_picked":["Escape Plan","Prepared"],"picked":"Bouncing Flask","floor":17},{"not_picked":["Malaise","Heel Hook"],"picked":"Well Laid Plans","floor":18},{"not_picked":["Slice+1","Flying Knee"],"picked":"Prepared","floor":19},{"not_picked":["Prepared","Slice"],"picked":"Infinite Blades","floor":22},{"not_picked":["Backflip","Skewer+1"],"picked":"Bouncing Flask","floor":24},{"not_picked":["Bane","Choke"],"picked":"Tools of the Trade","floor":28},{"not_picked":["Underhanded Strike","Slice"],"picked":"Infinite Blades","floor":30},{"not_picked":["Quick Slash+1","Dagger Spray+1"],"picked":"Outmaneuver","floor":31},{"not_picked":["Burst","A Thousand Cuts"],"picked":"After Image","floor":33},{"not_picked":["Escape Plan","Sucker Punch+1"],"picked":"Dodge and Roll","floor":35},{"not_picked":["Heel Hook","Bane+1"],"picked":"Reflex+1","floor":39}],"player_experience":92536,"potions_floor_usage":[5,11,13,16,16,16,18,22,22,24,28,28,28,33,33,33,33,39,42],"damage_taken":[{"damage":0,"enemies":"2 Louse","floor":1,"turns":3},{"damage":0,"enemies":"Jaw Worm","floor":2,"turns":5},{"damage":1,"enemies":"Cultist","floor":4,"turns":4},{"damage":21,"enemies":"Gremlin Gang","floor":5,"turns":4},{"damage":32,"enemies":"Gremlin Nob","floor":7,"turns":4},{"damage":8,"enemies":"Blue Slaver","floor":8,"turns":3},{"damage":5,"enemies":"Large Slime","floor":11,"turns":6},{"damage":10,"enemies":"Exordium Thugs","floor":13,"turns":4},{"damage":43,"enemies":"Slime Boss","floor":16,"turns":9},{"damage":23,"enemies":"2 Thieves","floor":18,"turns":4},{"damage":15,"enemies":"3 Byrds","floor":19,"turns":6},{"damage":5,"enemies":"Snake Plant","floor":22,"turns":4},{"damage":22,"enemies":"Book of Stabbing","floor":24,"turns":6},{"damage":27,"enemies":"Slavers","floor":28,"turns":6},{"damage":27,"enemies":"3 Cultists","floor":30,"turns":5},{"damage":16,"enemies":"Chosen and Byrds","floor":31,"turns":5},{"damage":20,"enemies":"Automaton","floor":33,"turns":9},{"damage":41,"enemies":"3 Darklings","floor":35,"turns":6},{"damage":21,"enemies":"Orb Walker","floor":39,"turns":4},{"damage":64,"enemies":"Time Eater","floor":42,"turns":3}],"relics_obtained":[{"floor":7,"key":"War Paint"},{"floor":9,"key":"Mercury Hourglass"},{"floor":21,"key":"Necronomicon"},{"floor":24,"key":"Ice Cream"},{"floor":26,"key":"Regal Pillow"},{"floor":28,"key":"Boot"}],"event_choices":[{"event_name":"Golden Idol","player_choice":"Take Wound","floor":3,"damage_taken":0},{"event_name":"Dead Adventurer","player_choice":"Searched \u00273\u0027 times","floor":14,"damage_taken":0},{"event_name":"Cursed Tome","player_choice":"Obtained Book","floor":21,"damage_taken":0},{"event_name":"Winding Halls","player_choice":"Embrace Madness","floor":38,"damage_taken":0},{"event_name":"SecretPortal","player_choice":"Took Portal.","floor":41,"damage_taken":0}],"boss_relics":[{"not_picked":["Sozu","Calling Bell"],"picked":"Tiny House"},{"not_picked":["Philosopher\u0027s Stone","Snecko Eye"],"picked":"Pandora\u0027s Box"}],"items_purged_floors":[12,20,29,36],"potions_floor_spawned":[1,5,11,16,19,24,30,39],"seed_played":"1619643435683474510","killed_by":"Time Eater","ascension_level":1,"potions_obtained":[{"floor":1,"key":"Energy Potion"},{"floor":5,"key":"Regen Potion"},{"floor":11,"key":"Dexterity Potion"},{"floor":16,"key":"GhostInAJar"},{"floor":17,"key":"Weak Potion"},{"floor":19,"key":"Explosive Potion"},{"floor":24,"key":"EssenceOfSteel"},{"floor":30,"key":"Strength Potion"},{"floor":39,"key":"SteroidPotion"}],"is_trial":false}