{"gold_per_floor":[209,229,229,229,27,66,66,101,138,150,198,226,258,289,301,313],"floor_reached":16,"playtime":1129,"items_purged":[],"score":206,"play_id":"77c258cc-6f99-4905-8a58-cef174c7001a","local_time":"20181110211757","is_ascension_mode":true,"campfire_choices":[{"floor":7,"key":"REST"},{"floor":15,"key":"REST"}],"neow_cost":"NONE","seed_source_timestamp":525314847814488,"circlet_count":0,"master_deck":["Strike_R","Strike_R","Strike_R","Strike_R","Strike_R","Defend_R","Defend_R","Defend_R","Defend_R","Bash","Bloodletting","Twin Strike","Regret","Spot Weakness","Pummel","Shrug It Off+1","Thunderclap","Havoc+1","True Grit+1"],"relics":["Burning Blood","Red Skull","Golden Idol","Sling","Boot","MawBank","Oddly Smooth Stone","Toxic Egg 2","Mango"],"potions_floor_usage":[6,8,8,8,8,14],"damage_taken":[{"damage":0,"enemies":"Small Slimes","floor":1,"turns":3},{"damage":10,"enemies":"2 Louse","floor":2,"turns":3},{"damage":31,"enemies":"3 Sentries","floor":6,"turns":7},{"damage":0,"enemies":"Gremlin Nob","floor":8,"turns":2},{"damage":19,"enemies":"3 Sentries","floor":11,"turns":5},{"damage":12,"enemies":"Jaw Worm","floor":12,"turns":2},{"damage":14,"enemies":"Gremlin Gang","floor":13,"turns":3},{"damage":7,"enemies":"Red Slaver","floor":14,"turns":4},{"damage":82,"enemies":"Hexaghost","floor":16,"turns":11}],"seed_played":"1706420858809019748","potions_obtained":[{"floor":1,"key":"Strength Potion"},{"floor":6,"key":"EntropicBrew"},{"floor":11,"key":"Ancient Potion"},{"floor":13,"key":"Fruit Juice"}],"is_trial":false,"path_per_floor":["M","M","?","?","$","E","R","E","T","T","E","M","M","M","R","B"],"character_chosen":"IRONCLAD","items_purchased":["Sling"],"campfire_rested":2,"item_purchase_floors":[5],"current_hp_per_floor":[80,76,76,56,56,31,55,61,61,61,62,56,48,52,81,0],"gold":313,"neow_bonus":"HUNDRED_GOLD","is_prod":false,"is_daily":false,"chose_seed":false,"campfire_upgraded":0,"win_rate":0,"timestamp":1541913477,"path_taken":["M","M","?","?","$","E","R","E","T","?","E","M","?","M","R","BOSS"],"build_version":"2018-11-08","purchased_purges":0,"victory":false,"max_hp_per_floor":[80,80,80,80,80,80,80,80,80,80,94,94,94,99,99,99],"card_choices":[{"not_picked":["Reckless Charge","Whirlwind"],"picked":"Bloodletting","floor":1},{"not_picked":["True Grit","Whirlwind"],"picked":"Twin Strike","floor":2},{"not_picked":["Dark Embrace","Perfected Strike"],"picked":"Spot Weakness","floor":6},{"not_picked":["Ghostly Armor","Thunderclap"],"picked":"Pummel","floor":8},{"not_picked":["Wild Strike","Flame Barrier+1"],"picked":"Shrug It Off+1","floor":11},{"not_picked":["Warcry+1","Clash"],"picked":"Thunderclap","floor":12},{"not_picked":["Wild Strike","Warcry+1"],"picked":"Havoc+1","floor":13},{"not_picked":["Dual Wield+1","Clothesline"],"picked":"True Grit+1","floor":14}],"player_experience":223262,"relics_obtained":[{"floor":6,"key":"Boot"},{"floor":8,"key":"MawBank"},{"floor":9,"key":"Oddly Smooth Stone"},{"floor":10,"key":"Toxic Egg 2"},{"floor":11,"key":"Mango"}],"event_choices":[{"damage_healed":0,"gold_gain":0,"player_choice":"Box","damage_taken":0,"relics_obtained":["Red Skull"],"max_hp_gain":0,"max_hp_loss":0,"event_name":"Big Fish","floor":3,"gold_loss":0,"cards_obtained":["Regret"]},{"damage_healed":0,"gold_gain":0,"player_choice":"Take Damage","damage_taken":20,"relics_obtained":["Golden Idol"],"max_hp_gain":0,"max_hp_loss":0,"event_name":"Golden Idol","floor":4,"gold_loss":0}],"is_beta":true,"boss_relics":[],"items_purged_floors":[],"is_endless":false,"potions_floor_spawned":[1,6,11,13],"killed_by":"Hexaghost","ascension_level":5}