{"gold_per_floor":[109,109,129,129,17,43,59,59,59,93,103,103,103,123,123,225,225,242,253,263,275,294,294],"floor_reached":23,"playtime":1338,"items_purged":["Strike_R"],"score":205,"play_id":"053936e2-9913-4757-a80c-3a965c1ec9df","local_time":"20190901075502","is_ascension_mode":false,"campfire_choices":[{"floor":8.0,"key":"REST"},{"floor":13.0,"key":"REST"},{"data":"Armaments","floor":15.0,"key":"SMITH"}],"neow_cost":"NONE","seed_source_timestamp":0,"circlet_count":0,"master_deck":["Strike_R","Strike_R","Strike_R","Defend_R","Defend_R","Defend_R","Defend_R","Bash","Flex","Inflame","Dark Embrace","Armaments+1","Flame Barrier","Sever Soul","Sword Boomerang","Demon Form","Headbutt+1","True Grit","Shrug It Off","Heavy Blade+1","Reaper"],"special_seed":0,"relics":["Burning Blood","Darkstone Periapt","Paper Frog","Mercury Hourglass","Bronze Scales","Velvet Choker"],"potions_floor_usage":[],"damage_taken":[{"damage":9.0,"enemies":"2 Louse","floor":1.0,"turns":4.0},{"damage":4.0,"enemies":"Cultist","floor":3.0,"turns":3.0},{"damage":46.0,"enemies":"3 Sentries","floor":6.0,"turns":14.0},{"damage":3.0,"enemies":"Jaw Worm","floor":7.0,"turns":6.0},{"damage":35.0,"enemies":"Gremlin Nob","floor":10.0,"turns":5.0},{"damage":10.0,"enemies":"Lots of Slimes","floor":11.0,"turns":3.0},{"damage":17.0,"enemies":"Looter","floor":14.0,"turns":3.0},{"damage":24.0,"enemies":"Slime Boss","floor":16.0,"turns":7.0},{"damage":18.0,"enemies":"Shell Parasite","floor":18.0,"turns":4.0},{"damage":10.0,"enemies":"3 Byrds","floor":19.0,"turns":3.0},{"damage":25.0,"enemies":"3 Cultists","floor":20.0,"turns":5.0},{"damage":12.0,"enemies":"Snake Plant","floor":21.0,"turns":3.0},{"damage":30.0,"enemies":"Centurion and Healer","floor":22.0,"turns":5.0},{"damage":36,"enemies":"Gremlin Leader","floor":23,"turns":4}],"seed_played":"223299937064048066","potions_obtained":[{"floor":6.0,"key":"Dexterity Potion"},{"floor":10.0,"key":"Poison Potion"},{"floor":11.0,"key":"Energy Potion"},{"floor":14.0,"key":"Fire Potion"},{"floor":16.0,"key":"EssenceOfSteel"},{"floor":18.0,"key":"AttackPotion"},{"floor":20.0,"key":"SneckoOil"}],"is_trial":false,"path_per_floor":["M","?","M","?","$","E","M","R","T","E","M","?","R","M","R","B",null,"M","M","M","M","M","E"],"character_chosen":"IRONCLAD","items_purchased":["Inflame"],"campfire_rested":2,"item_purchase_floors":[5],"current_hp_per_floor":[77,77,79,80,80,40,43,67,67,38,34,34,58,47,47,29,80,68,64,45,39,15,0],"gold":294,"neow_bonus":"REMOVE_CARD","is_prod":false,"is_daily":false,"chose_seed":false,"campfire_upgraded":1,"win_rate":0.0,"timestamp":1567349702,"path_taken":["M","?","?","?","$","E","M","R","T","E","?","?","R","M","R","BOSS","M","M","M","M","M","E"],"build_version":"2019-07-17","purchased_purges":1,"victory":false,"max_hp_per_floor":[80,80,80,80,80,80,80,80,80,80,80,80,80,80,80,80,80,80,80,80,80,80,80],"card_choices":[{"not_picked":["True Grit","Sword Boomerang"],"picked":"Shockwave","floor":1.0},{"not_picked":["Second Wind","Headbutt"],"picked":"Flex","floor":3.0},{"not_picked":["Second Wind","Intimidate"],"picked":"Dark Embrace","floor":6.0},{"not_picked":["Hemokinesis","Ghostly Armor"],"picked":"Armaments","floor":7.0},{"not_picked":["Shrug It Off","Hemokinesis"],"picked":"Flame Barrier","floor":10.0},{"not_picked":["Armaments","Flex"],"picked":"Sever Soul","floor":11.0},{"not_picked":["Searing Blow","Sever Soul"],"picked":"Sword Boomerang","floor":14.0},{"not_picked":["Offering","Bludgeon"],"picked":"Demon Form","floor":16.0},{"not_picked":["Carnage","Iron Wave"],"picked":"Headbutt+1","floor":18.0},{"not_picked":["Body Slam","Headbutt"],"picked":"True Grit","floor":19.0},{"not_picked":["Perfected Strike","Flame Barrier+1"],"picked":"Shrug It Off","floor":20.0},{"not_picked":["Rampage+1","Burning Pact"],"picked":"Heavy Blade+1","floor":21.0},{"not_picked":["Warcry","Sword Boomerang"],"picked":"Reaper","floor":22}],"player_experience":15724,"relics_obtained":[{"floor":6.0,"key":"Darkstone Periapt"},{"floor":9.0,"key":"Paper Frog"},{"floor":10.0,"key":"Mercury Hourglass"}],"event_choices":[{"damage_healed":0.0,"max_hp_gain":0.0,"max_hp_loss":0.0,"gold_gain":0.0,"event_name":"Upgrade Shrine","player_choice":"Upgraded","floor":2.0,"gold_loss":0.0,"damage_taken":0.0,"cards_upgraded":["Shockwave"]},{"cards_removed":["Shockwave"],"damage_healed":1.0,"max_hp_gain":0.0,"max_hp_loss":0.0,"gold_gain":0.0,"event_name":"Bonfire Elementals","player_choice":"Offered Uncommon","floor":4.0,"gold_loss":0.0,"damage_taken":0.0},{"damage_healed":0.0,"max_hp_gain":0.0,"max_hp_loss":0.0,"gold_gain":0.0,"event_name":"WeMeetAgain","player_choice":"Gave Potion","floor":12.0,"gold_loss":0.0,"damage_taken":0.0,"relics_obtained":["Bronze Scales"]}],"is_beta":false,"boss_relics":[{"not_picked":["Lizard Tail","Calling Bell"],"picked":"Velvet Choker"}],"items_purged_floors":[5],"is_endless":false,"potions_floor_spawned":[6,10,11,14,16,18,20],"killed_by":"Gremlin Leader","ascension_level":0}