{"gold_per_floor":[112,122,134,22,22,65,78,97,97,170,170,170,170,188,188,311,311,331,349,11,11,29,29,53,53,80,93,56,81,81],"floor_reached":30,"playtime":1171,"items_purged":["Strike_R","Strike_R"],"score":244,"play_id":"6bf0b6f3-c2a2-47e4-a8b9-43524d986c2f","local_time":"20190901194043","is_ascension_mode":false,"campfire_choices":[{"floor":13.0,"key":"REST"},{"data":"Armaments","floor":15.0,"key":"SMITH"},{"data":"Whirlwind","floor":23,"key":"SMITH"}],"neow_cost":"NONE","seed_source_timestamp":0,"circlet_count":0,"master_deck":["Strike_R+1","Strike_R","Strike_R","Defend_R","Defend_R","Defend_R","Defend_R","Bash+1","Inflame+1","Whirlwind+1","Armaments+1","Combust","Cleave","Evolve","Twin Strike","Uppercut+1","Rupture","Berserk","Spot Weakness","Rupture","Flex","Pummel+1","Iron Wave+1","Shame","Shrug It Off","Spot Weakness","Thunderclap+1"],"special_seed":0,"relics":["Burning Blood","NeowsBlessing","Golden Idol","Whetstone","Meat on the Bone","Molten Egg 2","Mercury Hourglass","Sozu","Pen Nib","Lantern","Blood Vial"],"potions_floor_usage":[],"damage_taken":[{"damage":0.0,"enemies":"Cultist","floor":1.0,"turns":1.0},{"damage":0.0,"enemies":"Jaw Worm","floor":2.0,"turns":1.0},{"damage":0.0,"enemies":"2 Louse","floor":3.0,"turns":1.0},{"damage":13.0,"enemies":"Gremlin Nob","floor":6.0,"turns":3.0},{"damage":13.0,"enemies":"Red Slaver","floor":7.0,"turns":3.0},{"damage":10.0,"enemies":"Blue Slaver","floor":8.0,"turns":3.0},{"damage":32.0,"enemies":"Gremlin Nob","floor":10.0,"turns":4.0},{"damage":0.0,"enemies":"3 Sentries","floor":11.0,"turns":1.0},{"damage":10.0,"enemies":"Exordium Wildlife","floor":14.0,"turns":2.0},{"damage":39.0,"enemies":"The Guardian","floor":16.0,"turns":7.0},{"damage":6,"enemies":"3 Byrds","floor":18,"turns":3},{"damage":12,"enemies":"Chosen","floor":19,"turns":4},{"damage":11,"enemies":"Centurion and Healer","floor":22,"turns":4},{"damage":37,"enemies":"Chosen and Byrds","floor":24,"turns":4},{"damage":18,"enemies":"Cultist and Chosen","floor":27,"turns":5},{"damage":43,"enemies":"Snake Plant","floor":29,"turns":4},{"damage":39,"enemies":"Slavers","floor":30,"turns":1}],"seed_played":"9064091566334304387","potions_obtained":[{"floor":1.0,"key":"FearPotion"},{"floor":2.0,"key":"AttackPotion"},{"floor":3.0,"key":"SmokeBomb"},{"floor":6.0,"key":"SkillPotion"},{"floor":14.0,"key":"Energy Potion"}],"is_trial":false,"path_per_floor":["M","M","M","$","?","E","M","M","T","?","E","T","R","M","R","B",null,"M","M","$","?","M","R","M","?","T","M","$","M","E"],"character_chosen":"IRONCLAD","items_purchased":["Combust","Rupture","Flex","Pen Nib","Spot Weakness"],"campfire_rested":1,"item_purchase_floors":[4,20,20,20,28],"current_hp_per_floor":[80,80,80,80,60,53,46,42,42,28,46,46,70,66,66,45,80,80,74,74,74,69,69,50,50,50,52,52,29,0],"gold":81,"neow_bonus":"THREE_ENEMY_KILL","is_prod":false,"is_daily":false,"chose_seed":false,"campfire_upgraded":2,"win_rate":0.0,"timestamp":1567392043,"path_taken":["M","?","M","$","?","E","M","M","T","?","E","?","R","M","R","BOSS","M","M","$","?","?","R","M","?","T","M","?","?","E"],"build_version":"2019-07-17","purchased_purges":2,"victory":false,"max_hp_per_floor":[80,80,80,80,80,80,80,80,80,80,80,80,80,80,80,80,80,80,80,80,80,80,80,80,80,80,80,80,80,80],"card_choices":[{"not_picked":["Bloodletting","Heavy Blade"],"picked":"Inflame","floor":1.0},{"not_picked":["Flex","Clash"],"picked":"Whirlwind","floor":2.0},{"not_picked":["Sever Soul","Shockwave"],"picked":"Armaments","floor":3.0},{"not_picked":["Sword Boomerang","Rampage"],"picked":"Cleave","floor":6.0},{"not_picked":["Infernal Blade","Sword Boomerang"],"picked":"Evolve","floor":7.0},{"not_picked":["Armaments","Intimidate"],"picked":"Twin Strike","floor":8.0},{"not_picked":["Blood for Blood+1","Clothesline+1"],"picked":"Uppercut+1","floor":10.0},{"not_picked":["Anger+1","Feel No Pain"],"picked":"Rupture","floor":14.0},{"not_picked":["Offering","Double Tap"],"picked":"Berserk","floor":16.0},{"not_picked":["Body Slam+1","Warcry+1"],"picked":"Spot Weakness","floor":18},{"not_picked":["Metallicize","Clash+1","Sword Boomerang+1"],"picked":"SKIP","floor":19},{"not_picked":["Blood for Blood+1","Body Slam+1"],"picked":"Pummel+1","floor":22},{"not_picked":["Ghostly Armor","Blood for Blood+1"],"picked":"Iron Wave+1","floor":24},{"not_picked":["Thunderclap+1","Intimidate"],"picked":"Shrug It Off","floor":27},{"not_picked":["Wild Strike+1","Shockwave"],"picked":"Thunderclap+1","floor":29}],"player_experience":27368,"relics_obtained":[{"floor":6.0,"key":"Whetstone"},{"floor":9.0,"key":"Meat on the Bone"},{"floor":12.0,"key":"Mercury Hourglass"},{"floor":26,"key":"Blood Vial"}],"event_choices":[{"damage_healed":0.0,"max_hp_gain":0.0,"max_hp_loss":0.0,"gold_gain":0.0,"event_name":"Golden Idol","player_choice":"Take Damage","floor":5.0,"gold_loss":0.0,"damage_taken":20.0,"relics_obtained":["Golden Idol"]},{"damage_healed":0.0,"max_hp_gain":0.0,"max_hp_loss":0.0,"gold_gain":30.0,"event_name":"Dead Adventurer","player_choice":"Searched \u00273\u0027 times","floor":10.0,"gold_loss":0.0,"damage_taken":0.0,"relics_obtained":["Molten Egg 2"]},{"damage_healed":0,"gold_gain":0,"player_choice":"Upgraded","damage_taken":0,"max_hp_gain":0,"max_hp_loss":0,"event_name":"Upgrade Shrine","floor":21,"gold_loss":0,"cards_upgraded":["Inflame"]},{"damage_healed":0,"gold_gain":0,"player_choice":"Stole Relic","damage_taken":0,"relics_obtained":["Lantern"],"max_hp_gain":0,"max_hp_loss":0,"event_name":"Addict","floor":25,"gold_loss":0,"cards_obtained":["Shame"]}],"is_beta":false,"boss_relics":[{"not_picked":["Runic Cube","Tiny House"],"picked":"Sozu"}],"items_purged_floors":[4,20],"is_endless":false,"potions_floor_spawned":[1,2,3,6,14,18,22,27,29],"killed_by":"Slavers","ascension_level":0}