{"gold_per_floor":[359,359,375,104,124,124,151,161,161,161],"floor_reached":10,"playtime":645,"items_purged":["Decay"],"score":82,"play_id":"373eedf7-7637-42b1-ad12-38a3e6163412","local_time":"20181028212739","is_ascension_mode":true,"campfire_choices":[{"floor":6,"key":"REST"}],"neow_cost":"CURSE","seed_source_timestamp":353591502194205,"circlet_count":0,"master_deck":["Strike_B","Strike_B","Strike_B","Strike_B+1","Defend_B","Defend_B","Defend_B","Defend_B","Zap","Dualcast","Gash+1","Redo","Self Repair","FTL","Leap","Chill","Beam Cell","Hello World"],"relics":["Cracked Core","Bottled Tornado","Bottled Lightning"],"potions_floor_usage":[10],"damage_taken":[{"damage":12,"enemies":"Jaw Worm","floor":1,"turns":3},{"damage":6,"enemies":"2 Louse","floor":3,"turns":2},{"damage":0,"enemies":"Cultist","floor":5,"turns":2},{"damage":36,"enemies":"Lagavulin","floor":7,"turns":7},{"damage":24,"enemies":"Exordium Thugs","floor":8,"turns":5},{"damage":34,"enemies":"Gremlin Nob","floor":10,"turns":3}],"seed_played":"5256746863980321346","potions_obtained":[{"floor":7,"key":"Ancient Potion"},{"floor":8,"key":"Swift Potion"}],"is_trial":false,"path_per_floor":["M","?","M","$","M","R","E","M","T"],"character_chosen":"DEFECT","items_purchased":["Self Repair","FTL","Leap"],"campfire_rested":1,"item_purchase_floors":[4,4,4],"current_hp_per_floor":[63,48,42,42,49,71,42,25,25,0],"gold":161,"neow_bonus":"TWO_FIFTY_GOLD","is_prod":false,"is_daily":false,"chose_seed":false,"campfire_upgraded":0,"win_rate":0,"timestamp":1540787259,"path_taken":["M","?","M","?","M","R","E","M","T","E"],"build_version":"2018-10-25v2","purchased_purges":1,"victory":false,"max_hp_per_floor":[75,75,75,75,75,75,75,75,75,75],"card_choices":[{"not_picked":["Reprogram","Steam"],"picked":"Gash","floor":1},{"not_picked":["Stack","Rebound"],"picked":"Redo","floor":3},{"not_picked":["Turbo","Stack"],"picked":"Chill","floor":5},{"not_picked":["Auto Shields","Darkness"],"picked":"Beam Cell","floor":7},{"not_picked":["Rip and Tear","Stack"],"picked":"Hello World","floor":8}],"player_experience":219723,"relics_obtained":[{"floor":7,"key":"Bottled Tornado"},{"floor":9,"key":"Bottled Lightning"}],"event_choices":[{"damage_healed":0,"gold_gain":0,"player_choice":"Entered Light","damage_taken":15,"max_hp_gain":0,"max_hp_loss":0,"event_name":"Shining Light","floor":2,"gold_loss":0,"cards_upgraded":["Strike_B","Gash"]}],"is_beta":true,"boss_relics":[],"items_purged_floors":[4],"is_endless":false,"potions_floor_spawned":[7,8],"killed_by":"Gremlin Nob","ascension_level":4}