{"gold_per_floor":[114,114,39,58,35,47,47,1,56,56,69,69,69,89,89,189,189,201,201,201,213,224,255,270,270,270,281,281,315,315,326,326,428,428,441,461,461,473,373,373,373,0,0,0,12,12,12,31,31,31],"floor_reached":50,"playtime":2844,"items_purged":["Strike_R","Carnage+1"],"score":572,"play_id":"eba75655-f94d-4de9-bbe6-5afdcca6650c","local_time":"20190901204146","is_ascension_mode":false,"campfire_choices":[{"data":"Strike_R","floor":7,"key":"PURGE"},{"data":"Strike_R","floor":10,"key":"PURGE"},{"data":"Strike_R","floor":13,"key":"PURGE"},{"data":"Barricade","floor":15,"key":"SMITH"},{"data":"Defend_R","floor":25,"key":"PURGE"},{"data":"Whirlwind","floor":28,"key":"SMITH"},{"data":"Anger","floor":30,"key":"SMITH"},{"data":"Anger+1","floor":32,"key":"PURGE"},{"data":"Writhe","floor":40,"key":"PURGE"},{"data":"Metallicize","floor":44,"key":"SMITH"},{"data":"Body Slam","floor":46,"key":"SMITH"},{"data":"Impervious","floor":49,"key":"SMITH"}],"neow_cost":"TEN_PERCENT_HP_LOSS","seed_source_timestamp":98287393331942,"circlet_count":0,"master_deck":["Defend_R","Defend_R","Defend_R","Bash","Metallicize+1","Whirlwind+1","Cleave","Shrug It Off","Barricade+1","Evolve","Impervious+1","Flame Barrier+1","Battle Trance+1","Metallicize+1","Entrench+1","Headbutt","Iron Wave","Impervious+1","Body Slam+1","Inflame","Ghostly Armor+1","Body Slam+1","Dual Wield+1"],"relics":["Burning Blood","Peace Pipe","Bronze Scales","Snecko Eye","Toxic Egg 2","Bottled Lightning","Orichalcum","Orrery","Red Mask","Self Forming Clay"],"potions_floor_usage":[6,11,23,33,33,33,50,50],"damage_taken":[{"damage":13,"enemies":"Jaw Worm","floor":1,"turns":3},{"damage":17,"enemies":"2 Louse","floor":4,"turns":3},{"damage":5,"enemies":"Small Slimes","floor":6,"turns":3},{"damage":9,"enemies":"Exordium Thugs","floor":11,"turns":4},{"damage":2,"enemies":"2 Fungi Beasts","floor":14,"turns":6},{"damage":33,"enemies":"The Guardian","floor":16,"turns":21},{"damage":0,"enemies":"Spheric Guardian","floor":18,"turns":5},{"damage":0,"enemies":"3 Byrds","floor":21,"turns":3},{"damage":0,"enemies":"Sentry and Sphere","floor":22,"turns":5},{"damage":0,"enemies":"Gremlin Leader","floor":23,"turns":7},{"damage":0,"enemies":"Centurion and Healer","floor":24,"turns":12},{"damage":0,"enemies":"Snecko","floor":27,"turns":11},{"damage":9,"enemies":"Slavers","floor":29,"turns":3},{"damage":23,"enemies":"Shelled Parasite and Fungi","floor":31,"turns":7},{"damage":0,"enemies":"Champ","floor":33,"turns":19},{"damage":0,"enemies":"Orb Walker","floor":35,"turns":4},{"damage":6,"enemies":"3 Shapes","floor":36,"turns":3},{"damage":30,"enemies":"Sphere and 2 Shapes","floor":38,"turns":6},{"damage":0,"enemies":"Jaw Worm Horde","floor":45,"turns":4},{"damage":0,"enemies":"4 Shapes","floor":48,"turns":4},{"damage":73,"enemies":"Awakened One","floor":50,"turns":4}],"seed_played":"4364821943356000240","potions_obtained":[{"floor":4,"key":"AttackPotion"},{"floor":6,"key":"Fruit Juice"},{"floor":22,"key":"SpeedPotion"},{"floor":24,"key":"SpeedPotion"},{"floor":29,"key":"Strength Potion"},{"floor":31,"key":"FearPotion"},{"floor":36,"key":"Ancient Potion"},{"floor":48,"key":"Ancient Potion"}],"is_trial":false,"path_per_floor":["M","?","$","M","?","M","R","$","T","R","M","?","R","M","R","B",null,"M","?","?","M","M","E","M","R","T","M","R","E","R","M","R","B",null,"M","M","?","M","$","R","?","?","T","R","M","R","$","M","R","B"],"character_chosen":"IRONCLAD","items_purchased":["Shrug It Off"],"campfire_rested":0,"item_purchase_floors":[8],"current_hp_per_floor":[65,58,58,47,47,53,53,53,53,53,50,50,50,54,54,27,77,77,63,63,69,75,81,82,82,82,82,82,79,79,62,62,68,82,82,82,82,58,58,58,58,58,58,58,64,64,64,70,70,0],"gold":31,"neow_bonus":"ONE_RARE_RELIC","is_prod":false,"is_daily":false,"chose_seed":false,"campfire_upgraded":6,"win_rate":0.0,"timestamp":1567395706,"path_taken":["M","?","$","M","?","M","R","?","T","R","M","?","R","M","R","BOSS","M","?","?","M","M","E","M","R","T","M","R","E","R","M","R","BOSS","M","M","?","M","$","R","?","?","T","R","M","R","$","M","R","BOSS"],"build_version":"2019-07-17","purchased_purges":2,"victory":false,"max_hp_per_floor":[72,72,72,72,72,77,77,77,77,77,77,77,77,77,77,77,77,77,82,82,82,82,82,82,82,82,82,82,82,82,82,82,82,82,82,82,82,82,82,82,82,82,82,82,82,82,82,82,82,82],"card_choices":[{"not_picked":["Anger","Headbutt"],"picked":"Metallicize","floor":1},{"not_picked":["Wild Strike","Heavy Blade"],"picked":"Whirlwind","floor":4},{"not_picked":["Reckless Charge","Sword Boomerang"],"picked":"Cleave","floor":6},{"not_picked":["Shrug It Off","Rage"],"picked":"Barricade","floor":11},{"not_picked":["Shockwave","Clash"],"picked":"Evolve","floor":14},{"not_picked":["Barricade","Dark Embrace"],"picked":"Impervious","floor":16},{"not_picked":["Heavy Blade","Reckless Charge+1"],"picked":"Flame Barrier+1","floor":18},{"not_picked":["Warcry","Iron Wave+1"],"picked":"Battle Trance+1","floor":21},{"not_picked":["Clothesline","Sword Boomerang"],"picked":"Metallicize+1","floor":22},{"not_picked":["Barricade","Havoc+1","Shockwave"],"picked":"SKIP","floor":23},{"not_picked":["Body Slam","Shrug It Off+1"],"picked":"Entrench+1","floor":24},{"not_picked":["Hemokinesis","True Grit+1"],"picked":"Headbutt","floor":27},{"not_picked":["Limit Break+1","Flame Barrier+1"],"picked":"Anger","floor":29},{"not_picked":["Headbutt","Thunderclap+1"],"picked":"Iron Wave","floor":31},{"not_picked":["Limit Break+1","Dark Embrace"],"picked":"Impervious+1","floor":33},{"not_picked":["Disarm+1","Entrench+1"],"picked":"Body Slam+1","floor":34},{"not_picked":["Wild Strike","Infernal Blade+1"],"picked":"Inflame","floor":34},{"not_picked":["Headbutt+1","Burning Pact+1"],"picked":"Armaments+1","floor":34},{"not_picked":["Seeing Red+1","Flame Barrier+1"],"picked":"Ghostly Armor+1","floor":34},{"not_picked":["Thunderclap","Bloodletting+1"],"picked":"Carnage+1","floor":34},{"not_picked":["Cleave+1","Pommel Strike","Dropkick"],"picked":"SKIP","floor":35},{"not_picked":["Havoc+1","Flex+1","Intimidate+1"],"picked":"SKIP","floor":36},{"not_picked":["Iron Wave+1","Pommel Strike","Uppercut+1"],"picked":"SKIP","floor":38},{"not_picked":["Headbutt","Perfected Strike"],"picked":"Body Slam","floor":45},{"not_picked":["Sentinel+1","Armaments+1"],"picked":"Dual Wield+1","floor":48}],"player_experience":29332,"relics_obtained":[{"floor":9,"key":"Bronze Scales"},{"floor":23,"key":"Toxic Egg 2"},{"floor":26,"key":"Bottled Lightning"},{"floor":29,"key":"Orichalcum"},{"floor":43,"key":"Self Forming Clay"}],"event_choices":[{"cards_removed":["Strike_R"],"damage_healed":0,"gold_gain":0,"player_choice":"Card Removal","damage_taken":7,"max_hp_gain":0,"max_hp_loss":0,"event_name":"Golden Wing","floor":2,"gold_loss":0},{"damage_healed":0,"gold_gain":0,"player_choice":"Left Gold","damage_taken":0,"max_hp_gain":0,"max_hp_loss":0,"event_name":"World of Goop","floor":5,"gold_loss":23},{"damage_healed":0,"gold_gain":0,"player_choice":"Bought 0 Potions","damage_taken":0,"max_hp_gain":0,"max_hp_loss":0,"event_name":"The Woman in Blue","floor":12,"gold_loss":0},{"damage_healed":0,"gold_gain":0,"player_choice":"Shed Blood","damage_taken":19,"max_hp_gain":5,"max_hp_loss":0,"event_name":"Forgotten Altar","floor":19,"gold_loss":0},{"damage_healed":0,"gold_gain":0,"player_choice":"Ignored","damage_taken":0,"max_hp_gain":0,"max_hp_loss":0,"event_name":"Vampires","floor":20,"gold_loss":0},{"damage_healed":21,"gold_gain":0,"player_choice":"Writhe","damage_taken":0,"max_hp_gain":0,"max_hp_loss":0,"event_name":"Winding Halls","floor":37,"gold_loss":0,"cards_obtained":["Writhe"]},{"cards_removed":["Armaments"],"damage_healed":0,"gold_gain":0,"player_choice":"Removed Skill","damage_taken":0,"max_hp_gain":0,"max_hp_loss":0,"event_name":"Falling","floor":41,"gold_loss":0},{"damage_healed":0,"gold_gain":0,"player_choice":"Paid","damage_taken":0,"relics_obtained":["Red Mask"],"max_hp_gain":0,"max_hp_loss":0,"event_name":"Tomb of Lord Red Mask","floor":42,"gold_loss":373}],"is_beta":false,"boss_relics":[{"not_picked":["Ectoplasm","Empty Cage"],"picked":"Snecko Eye"},{"not_picked":["Runic Cube","Mark of Pain"],"picked":"Orrery"}],"items_purged_floors":[3,39],"is_endless":false,"potions_floor_spawned":[4,6,22,24,29,31,36,45,48],"killed_by":"Awakened One","ascension_level":0}