{"gold_per_floor":[110,110,110,124,74,74,90,108,108,128,128,145,145,161,161,262,262,278,135,135,155,168,168,201,201,201,126,145,0,25,38,38,38],"floor_reached":33,"playtime":1452,"items_purged":["Defend_R"],"score":259,"play_id":"cc288458-4ac6-4864-8446-864352e62884","local_time":"20190831101652","is_ascension_mode":false,"campfire_choices":[{"data":"Twin Strike","floor":6,"key":"SMITH"},{"data":"Flex","floor":11,"key":"SMITH"},{"data":"Limit Break","floor":15,"key":"SMITH"},{"data":"Demon Form","floor":23,"key":"SMITH"},{"data":"Inflame","floor":25,"key":"SMITH"},{"data":"Infernal Blade","floor":32,"key":"SMITH"}],"neow_cost":"NONE","seed_source_timestamp":39606824342883,"circlet_count":0,"master_deck":["Strike_R","Strike_R","Strike_R","Strike_R","Strike_R+1","Bash+1","Twin Strike+1","Cleave","Anger","Flex+1","Sword Boomerang","Iron Wave","Limit Break+1","Demon Form+1","Pummel","Inflame+1","Anger","Infernal Blade+1","Bludgeon","Warcry","Whirlwind"],"relics":["Burning Blood","Bottled Lightning","Coffee Dripper","Champion Belt","Dodecahedron","Anchor"],"potions_floor_usage":[14,16,24],"damage_taken":[{"damage":6,"enemies":"Cultist","floor":1,"turns":3},{"damage":1,"enemies":"2 Louse","floor":4,"turns":2},{"damage":0,"enemies":"Small Slimes","floor":7,"turns":2},{"damage":7,"enemies":"Blue Slaver","floor":8,"turns":2},{"damage":14,"enemies":"Gremlin Gang","floor":10,"turns":3},{"damage":5,"enemies":"Looter","floor":12,"turns":2},{"damage":0,"enemies":"2 Fungi Beasts","floor":14,"turns":2},{"damage":45,"enemies":"Hexaghost","floor":16,"turns":5},{"damage":25,"enemies":"2 Thieves","floor":18,"turns":3},{"damage":27,"enemies":"Shell Parasite","floor":21,"turns":4},{"damage":37,"enemies":"Shelled Parasite and Fungi","floor":22,"turns":4},{"damage":23,"enemies":"Gremlin Leader","floor":24,"turns":5},{"damage":17,"enemies":"Centurion and Healer","floor":28,"turns":4},{"damage":0,"enemies":"Cultist and Chosen","floor":31,"turns":3},{"damage":22,"enemies":"Automaton","floor":33,"turns":2}],"seed_played":"1797518598780152642","potions_obtained":[{"floor":7,"key":"GamblersBrew"},{"floor":8,"key":"GamblersBrew"},{"floor":12,"key":"EssenceOfSteel"},{"floor":14,"key":"Dexterity Potion"},{"floor":22,"key":"BloodPotion"},{"floor":28,"key":"Block Potion"},{"floor":31,"key":"Swift Potion"}],"is_trial":false,"path_per_floor":["M","?","?","M","?","R","M","M","T","M","R","M","?","M","R","B",null,"M","$","?","M","M","R","E","R","T","?","M","?","T","M","R","B"],"character_chosen":"IRONCLAD","items_purchased":["Inflame"],"campfire_rested":0,"item_purchase_floors":[19],"current_hp_per_floor":[88,88,70,75,75,75,81,80,80,72,72,73,73,79,79,40,88,69,69,74,53,22,22,27,27,27,27,16,16,16,22,22,0],"gold":38,"neow_bonus":"TEN_PERCENT_HP_BONUS","is_prod":false,"is_daily":false,"chose_seed":false,"campfire_upgraded":6,"win_rate":0.0,"timestamp":1567271812,"path_taken":["M","?","?","M","?","R","M","M","T","M","R","M","?","?","R","BOSS","M","$","?","?","M","R","E","R","T","?","M","?","?","M","R","BOSS"],"build_version":"2019-07-17","purchased_purges":1,"victory":false,"max_hp_per_floor":[88,88,88,88,88,88,88,88,88,88,88,88,88,88,88,88,88,88,88,88,88,88,88,88,88,88,88,88,88,88,88,88,88],"card_choices":[{"not_picked":["Headbutt","Armaments"],"picked":"Twin Strike","floor":1},{"not_picked":["Shrug It Off","True Grit"],"picked":"Cleave","floor":4},{"not_picked":["Clothesline","Flex"],"picked":"Anger","floor":7},{"not_picked":["Seeing Red","Flame Barrier"],"picked":"Flex","floor":8},{"not_picked":["Flex","Second Wind"],"picked":"Sword Boomerang","floor":10},{"not_picked":["Battle Trance","Dual Wield"],"picked":"Perfected Strike","floor":12},{"not_picked":["Shrug It Off","Twin Strike"],"picked":"Limit Break","floor":14},{"not_picked":["Impervious","Double Tap"],"picked":"Demon Form","floor":16},{"not_picked":["Headbutt","Heavy Blade+1"],"picked":"Pummel","floor":18},{"not_picked":["Sever Soul","Warcry"],"picked":"Anger","floor":21},{"not_picked":["Shrug It Off+1","Burning Pact+1"],"picked":"Infernal Blade","floor":22},{"not_picked":["Clothesline","Combust"],"picked":"Bludgeon","floor":24},{"not_picked":["Shrug It Off","Dual Wield+1"],"picked":"Warcry","floor":28},{"not_picked":["Heavy Blade","Sword Boomerang"],"picked":"Whirlwind","floor":31}],"player_experience":4398,"relics_obtained":[{"floor":9,"key":"Bottled Lightning"},{"floor":24,"key":"Champion Belt"},{"floor":26,"key":"Dodecahedron"},{"floor":30,"key":"Anchor"}],"event_choices":[{"damage_healed":0,"gold_gain":0,"player_choice":"Ignored","damage_taken":0,"max_hp_gain":0,"max_hp_loss":0,"event_name":"Golden Idol","floor":2,"gold_loss":0},{"damage_healed":0,"gold_gain":0,"player_choice":"Entered Light","damage_taken":18,"max_hp_gain":0,"max_hp_loss":0,"event_name":"Shining Light","floor":3,"gold_loss":0,"cards_upgraded":["Bash","Strike_R"]},{"cards_removed":["Defend_R"],"damage_healed":0,"gold_gain":0,"player_choice":"Card Removal","damage_taken":0,"max_hp_gain":0,"max_hp_loss":0,"event_name":"The Cleric","floor":5,"gold_loss":50},{"cards_removed":["Defend_R"],"damage_healed":0,"gold_gain":0,"player_choice":"Took Card","damage_taken":0,"max_hp_gain":0,"max_hp_loss":0,"event_name":"NoteForYourself","floor":13,"gold_loss":0,"cards_obtained":["Iron Wave"]},{"cards_removed":["Perfected Strike"],"damage_healed":5,"gold_gain":0,"player_choice":"Offered Common","damage_taken":0,"max_hp_gain":0,"max_hp_loss":0,"event_name":"Bonfire Elementals","floor":20,"gold_loss":0},{"cards_removed":["Perfected Strike"],"damage_healed":5,"gold_gain":0,"player_choice":"Offered Special","damage_taken":0,"max_hp_gain":0,"max_hp_loss":0,"event_name":"Bonfire Elementals","floor":20,"gold_loss":0},{"cards_removed":["Defend_R"],"damage_healed":0,"gold_gain":0,"player_choice":"Gave Gold","damage_taken":0,"max_hp_gain":0,"max_hp_loss":0,"event_name":"Beggar","floor":27,"gold_loss":75},{"damage_healed":0,"gold_gain":0,"player_choice":"Paid Fearfully","damage_taken":0,"max_hp_gain":0,"max_hp_loss":0,"event_name":"Masked Bandits","floor":29,"gold_loss":145}],"is_beta":false,"boss_relics":[{"not_picked":["Astrolabe","Busted Crown"],"picked":"Coffee Dripper"}],"items_purged_floors":[19],"is_endless":false,"potions_floor_spawned":[7,8,12,14,22,28,31],"killed_by":"Automaton","ascension_level":0}