{"gold_per_floor":[117,192,208,225,225,225,253,253,253,85,99,113,129,154,154,254,254,274,289,289,60,73,73,103,113,138,138,165,165,165,182,182,182],"floor_reached":33,"playtime":2958,"items_purged":["Defend_R","Strike_R"],"score":347,"play_id":"bf949e73-4c52-4574-9fc8-eec61dc6779e","local_time":"20190831161117","is_ascension_mode":false,"campfire_choices":[{"data":"Iron Wave","floor":6,"key":"SMITH"},{"floor":8,"key":"REST"},{"data":"Juggernaut","floor":15,"key":"SMITH"},{"floor":23,"key":"REST"},{"floor":32,"key":"REST"}],"neow_cost":"NONE","seed_source_timestamp":57888090652474,"circlet_count":0,"master_deck":["Defend_R","Defend_R","Defend_R","Bash+1","Heavy Blade","Clothesline","Iron Wave+1","Metallicize","Shrug It Off","Whirlwind","Battle Trance","Juggernaut+1","Barricade","Thunderclap","Armaments","Shrug It Off","Flame Barrier","Uppercut+1","Seeing Red","Bite","Bite","Bite","Bite","Bite","Rampage","Metallicize","Brutality"],"relics":["Burning Blood","FaceOfCleric","Pear","Torii","Fusion Hammer","Enchiridion","Meat on the Bone","Ancient Tea Set","Red Skull"],"potions_floor_usage":[13,13,13],"damage_taken":[{"damage":12,"enemies":"Small Slimes","floor":1,"turns":3},{"damage":6,"enemies":"Cultist","floor":3,"turns":3},{"damage":11,"enemies":"Jaw Worm","floor":4,"turns":3},{"damage":48,"enemies":"Lagavulin","floor":7,"turns":7},{"damage":2,"enemies":"Looter","floor":11,"turns":3},{"damage":10,"enemies":"3 Louse","floor":12,"turns":3},{"damage":0,"enemies":"Lots of Slimes","floor":13,"turns":1},{"damage":19,"enemies":"Gremlin Nob","floor":14,"turns":4},{"damage":15,"enemies":"The Guardian","floor":16,"turns":12},{"damage":15,"enemies":"Spheric Guardian","floor":18,"turns":4},{"damage":2,"enemies":"Chosen","floor":19,"turns":5},{"damage":15,"enemies":"Snake Plant","floor":22,"turns":4},{"damage":8,"enemies":"Book of Stabbing","floor":24,"turns":5},{"damage":11,"enemies":"Snecko","floor":25,"turns":5},{"damage":39,"enemies":"Gremlin Leader","floor":28,"turns":7},{"damage":36,"enemies":"Shelled Parasite and Fungi","floor":31,"turns":3},{"damage":75,"enemies":"Collector","floor":33,"turns":5}],"seed_played":"4285750150021793832","potions_obtained":[{"floor":1,"key":"AttackPotion"},{"floor":7,"key":"Regen Potion"},{"floor":12,"key":"Weak Potion"},{"floor":24,"key":"Ancient Potion"},{"floor":25,"key":"Ancient Potion"}],"is_trial":false,"path_per_floor":["M","?","M","M","?","R","E","R","T","$","M","M","M","E","R","B",null,"M","M","?","$","M","R","E","M","T","?","E","?","?","M","R","B"],"character_chosen":"IRONCLAD","items_purchased":["Metallicize","Shrug It Off","Shrug It Off","Flame Barrier"],"campfire_rested":3,"item_purchase_floors":[10,10,21,21],"current_hp_per_floor":[74,63,63,58,58,58,17,41,51,51,58,57,66,56,56,50,96,88,95,79,79,73,99,98,96,96,96,66,66,45,30,62,0],"gold":182,"neow_bonus":"UPGRADE_CARD","is_prod":false,"is_daily":false,"chose_seed":false,"campfire_upgraded":2,"win_rate":0.0,"timestamp":1567293077,"path_taken":["M","?","M","M","?","R","E","R","T","$","M","M","M","E","R","BOSS","M","?","?","$","M","R","E","M","T","?","E","?","?","M","R","BOSS"],"build_version":"2019-07-17","purchased_purges":2,"victory":false,"max_hp_per_floor":[80,80,80,80,80,80,81,81,91,91,92,93,94,95,95,96,96,97,98,98,98,99,99,100,101,101,101,102,102,107,108,108,108],"card_choices":[{"not_picked":["Disarm","Headbutt"],"picked":"Heavy Blade","floor":1},{"not_picked":["Entrench","True Grit"],"picked":"Clothesline","floor":3},{"not_picked":["Perfected Strike","Cleave"],"picked":"Iron Wave","floor":4},{"not_picked":["Warcry","Bludgeon"],"picked":"Clash","floor":7},{"not_picked":["Iron Wave","Warcry"],"picked":"Whirlwind","floor":11},{"not_picked":["Warcry","Shockwave"],"picked":"Battle Trance","floor":12},{"not_picked":["Metallicize","Armaments"],"picked":"Juggernaut","floor":13},{"not_picked":["Dropkick","Heavy Blade"],"picked":"Feel No Pain","floor":14},{"not_picked":["Feed","Offering"],"picked":"Barricade","floor":16},{"not_picked":["Perfected Strike","Twin Strike+1"],"picked":"Thunderclap","floor":18},{"not_picked":["Battle Trance+1","Anger"],"picked":"Armaments","floor":19},{"not_picked":["Warcry","Berserk"],"picked":"Uppercut+1","floor":22},{"not_picked":["Pommel Strike","Heavy Blade"],"picked":"Seeing Red","floor":24},{"not_picked":["Sever Soul","Thunderclap","Combust"],"picked":"SKIP","floor":25},{"not_picked":["Reckless Charge","Hemokinesis","Clash"],"picked":"SKIP","floor":28},{"not_picked":["Headbutt","Sword Boomerang+1"],"picked":"Brutality","floor":31}],"player_experience":7179,"relics_obtained":[{"floor":7,"key":"Blood Vial"},{"floor":9,"key":"Pear"},{"floor":14,"key":"Torii"},{"floor":20,"key":"Enchiridion"},{"floor":24,"key":"Meat on the Bone"},{"floor":26,"key":"Ancient Tea Set"},{"floor":28,"key":"Red Skull"}],"event_choices":[{"damage_healed":0,"gold_gain":75,"player_choice":"Gather Gold","damage_taken":11,"max_hp_gain":0,"max_hp_loss":0,"event_name":"World of Goop","floor":2,"gold_loss":0},{"damage_healed":0,"gold_gain":0,"player_choice":"Trade","damage_taken":0,"relics_obtained":["FaceOfCleric"],"max_hp_gain":0,"max_hp_loss":0,"event_name":"FaceTrader","floor":5,"gold_loss":0},{"damage_healed":0,"gold_gain":0,"player_choice":"Obtained Book","damage_taken":16,"max_hp_gain":0,"max_hp_loss":0,"event_name":"Cursed Tome","floor":20,"gold_loss":0},{"damage_healed":0,"gold_gain":0,"player_choice":"Became a vampire (Vial)","damage_taken":0,"max_hp_gain":0,"max_hp_loss":0,"event_name":"Vampires","floor":27,"relics_lost":["Blood Vial"],"gold_loss":0,"cards_obtained":["Bite","Bite","Bite","Bite","Bite"]},{"damage_healed":0,"gold_gain":0,"cards_transformed":["Feel No Pain","Clash"],"player_choice":"Became Test Subject","damage_taken":0,"max_hp_gain":0,"max_hp_loss":0,"event_name":"Drug Dealer","floor":29,"gold_loss":0,"cards_obtained":["Rampage","Metallicize"]},{"damage_healed":0,"gold_gain":0,"player_choice":"Shed Blood","damage_taken":26,"max_hp_gain":5,"max_hp_loss":0,"event_name":"Forgotten Altar","floor":30,"gold_loss":0}],"is_beta":false,"boss_relics":[{"not_picked":["Runic Cube","Lizard Tail"],"picked":"Fusion Hammer"}],"items_purged_floors":[10,21],"is_endless":false,"potions_floor_spawned":[1,7,12,24,25],"killed_by":"Collector","ascension_level":0}