{"gold_per_floor":[19,19,33,33,33,60,73,23,23,23,23,40,40,52,52,156,156,169,169,189,208,133,166,166,166],"floor_reached":25,"playtime":2182,"items_purged":["Defend_R"],"score":246,"play_id":"fdcaec56-6891-4ba3-b0c3-2783c95607c1","local_time":"20190910192808","is_ascension_mode":false,"campfire_choices":[{"floor":11,"key":"RECALL"},{"data":"Combust","floor":15,"key":"SMITH"}],"neow_cost":"NO_GOLD","seed_source_timestamp":2199355500631800,"circlet_count":0,"master_deck":["Defend_R","Defend_R","Bash","Feed","Clothesline","Intimidate","Rampage+1","Combust+1","Offering","Barricade","Anger","Bite","Bite","Bite","Bite","Bite","Brutality","Cleave+1","Iron Wave+1"],"relics":["Burning Blood","Orichalcum","Ancient Tea Set","Runic Cube","Du-Vu Doll"],"potions_floor_usage":[6,23,23,25],"damage_taken":[{"damage":10,"enemies":"Jaw Worm","floor":1,"turns":4},{"damage":6,"enemies":"Cultist","floor":3,"turns":3},{"damage":30,"enemies":"3 Sentries","floor":6,"turns":8},{"damage":0,"enemies":"2 Louse","floor":7,"turns":2},{"damage":5,"enemies":"Large Slime","floor":12,"turns":5},{"damage":8,"enemies":"Red Slaver","floor":14,"turns":5},{"damage":46,"enemies":"The Guardian","floor":16,"turns":11},{"damage":14,"enemies":"3 Byrds","floor":18,"turns":3},{"damage":25,"enemies":"Spheric Guardian","floor":20,"turns":4},{"damage":43,"enemies":"Centurion and Healer","floor":21,"turns":6},{"damage":52,"enemies":"Slavers","floor":23,"turns":4},{"damage":40,"enemies":"Chosen and Byrds","floor":25,"turns":6}],"seed_played":"9140253306493714540","potions_obtained":[{"floor":2,"key":"FairyPotion"},{"floor":2,"key":"Fire Potion"},{"floor":2,"key":"LiquidBronze"},{"floor":6,"key":"BloodPotion"},{"floor":7,"key":"Block Potion"},{"floor":23,"key":"Dexterity Potion"}],"is_trial":false,"path_per_floor":["M","?","M","T","?","E","M","?","T","?","R","M","$","M","R","B",null,"M","?","M","M","$","E","?","M"],"character_chosen":"IRONCLAD","items_purchased":[],"campfire_rested":0,"item_purchase_floors":[],"current_hp_per_floor":[79,79,79,79,83,62,71,71,71,71,71,75,75,73,73,33,92,87,66,51,25,25,11,2,0],"gold":166,"neow_bonus":"THREE_RARE_CARDS","is_prod":false,"is_daily":false,"chose_seed":false,"campfire_upgraded":1,"win_rate":0,"timestamp":1568158088,"path_taken":["M","?","?","?","?","E","M","?","T","?","R","M","?","M","R","BOSS","M","?","M","M","$","E","?","M"],"build_version":"2019-07-17","purchased_purges":1,"victory":false,"max_hp_per_floor":[83,83,83,83,83,86,89,89,89,89,89,92,92,92,92,92,92,95,66,66,69,69,72,72,72],"card_choices":[{"not_picked":["Immolate","Dark Embrace"],"picked":"Feed","floor":0},{"not_picked":["Clash","Armaments"],"picked":"Clothesline","floor":1},{"not_picked":["Heavy Blade","Clothesline"],"picked":"Intimidate","floor":3},{"not_picked":["Sword Boomerang","Perfected Strike","Headbutt"],"picked":"SKIP","floor":6},{"not_picked":["Intimidate","Wild Strike"],"picked":"Rampage","floor":7},{"not_picked":["Reckless Charge","Power Through"],"picked":"Combust","floor":12},{"not_picked":["Sword Boomerang","Clash"],"picked":"Offering","floor":14},{"not_picked":["Brutality","Juggernaut"],"picked":"Barricade","floor":16},{"not_picked":["Flex","Body Slam+1"],"picked":"Anger","floor":18},{"not_picked":["Disarm","Pummel"],"picked":"Brutality","floor":20},{"not_picked":["Perfected Strike","Clothesline"],"picked":"Cleave+1","floor":21},{"not_picked":["True Grit","Heavy Blade"],"picked":"Iron Wave+1","floor":23}],"player_experience":68600,"relics_obtained":[{"floor":4,"key":"Orichalcum"},{"floor":6,"key":"Ancient Tea Set"},{"floor":23,"key":"Du-Vu Doll"}],"event_choices":[{"damage_healed":0,"gold_gain":0,"player_choice":"Got Potions","damage_taken":0,"max_hp_gain":0,"max_hp_loss":0,"event_name":"Lab","floor":2,"gold_loss":0},{"damage_healed":27,"gold_gain":0,"player_choice":"Banana","damage_taken":0,"max_hp_gain":0,"max_hp_loss":0,"event_name":"Big Fish","floor":5,"gold_loss":0},{"cards_removed":["Defend_R"],"damage_healed":0,"gold_gain":0,"player_choice":"Card Removal","damage_taken":0,"max_hp_gain":0,"max_hp_loss":0,"event_name":"The Cleric","floor":8,"gold_loss":50},{"damage_healed":0,"gold_gain":0,"player_choice":"Grow","damage_taken":0,"max_hp_gain":0,"max_hp_loss":0,"event_name":"Living Wall","floor":10,"gold_loss":0,"cards_upgraded":["Rampage"]},{"damage_healed":0,"gold_gain":0,"player_choice":"Became a vampire","damage_taken":0,"max_hp_gain":0,"max_hp_loss":29,"event_name":"Vampires","floor":19,"gold_loss":0,"cards_obtained":["Bite","Bite","Bite","Bite","Bite"]},{"damage_healed":0,"gold_gain":0,"player_choice":"Stopped","damage_taken":9,"max_hp_gain":0,"max_hp_loss":0,"event_name":"Cursed Tome","floor":24,"gold_loss":0}],"is_beta":false,"boss_relics":[{"not_picked":["Runic Pyramid","Runic Dome"],"picked":"Runic Cube"}],"items_purged_floors":[22],"is_endless":false,"potions_floor_spawned":[6,7,14,21,23],"killed_by":"Chosen and Byrds","ascension_level":0}