{"gold_per_floor":[109,125,125,145,145,145,145,163,186,186,210,285,9,25,25,151,151,164,7,7,25,25,25,25,124,124,24,24,40,40,63,63,182,182,203,203,203,221,245,245,0,0,0,0,16,16,141,156,156,156],"floor_reached":50,"playtime":3324,"items_purged":["Injury","Injury"],"score":430,"play_id":"89a5a132-873b-42a8-8289-dbec14c32269","local_time":"20190815222113","is_ascension_mode":false,"campfire_choices":[{"data":"Noxious Fumes","floor":6,"key":"SMITH"},{"data":"Backflip","floor":10,"key":"SMITH"},{"data":"Backflip","floor":15,"key":"SMITH"},{"data":"Adrenaline","floor":23,"key":"SMITH"},{"floor":28,"key":"REST"},{"data":"Outmaneuver","floor":32,"key":"SMITH"},{"floor":40,"key":"REST"},{"data":"Die Die Die","floor":42,"key":"SMITH"},{"floor":46,"key":"REST"},{"floor":49,"key":"REST"}],"neow_cost":"NONE","seed_source_timestamp":1394493474265212,"circlet_count":0,"master_deck":["Strike_G","Strike_G","Strike_G","Strike_G","Defend_G","Defend_G","Defend_G","Defend_G","Survivor","Neutralize","Noxious Fumes+1","Flechettes","Cloak And Dagger+1","Backflip+1","Backflip+1","Outmaneuver+1","Adrenaline+1","Acrobatics+1","Dash","Finisher","Dodge and Roll+1","Die Die Die+1","Outmaneuver","Tactician+1","Deadly Poison+1","Writhe","Eviscerate+1","Predator+1","Reflex+1"],"relics":["Ring of the Snake","Snake Skull","Golden Idol","Ancient Tea Set","Chemical X","Cursed Key","Juzu Bracelet","Enchiridion","Potion Belt","Philosopher\u0027s Stone","Red Mask","Bottled Tornado","Turnip"],"potions_floor_usage":[11,16,35,45,47,50,50,50],"damage_taken":[{"damage":0,"enemies":"Small Slimes","floor":1,"turns":5},{"damage":0,"enemies":"Jaw Worm","floor":2,"turns":6},{"damage":0,"enemies":"Cultist","floor":4,"turns":4},{"damage":5,"enemies":"Exordium Wildlife","floor":8,"turns":4},{"damage":0,"enemies":"Lots of Slimes","floor":11,"turns":3},{"damage":0,"enemies":"Looter","floor":14,"turns":3},{"damage":24,"enemies":"Slime Boss","floor":16,"turns":9},{"damage":33,"enemies":"Chosen","floor":18,"turns":8},{"damage":1,"enemies":"2 Thieves","floor":21,"turns":5},{"damage":2,"enemies":"Centurion and Healer","floor":29,"turns":8},{"damage":8,"enemies":"Cultist and Chosen","floor":31,"turns":5},{"damage":37,"enemies":"Automaton","floor":33,"turns":13},{"damage":17,"enemies":"3 Darklings","floor":35,"turns":7},{"damage":11,"enemies":"Orb Walker","floor":38,"turns":4},{"damage":10,"enemies":"Sphere and 2 Shapes","floor":39,"turns":6},{"damage":28,"enemies":"Jaw Worm Horde","floor":45,"turns":3},{"damage":5,"enemies":"Mind Bloom Boss Battle","floor":47,"turns":5},{"damage":3,"enemies":"Spire Growth","floor":48,"turns":5},{"damage":69,"enemies":"Donu and Deca","floor":50,"turns":6}],"seed_played":"-4287258359738509697","potions_obtained":[{"floor":2,"key":"Explosive Potion"},{"floor":4,"key":"Fire Potion"},{"floor":8,"key":"Swift Potion"},{"floor":14,"key":"FearPotion"},{"floor":18,"key":"FearPotion"},{"floor":33,"key":"Explosive Potion"},{"floor":35,"key":"FearPotion"},{"floor":38,"key":"PowerPotion"},{"floor":45,"key":"SteroidPotion"}],"is_trial":false,"path_per_floor":["M","M","?","M","?","R","?","M","T","R","M","?","$","M","R","B",null,"M","$","?","M","?","R","?","?","T","$","R","M","$","M","R","B",null,"M","?","?","M","M","R","?","R","T","?","M","R","?","M","R","B"],"character_chosen":"THE_SILENT","items_purchased":["Chemical X","Juzu Bracelet"],"campfire_rested":4,"item_purchase_floors":[13,19],"current_hp_per_floor":[77,77,74,74,74,74,74,69,69,69,69,58,58,58,58,34,77,44,44,69,68,68,68,52,52,52,52,75,73,73,65,65,28,77,60,60,60,49,39,60,60,60,60,60,32,53,48,45,66,0],"gold":156,"neow_bonus":"TEN_PERCENT_HP_BONUS","is_prod":false,"is_daily":false,"chose_seed":false,"campfire_upgraded":6,"win_rate":0.0,"timestamp":1565925673,"path_taken":["M","M","?","M","?","R","?","M","T","R","M","?","$","M","R","BOSS","M","$","?","M","?","R","?","?","T","$","R","M","?","M","R","BOSS","M","?","?","M","M","R","?","R","T","?","M","R","?","M","R","BOSS"],"build_version":"2019-07-17","purchased_purges":2,"victory":false,"max_hp_per_floor":[77,77,77,77,77,77,77,77,77,77,77,77,77,77,77,77,77,77,77,77,77,77,77,77,77,77,77,77,77,77,77,77,77,77,77,73,73,73,73,73,73,73,73,73,73,73,73,73,73,73],"card_choices":[{"not_picked":["Flying Knee","Prepared"],"picked":"Noxious Fumes","floor":1},{"not_picked":["Backstab","Infinite Blades"],"picked":"Flechettes","floor":2},{"not_picked":["Setup","Bane"],"picked":"Cloak And Dagger","floor":4},{"not_picked":["Concentrate","Slice"],"picked":"Backflip","floor":8},{"not_picked":["Outmaneuver","Backstab"],"picked":"Backflip","floor":11},{"not_picked":["Cloak And Dagger","Tactician"],"picked":"Outmaneuver","floor":14},{"not_picked":["Tools of the Trade","Venomology"],"picked":"Adrenaline","floor":16},{"not_picked":["Blur","Deadly Poison"],"picked":"Acrobatics+1","floor":18},{"not_picked":["Outmaneuver","Sucker Punch"],"picked":"Dash","floor":21},{"not_picked":["Slice","Blade Dance+1"],"picked":"Finisher","floor":29},{"not_picked":["Accuracy","Prepared"],"picked":"Dodge and Roll+1","floor":31},{"not_picked":["Grand Finale","Tools of the Trade"],"picked":"Die Die Die","floor":33},{"not_picked":["Blade Dance+1","Distraction"],"picked":"Outmaneuver","floor":35},{"not_picked":["Infinite Blades+1","Dagger Spray+1"],"picked":"Tactician+1","floor":38},{"not_picked":["Bane+1","Quick Slash+1"],"picked":"Deadly Poison+1","floor":39},{"not_picked":["Slice","Flying Knee+1"],"picked":"Eviscerate+1","floor":45},{"not_picked":["Bane+1","Poisoned Stab"],"picked":"Predator+1","floor":47},{"not_picked":["Bane","Underhanded Strike"],"picked":"Reflex+1","floor":48}],"player_experience":178098,"relics_obtained":[{"floor":9,"key":"Ancient Tea Set"},{"floor":24,"key":"Enchiridion"},{"floor":26,"key":"Potion Belt"},{"floor":43,"key":"Bottled Tornado"},{"floor":47,"key":"Turnip"}],"event_choices":[{"damage_healed":0,"gold_gain":0,"player_choice":"Success","damage_taken":3,"relics_obtained":["Snake Skull"],"max_hp_gain":0,"max_hp_loss":0,"event_name":"Scrap Ooze","floor":3,"gold_loss":0},{"damage_healed":0,"gold_gain":0,"player_choice":"Grow","damage_taken":0,"max_hp_gain":0,"max_hp_loss":0,"event_name":"Living Wall","floor":5,"gold_loss":0,"cards_upgraded":["Cloak And Dagger"]},{"damage_healed":0,"gold_gain":0,"player_choice":"Take Wound","damage_taken":0,"relics_obtained":["Golden Idol"],"max_hp_gain":0,"max_hp_loss":0,"event_name":"Golden Idol","floor":7,"gold_loss":0,"cards_obtained":["Injury"]},{"damage_healed":0,"gold_gain":75,"player_choice":"Gather Gold","damage_taken":11,"max_hp_gain":0,"max_hp_loss":0,"event_name":"World of Goop","floor":12,"gold_loss":0},{"damage_healed":25,"gold_gain":0,"player_choice":"Heal","damage_taken":0,"max_hp_gain":0,"max_hp_loss":0,"event_name":"The Library","floor":20,"gold_loss":0},{"cards_removed":["Strike_G"],"damage_healed":0,"gold_gain":0,"player_choice":"Purged","damage_taken":0,"max_hp_gain":0,"max_hp_loss":0,"event_name":"Purifier","floor":22,"gold_loss":0},{"damage_healed":0,"gold_gain":0,"player_choice":"Obtained Book","damage_taken":16,"max_hp_gain":0,"max_hp_loss":0,"event_name":"Cursed Tome","floor":24,"gold_loss":0},{"damage_healed":0,"gold_gain":99,"player_choice":"Stole From Cult","damage_taken":0,"max_hp_gain":0,"max_hp_loss":0,"event_name":"Nest","floor":25,"gold_loss":0},{"damage_healed":0,"gold_gain":0,"player_choice":"Max HP","damage_taken":0,"max_hp_gain":0,"max_hp_loss":4,"event_name":"Winding Halls","floor":36,"gold_loss":0},{"cards_removed":["Defend_G"],"damage_healed":0,"gold_gain":0,"player_choice":"Purged","damage_taken":0,"max_hp_gain":0,"max_hp_loss":0,"event_name":"Purifier","floor":37,"gold_loss":0},{"damage_healed":0,"gold_gain":0,"player_choice":"Paid","damage_taken":0,"relics_obtained":["Red Mask"],"max_hp_gain":0,"max_hp_loss":0,"event_name":"Tomb of Lord Red Mask","floor":41,"gold_loss":245},{"damage_healed":0,"gold_gain":0,"player_choice":"Ignored","damage_taken":0,"max_hp_gain":0,"max_hp_loss":0,"event_name":"Mysterious Sphere","floor":44,"gold_loss":0},{"damage_healed":0,"gold_gain":0,"player_choice":"Fight","damage_taken":0,"max_hp_gain":0,"max_hp_loss":0,"event_name":"MindBloom","floor":47,"gold_loss":0}],"is_beta":false,"boss_relics":[{"not_picked":["Astrolabe","White Beast Statue"],"picked":"Cursed Key"},{"not_picked":["Pandora\u0027s Box","Velvet Choker"],"picked":"Philosopher\u0027s Stone"}],"items_purged_floors":[13,27],"is_endless":false,"potions_floor_spawned":[2,4,8,14,18,33,35,38,45],"killed_by":"Donu and Deca","ascension_level":0}