{"gold_per_floor":[119,119,135,14,189,17,17,77,103,133,143,143,169,189,189,287,287,306,306,323,51,65,97,113,113,113,113,123,49,49,65,65,169,169,189,9,25,25,45,71,71,71,97,97,197,197,231,247,247,247],"floor_reached":50,"playtime":8296,"items_purged":["Strike_G"],"score":760,"play_id":"51feab6c-7cf9-4315-be2d-e75ec3b8538d","local_time":"20190124164017","is_ascension_mode":true,"campfire_choices":[{"data":"After Image","floor":7,"key":"SMITH"},{"floor":15,"key":"REST"},{"floor":25,"key":"REST"},{"floor":30,"key":"REST"},{"floor":32,"key":"REST"},{"floor":41,"key":"REST"},{"floor":44,"key":"REST"},{"data":"Noxious Fumes","floor":46,"key":"SMITH"},{"floor":49,"key":"REST"}],"neow_cost":"NONE","seed_source_timestamp":1144286727849469,"circlet_count":0,"master_deck":["Defend_G","Defend_G","Defend_G+1","Defend_G","Defend_G","Strike_G","Strike_G","Survivor","Neutralize","After Image+1","Blade Dance","Noxious Fumes+1","Deadly Poison+1","Footwork","Bouncing Flask","Blade Dance","Slice","Infinite Blades","Footwork","Accuracy","Adrenaline","Prepared","Deadly Poison","Bouncing Flask+1","Dodge and Roll","Prepared+1","Accuracy","Caltrops","Caltrops","Venomology","Endless Agony+1","Dodge and Roll","Poisoned Stab+1","Backstab","Noxious Fumes+1","Caltrops+1","Cloak And Dagger","Tools of the Trade"],"relics":["Ring of the Snake","Tiny Chest","Boot","FossilizedHelix","Bottled Lightning","Black Star","Pantograph","Strawberry","Bottled Tornado","War Paint","Matryoshka","Lizard Tail","Vajra","PreservedInsect","Dodecahedron","Orichalcum","Snake Skull","Unceasing Top","Smiling Mask","Gremlin Horn"],"potions_floor_usage":[16,22,22,23,24,33,33,37,40,40,47,50,50],"damage_taken":[{"damage":0,"enemies":"2 Louse","floor":1,"turns":3},{"damage":0,"enemies":"Jaw Worm","floor":3,"turns":5},{"damage":24,"enemies":"3 Sentries","floor":8,"turns":9},{"damage":22,"enemies":"Gremlin Nob","floor":10,"turns":4},{"damage":0,"enemies":"Cultist","floor":11,"turns":3},{"damage":2,"enemies":"Lagavulin","floor":13,"turns":6},{"damage":0,"enemies":"Large Slime","floor":14,"turns":5},{"damage":0,"enemies":"Slime Boss","floor":16,"turns":10},{"damage":23,"enemies":"Spheric Guardian","floor":18,"turns":6},{"damage":19,"enemies":"3 Byrds","floor":20,"turns":5},{"damage":6,"enemies":"Snecko","floor":22,"turns":6},{"damage":18,"enemies":"Gremlin Leader","floor":23,"turns":7},{"damage":11,"enemies":"Snake Plant","floor":24,"turns":4},{"damage":30,"enemies":"3 Cultists","floor":28,"turns":6},{"damage":23,"enemies":"Shelled Parasite and Fungi","floor":31,"turns":6},{"damage":33,"enemies":"Champ","floor":33,"turns":11},{"damage":56,"enemies":"3 Darklings","floor":35,"turns":6},{"damage":7,"enemies":"Orb Walker","floor":37,"turns":5},{"damage":70,"enemies":"Transient","floor":39,"turns":5},{"damage":30,"enemies":"Nemesis","floor":40,"turns":8},{"damage":6,"enemies":"Mind Bloom Boss Battle","floor":45,"turns":6},{"damage":64,"enemies":"Reptomancer","floor":47,"turns":6},{"damage":23,"enemies":"3 Darklings","floor":48,"turns":7},{"damage":59,"enemies":"Awakened One","floor":50,"turns":4}],"seed_played":"2456558551020148041","potions_obtained":[{"floor":1,"key":"SkillPotion"},{"floor":8,"key":"GamblersBrew"},{"floor":18,"key":"Regen Potion"},{"floor":22,"key":"Strength Potion"},{"floor":23,"key":"Block Potion"},{"floor":24,"key":"Poison Potion"},{"floor":33,"key":"Dexterity Potion"},{"floor":35,"key":"AttackPotion"},{"floor":47,"key":"FairyPotion"}],"is_trial":false,"path_per_floor":["M","?","M","$","?","$","R","E","T","E","M","?","E","M","R","B",null,"M","T","M","$","M","E","M","R","T","?","M","$","R","M","R","B",null,"M","$","M","$","M","E","R","?","T","R","?","R","E","M","R","B"],"character_chosen":"THE_SILENT","items_purchased":["Noxious Fumes","Deadly Poison","Footwork","Bouncing Flask","Blade Dance","Strawberry","Block Potion","Caltrops","Dodge and Roll","Vajra"],"campfire_rested":7,"item_purchase_floors":[4,4,6,6,6,21,21,29,36,36],"current_hp_per_floor":[77,77,77,77,77,77,77,53,53,31,31,31,29,29,52,52,71,48,48,29,36,45,27,16,41,41,41,11,11,36,13,38,30,71,15,15,8,8,42,12,37,37,37,62,78,78,14,6,31,0],"gold":247,"neow_bonus":"TEN_PERCENT_HP_BONUS","is_prod":false,"is_daily":false,"chose_seed":false,"campfire_upgraded":2,"win_rate":0,"timestamp":1548376817,"path_taken":["M","?","M","?","?","$","R","E","T","E","M","?","E","M","R","BOSS","M","?","M","$","M","E","M","R","T","?","M","$","R","M","R","BOSS","M","$","M","$","M","E","R","?","T","R","?","R","E","M","R","BOSS"],"build_version":"2019-01-23","purchased_purges":1,"victory":false,"max_hp_per_floor":[77,77,77,77,77,77,77,77,77,77,77,77,77,77,77,77,77,77,77,77,84,84,84,84,84,84,84,84,84,84,84,84,84,84,84,84,84,84,84,84,84,84,84,84,84,84,84,84,84,84],"card_choices":[{"not_picked":["Heel Hook","Setup"],"picked":"Dagger Spray","floor":1},{"not_picked":["Outmaneuver","Well Laid Plans"],"picked":"Blade Dance","floor":3},{"not_picked":["Leg Sweep","Dash"],"picked":"Slice","floor":8},{"not_picked":["Dodge and Roll","Dagger Throw"],"picked":"Infinite Blades","floor":10},{"not_picked":["Dagger Throw","Flying Knee"],"picked":"Footwork","floor":11},{"not_picked":["Outmaneuver","Calculated Gamble","Expertise"],"picked":"SKIP","floor":13},{"not_picked":["Prepared","Choke"],"picked":"Accuracy","floor":14},{"not_picked":["Unload","Doppelganger"],"picked":"Adrenaline","floor":16},{"not_picked":["Flying Knee","Underhanded Strike"],"picked":"Prepared","floor":18},{"not_picked":["Acrobatics","Flying Knee"],"picked":"Deadly Poison","floor":20},{"not_picked":["Prepared","Quick Slash+1"],"picked":"Bouncing Flask+1","floor":22},{"not_picked":["Backflip","Flechettes"],"picked":"Dodge and Roll","floor":23},{"not_picked":["All Out Attack","Quick Slash"],"picked":"Prepared+1","floor":24},{"not_picked":["Phantasmal Killer","Dagger Spray"],"picked":"Accuracy","floor":28},{"not_picked":["Poisoned Stab","Quick Slash"],"picked":"Caltrops","floor":31},{"not_picked":["Unload","Corpse Explosion"],"picked":"Venomology","floor":33},{"not_picked":["Outmaneuver+1","Dagger Throw"],"picked":"Endless Agony+1","floor":35},{"not_picked":["All Out Attack","Bane+1"],"picked":"Poisoned Stab+1","floor":37},{"not_picked":["Backflip","Calculated Gamble"],"picked":"Backstab","floor":39},{"not_picked":["Masterful Stab","Poisoned Stab+1"],"picked":"Noxious Fumes+1","floor":40},{"not_picked":["Bane+1","Terror+1"],"picked":"Caltrops+1","floor":45},{"not_picked":["Deflect","Eviscerate+1"],"picked":"Cloak And Dagger","floor":47},{"not_picked":["Slice","Underhanded Strike+1"],"picked":"Tools of the Trade","floor":48}],"player_experience":237525,"relics_obtained":[{"floor":8,"key":"Tiny Chest"},{"floor":9,"key":"Boot"},{"floor":10,"key":"FossilizedHelix"},{"floor":13,"key":"Bottled Lightning"},{"floor":19,"key":"Pantograph"},{"floor":23,"key":"Bottled Tornado"},{"floor":23,"key":"War Paint"},{"floor":26,"key":"Matryoshka"},{"floor":40,"key":"PreservedInsect"},{"floor":40,"key":"Dodecahedron"},{"floor":43,"key":"Orichalcum"},{"floor":43,"key":"Snake Skull"},{"floor":45,"key":"Unceasing Top"},{"floor":47,"key":"Smiling Mask"},{"floor":47,"key":"Gremlin Horn"}],"event_choices":[{"damage_healed":0,"gold_gain":0,"cards_transformed":["Strike_G"],"player_choice":"Change","damage_taken":0,"max_hp_gain":0,"max_hp_loss":0,"event_name":"Living Wall","floor":2,"gold_loss":0,"cards_obtained":["After Image"]},{"damage_healed":0,"gold_gain":175,"player_choice":"AGREE","damage_taken":0,"max_hp_gain":0,"max_hp_loss":0,"event_name":"Liars Game","floor":5,"gold_loss":0,"cards_obtained":["Doubt"]},{"cards_removed":["Doubt"],"damage_healed":0,"gold_gain":0,"player_choice":"Removed Curses","damage_taken":0,"max_hp_gain":0,"max_hp_loss":0,"event_name":"Fountain of Cleansing","floor":12,"gold_loss":0},{"cards_removed":["Strike_G"],"damage_healed":0,"gold_gain":0,"player_choice":"Elegance","damage_taken":0,"max_hp_gain":0,"max_hp_loss":0,"event_name":"Back to Basics","floor":27,"gold_loss":0},{"cards_removed":["Dagger Spray"],"damage_healed":0,"gold_gain":0,"player_choice":"Removed Attack","damage_taken":0,"max_hp_gain":0,"max_hp_loss":0,"event_name":"Falling","floor":42,"gold_loss":0},{"damage_healed":0,"gold_gain":0,"player_choice":"Fight","damage_taken":0,"max_hp_gain":0,"max_hp_loss":0,"event_name":"MindBloom","floor":45,"gold_loss":0}],"is_beta":true,"boss_relics":[{"not_picked":["Orrery","Snecko Eye"],"picked":"Black Star"},{"not_picked":["HoveringKite","Philosopher\u0027s Stone"],"picked":"Lizard Tail"}],"items_purged_floors":[21],"is_endless":false,"potions_floor_spawned":[1,8,18,22,23,24,33,35,47],"killed_by":"Awakened One","ascension_level":5}