{"path_per_floor":["M","M","M","?","M","E","M","E","T","$","M","M","$","M","R","B",null,"M","M","?","?","M"],"character_chosen":"THE_SILENT","items_purchased":["Footwork","Leg Sweep","Crippling Poison"],"gold_per_floor":[114,127,143,143,161,188,202,235,235,49,69,85,52,72,72,176,176,187,200,200,200,212,212],"floor_reached":23,"campfire_rested":1,"playtime":3163,"current_hp_per_floor":[70,66,65,65,64,40,39,23,23,23,23,22,22,21,42,32,70,68,54,54,54,54,0],"items_purged":["Strike_G"],"gold":212,"score":207,"play_id":"fa63cf13-7675-4bfe-917a-2380c51203f1","local_time":"20180428140305","is_prod":false,"is_daily":false,"chose_seed":false,"is_ascension_mode":false,"campfire_upgraded":0,"timestamp":1524949385,"path_taken":["M","M","M","?","M","E","M","E","T","$","M","M","$","M","R","BOSS","M","M","?","?","?","E"],"build_version":"2018-04-26","seed_source_timestamp":397058815985879,"purchased_purges":1,"victory":false,"master_deck":["Defend_G+1","Defend_G","Defend_G","Defend_G","Strike_G","Strike_G","Strike_G","Survivor","Neutralize","Escape Plan","Dodge and Roll+1","Backstab","Bouncing Flask","Outmaneuver","Footwork","Slice","Footwork","Leg Sweep","Prepared","Backstab","Crippling Poison","Deflect","A Thousand Cuts","Quick Slash","Footwork+1","Well Laid Plans"],"max_hp_per_floor":[70,70,70,70,70,70,70,70,70,70,70,70,70,70,70,70,70,70,70,70,70,70,70],"relics":["Ring of the Snake","Gambling Chip","Pen Nib","War Paint","Eternal Feather"],"card_choices":[{"not_picked":["Backflip","Acrobatics"],"picked":"Escape Plan","floor":1},{"not_picked":["Malaise","Backflip"],"picked":"Dodge and Roll","floor":2},{"not_picked":["Quick Slash","Finisher"],"picked":"Backstab","floor":3},{"not_picked":["Reflex","Predator"],"picked":"Bouncing Flask","floor":5},{"not_picked":["Phantasmal Killer","Underhanded Strike"],"picked":"Outmaneuver","floor":6},{"not_picked":["Dodge and Roll","Poisoned Stab"],"picked":"Footwork","floor":7},{"not_picked":["Heel Hook","Unload"],"picked":"Slice","floor":8},{"not_picked":["Acrobatics","Dagger Throw"],"picked":"Prepared","floor":11},{"not_picked":["Heel Hook","Skewer"],"picked":"Backstab","floor":12},{"not_picked":["Flying Knee","Acrobatics"],"picked":"Deflect","floor":14},{"not_picked":["Burst","Wraith Form v2"],"picked":"A Thousand Cuts","floor":16},{"not_picked":["Eviscerate","Deflect"],"picked":"Quick Slash","floor":18},{"not_picked":["Flying Knee","Deflect"],"picked":"Footwork","floor":19},{"not_picked":["Heel Hook","Leg Sweep"],"picked":"Well Laid Plans","floor":22}],"player_experience":14749,"potions_floor_usage":[16,23,23,23],"damage_taken":[{"damage":0,"enemies":"2 Louse","floor":1,"turns":4},{"damage":4,"enemies":"Small Slimes","floor":2,"turns":6},{"damage":1,"enemies":"Cultist","floor":3,"turns":4},{"damage":1,"enemies":"Lots of Slimes","floor":5,"turns":5},{"damage":24,"enemies":"3 Sentries","floor":6,"turns":11},{"damage":1,"enemies":"Looter","floor":7,"turns":3},{"damage":16,"enemies":"Gremlin Nob","floor":8,"turns":5},{"damage":0,"enemies":"Blue Slaver","floor":11,"turns":3},{"damage":1,"enemies":"Large Slime","floor":12,"turns":7},{"damage":1,"enemies":"Exordium Thugs","floor":14,"turns":2},{"damage":10,"enemies":"Hexaghost","floor":16,"turns":12},{"damage":2,"enemies":"Spheric Guardian","floor":18,"turns":9},{"damage":14,"enemies":"Shell Parasite","floor":19,"turns":6},{"damage":0,"enemies":"Snecko","floor":22,"turns":7},{"damage":67,"enemies":"Gremlin Leader","floor":23,"turns":9}],"event_choices":[{"event_name":"Living Wall","player_choice":"Forget","floor":4,"damage_taken":0},{"event_name":"The Lab","player_choice":"Got Potions","floor":20,"damage_taken":0},{"event_name":"Back to Basics","player_choice":"Elegance","floor":21,"damage_taken":0}],"boss_relics":[{"not_picked":["Snecko Eye","Ectoplasm"],"picked":"Eternal Feather"}],"potions_floor_spawned":[1,3,6,8,16,19,22],"seed_played":"6709794154565974144","killed_by":"Gremlin Leader","ascension_level":0,"is_trial":false}