{"gold_per_floor":[113,125,125,150,100,136,149,149,219,10,10,10,23,23,23,154,154,167,167,177,187,187],"floor_reached":22,"playtime":1497,"items_purged":[],"score":223,"play_id":"739a5696-e7a5-445f-82d8-69e9668194cb","local_time":"20190511194714","is_ascension_mode":true,"campfire_choices":[{"floor":8,"key":"REST"},{"floor":11,"key":"REST"},{"data":"Sunder","floor":15,"key":"SMITH"}],"neow_cost":"NONE","seed_source_timestamp":345062933660465,"circlet_count":0,"master_deck":["Strike_B","Strike_B","Defend_B","Defend_B","Defend_B","Defend_B","Zap","Dualcast","Reprogram","Leap","Injury","Electrodynamics","Steam","Sunder+1","Conserve Battery","Conserve Battery","Biased Cognition","Go for the Eyes+1","Hello World","Seek"],"relics":["Cracked Core","Unceasing Top","Matryoshka","Blood Vial","Pen Nib","Inserter","Nloth\u0027s Gift"],"potions_floor_usage":[16,20,21],"damage_taken":[{"damage":1,"enemies":"Cultist","floor":1,"turns":4},{"damage":0,"enemies":"Small Slimes","floor":2,"turns":3},{"damage":13,"enemies":"Jaw Worm","floor":4,"turns":4},{"damage":44,"enemies":"Lagavulin","floor":6,"turns":8},{"damage":10,"enemies":"Gremlin Gang","floor":7,"turns":2},{"damage":2,"enemies":"Red Slaver","floor":13,"turns":4},{"damage":56,"enemies":"Hexaghost","floor":16,"turns":12},{"damage":7,"enemies":"Chosen","floor":18,"turns":4},{"damage":16,"enemies":"Shell Parasite","floor":20,"turns":6},{"damage":32,"enemies":"Sentry and Sphere","floor":21,"turns":5},{"damage":39,"enemies":"Snecko","floor":22,"turns":4}],"seed_played":"-6537905041498540565","potions_obtained":[{"floor":7,"key":"FocusPotion"},{"floor":13,"key":"SkillPotion"},{"floor":16,"key":"AttackPotion"},{"floor":18,"key":"LiquidBronze"},{"floor":20,"key":"AttackPotion"}],"is_trial":false,"path_per_floor":["M","M","?","M","?","E","M","R","T","$","R","?","M","?","R","B",null,"M","?","M","M","M"],"character_chosen":"DEFECT","items_purchased":["Blood Vial","Conserve Battery"],"campfire_rested":2,"item_purchase_floors":[10,10],"current_hp_per_floor":[81,81,81,68,68,24,14,38,38,38,62,62,62,62,62,8,82,75,75,61,31,0],"gold":187,"neow_bonus":"TEN_PERCENT_HP_BONUS","is_prod":false,"is_daily":false,"chose_seed":false,"campfire_upgraded":1,"win_rate":0,"timestamp":1557629234,"path_taken":["M","M","?","M","?","E","M","R","T","$","R","?","?","?","R","BOSS","M","?","M","M","?"],"build_version":"2019-05-07","purchased_purges":0,"victory":false,"max_hp_per_floor":[82,82,82,82,82,82,82,82,82,82,82,82,82,82,82,82,82,82,82,82,82,82],"card_choices":[{"not_picked":["Stack","Barrage"],"picked":"Reprogram","floor":1},{"not_picked":["Rip and Tear","Beam Cell"],"picked":"Leap","floor":2},{"not_picked":["Compile Driver","Gash"],"picked":"Electrodynamics","floor":4},{"not_picked":["Fusion","Darkness"],"picked":"Steam","floor":6},{"not_picked":["Turbo","White Noise"],"picked":"Sunder","floor":7},{"not_picked":["Chaos","Glacier"],"picked":"Conserve Battery","floor":13},{"not_picked":["Amplify","Echo Form"],"picked":"Biased Cognition","floor":16},{"not_picked":["Steam","Cold Snap+1"],"picked":"Go for the Eyes+1","floor":18},{"not_picked":["Gash","Auto Shields"],"picked":"Hello World","floor":20},{"not_picked":["Stack","Auto Shields"],"picked":"Seek","floor":21}],"player_experience":281978,"relics_obtained":[{"floor":6,"key":"Unceasing Top"},{"floor":9,"key":"Matryoshka"}],"event_choices":[{"damage_healed":0,"gold_gain":0,"player_choice":"Take Wound","damage_taken":0,"relics_obtained":["Golden Idol"],"max_hp_gain":0,"max_hp_loss":0,"event_name":"Golden Idol","floor":3,"gold_loss":0,"cards_obtained":["Injury"]},{"cards_removed":["Strike_B"],"damage_healed":0,"gold_gain":0,"player_choice":"Card Removal","damage_taken":0,"max_hp_gain":0,"max_hp_loss":0,"event_name":"The Cleric","floor":5,"gold_loss":50},{"damage_healed":0,"gold_gain":0,"player_choice":"Gave Potion","damage_taken":0,"relics_obtained":["Pen Nib"],"max_hp_gain":0,"max_hp_loss":0,"event_name":"WeMeetAgain","floor":12,"gold_loss":0},{"cards_removed":["Strike_B"],"damage_healed":0,"gold_gain":0,"player_choice":"Forget","damage_taken":0,"max_hp_gain":0,"max_hp_loss":0,"event_name":"Living Wall","floor":14,"gold_loss":0},{"damage_healed":0,"gold_gain":0,"player_choice":"Traded Relic","damage_taken":0,"relics_obtained":["Nloth\u0027s Gift"],"max_hp_gain":0,"max_hp_loss":0,"event_name":"N\u0027loth","floor":19,"relics_lost":["Golden Idol"],"gold_loss":0}],"is_beta":true,"boss_relics":[{"not_picked":["Empty Cage","Lizard Tail"],"picked":"Inserter"}],"items_purged_floors":[],"is_endless":false,"potions_floor_spawned":[7,13,16,18,20],"killed_by":"Snecko","ascension_level":4}