{"gold_per_floor":[363,313,313,32,32,32,50,90,90,90,103,103,103,116,116,240,240,261,281,281,281,79,79,102,102,155,198,198,198,223,223,223,346,346,371,227,251,276,71,71,95,108,189,189,212,212,230,230],"floor_reached":48,"playtime":3509,"items_purged":["Injury"],"score":595,"play_id":"180b90d5-3572-4429-9e45-330d7f7a92c8","local_time":"20190912114712","is_ascension_mode":true,"campfire_choices":[{"floor":6,"key":"RECALL"},{"data":"Well Laid Plans","floor":12,"key":"SMITH"},{"floor":15,"key":"REST"},{"floor":23,"key":"REST"},{"floor":25,"key":"REST"},{"floor":29,"key":"REST"},{"floor":32,"key":"REST"},{"floor":40,"key":"REST"},{"floor":44,"key":"REST"}],"neow_cost":"CURSE","seed_source_timestamp":67708822216600,"circlet_count":0,"master_deck":["Strike_G","Strike_G","Strike_G","Strike_G","Defend_G","Defend_G","Defend_G","Defend_G","Defend_G","Survivor","Neutralize","Cloak And Dagger","Bane","Well Laid Plans+1","Poisoned Stab","Acrobatics","Night Terror","Dagger Throw","Bouncing Flask","Backflip","Noxious Fumes+1","Outmaneuver+1","Dash","Corpse Explosion","Catalyst+1","Catalyst+1","Deflect+1","Eviscerate+1","Dodge and Roll+1","Reflex","Underhanded Strike+1"],"relics":["Ring of the Snake","Golden Idol","OrangePellets","Bag of Marbles","Fusion Hammer","Toy Ornithopter","Bronze Scales","StoneCalendar","Runic Dome","Happy Flower","Strange Spoon","Ornamental Fan"],"potions_floor_usage":[8,8,16,16,33,33,33,47,47],"damage_taken":[{"damage":2,"enemies":"Jaw Worm","floor":1,"turns":7},{"damage":1,"enemies":"2 Louse","floor":7,"turns":3},{"damage":38,"enemies":"Gremlin Nob","floor":8,"turns":5},{"damage":0,"enemies":"Small Slimes","floor":11,"turns":4},{"damage":1,"enemies":"Exordium Thugs","floor":14,"turns":5},{"damage":48,"enemies":"The Guardian","floor":16,"turns":17},{"damage":13,"enemies":"Shell Parasite","floor":18,"turns":10},{"damage":2,"enemies":"3 Byrds","floor":19,"turns":7},{"damage":22,"enemies":"Shelled Parasite and Fungi","floor":24,"turns":8},{"damage":35,"enemies":"Gremlin Leader","floor":27,"turns":6},{"damage":32,"enemies":"Snake Plant","floor":30,"turns":4},{"damage":52,"enemies":"Automaton","floor":33,"turns":9},{"damage":9,"enemies":"Orb Walker","floor":35,"turns":4},{"damage":6,"enemies":"3 Shapes","floor":37,"turns":3},{"damage":3,"enemies":"Jaw Worm Horde","floor":38,"turns":2},{"damage":30,"enemies":"3 Darklings","floor":41,"turns":2},{"damage":20,"enemies":"Writhing Mass","floor":42,"turns":3},{"damage":32,"enemies":"Sphere and 2 Shapes","floor":45,"turns":6},{"damage":9,"enemies":"Jaw Worm Horde","floor":47,"turns":5},{"damage":35,"enemies":"Spire Growth","floor":48,"turns":2}],"seed_played":"-94669137104180349","potions_obtained":[{"floor":5,"key":"Fire Potion"},{"floor":5,"key":"Energy Potion"},{"floor":5,"key":"GamblersBrew"},{"floor":8,"key":"Energy Potion"},{"floor":14,"key":"Energy Potion"},{"floor":18,"key":"PowerPotion"},{"floor":19,"key":"Dexterity Potion"},{"floor":37,"key":"EssenceOfSteel"},{"floor":42,"key":"GhostInAJar"},{"floor":47,"key":"FairyPotion"}],"is_trial":false,"path_per_floor":["M","?","?","$","?","R","M","E","T","?","M","R","?","M","R","B",null,"M","M","?","?","$","R","M","R","T","E","?","R","M","$","R","B",null,"M","$","M","M","$","R","M","M","T","R","M","?","M","M"],"character_chosen":"THE_SILENT","items_purchased":["OrangePellets","Toy Ornithopter","Happy Flower","Strange Spoon"],"campfire_rested":7,"item_purchase_floors":[4,22,36,39],"current_hp_per_floor":[68,68,68,68,68,68,67,29,29,52,52,52,52,51,70,22,70,57,55,55,55,55,70,48,69,69,34,34,55,23,23,44,7,70,61,61,55,52,52,70,40,20,20,41,9,9,10,0],"gold":230,"neow_bonus":"TWO_FIFTY_GOLD","is_prod":false,"is_daily":false,"chose_seed":false,"campfire_upgraded":1,"win_rate":0,"timestamp":1568306832,"path_taken":["M","?","?","$","?","R","?","E","T","?","M","R","?","M","R","BOSS","M","M","?","?","?","R","M","R","T","E","?","R","M","$","R","BOSS","M","?","M","M","$","R","M","?","T","R","M","?","M","M"],"build_version":"2019-07-17","purchased_purges":1,"victory":false,"max_hp_per_floor":[70,70,70,70,70,70,70,70,70,70,70,70,70,70,70,70,70,70,70,70,70,70,70,70,70,70,70,70,70,70,70,70,70,70,70,70,70,70,70,70,70,70,70,70,70,70,70,70],"card_choices":[{"not_picked":["Blur","Crippling Poison"],"picked":"Cloak And Dagger","floor":1},{"not_picked":["Prepared","Poisoned Stab"],"picked":"Bane","floor":7},{"not_picked":["Tactician","Heel Hook"],"picked":"Well Laid Plans","floor":8},{"not_picked":["Dagger Spray","Underhanded Strike"],"picked":"Poisoned Stab","floor":11},{"not_picked":["Expertise","Tactician"],"picked":"Acrobatics","floor":14},{"not_picked":["Corpse Explosion","Venomology"],"picked":"Night Terror","floor":16},{"not_picked":["Flying Knee","Terror"],"picked":"Dagger Throw","floor":18},{"not_picked":["Sucker Punch","Deadly Poison"],"picked":"Bouncing Flask","floor":19},{"not_picked":["Escape Plan","Slice+1"],"picked":"Noxious Fumes+1","floor":24},{"not_picked":["Bane","Deflect"],"picked":"Outmaneuver+1","floor":27},{"not_picked":["Poisoned Stab","Heel Hook"],"picked":"Dash","floor":30},{"not_picked":["Phantasmal Killer","Malaise"],"picked":"Corpse Explosion","floor":33},{"not_picked":["Setup","Bouncing Flask+1"],"picked":"Catalyst+1","floor":35},{"not_picked":["Acrobatics+1","Sucker Punch"],"picked":"Catalyst+1","floor":37},{"not_picked":["Underhanded Strike+1","Deadly Poison"],"picked":"Deflect+1","floor":38},{"not_picked":["Dodge and Roll","Dagger Spray"],"picked":"Eviscerate+1","floor":41},{"not_picked":["Deflect+1","Prepared"],"picked":"Dodge and Roll+1","floor":42},{"not_picked":["Deflect","Blade Dance"],"picked":"Reflex","floor":45},{"not_picked":["Dagger Throw","Dagger Spray+1"],"picked":"Underhanded Strike+1","floor":47}],"player_experience":348150,"relics_obtained":[{"floor":8,"key":"Bag of Marbles"},{"floor":26,"key":"Bronze Scales"},{"floor":27,"key":"StoneCalendar"},{"floor":43,"key":"Ornamental Fan"}],"event_choices":[{"cards_removed":["Shame"],"damage_healed":0,"gold_gain":0,"player_choice":"Card Removal","damage_taken":0,"max_hp_gain":0,"max_hp_loss":0,"event_name":"The Cleric","floor":2,"gold_loss":50},{"damage_healed":0,"gold_gain":0,"player_choice":"Take Wound","damage_taken":0,"relics_obtained":["Golden Idol"],"max_hp_gain":0,"max_hp_loss":0,"event_name":"Golden Idol","floor":3,"gold_loss":0,"cards_obtained":["Injury"]},{"damage_healed":0,"gold_gain":0,"player_choice":"Got Potions","damage_taken":0,"max_hp_gain":0,"max_hp_loss":0,"event_name":"Lab","floor":5,"gold_loss":0},{"damage_healed":23,"gold_gain":0,"player_choice":"Banana","damage_taken":0,"max_hp_gain":0,"max_hp_loss":0,"event_name":"Big Fish","floor":10,"gold_loss":0},{"cards_removed":["Strike_G"],"damage_healed":0,"gold_gain":0,"player_choice":"Offered Basic","damage_taken":0,"max_hp_gain":0,"max_hp_loss":0,"event_name":"Bonfire Elementals","floor":13,"gold_loss":0},{"damage_healed":0,"gold_gain":0,"player_choice":"Ignored","damage_taken":0,"max_hp_gain":0,"max_hp_loss":0,"event_name":"Beggar","floor":20,"gold_loss":0},{"damage_healed":0,"gold_gain":0,"player_choice":"Read","damage_taken":0,"max_hp_gain":0,"max_hp_loss":0,"event_name":"The Library","floor":21,"gold_loss":0,"cards_obtained":["Backflip"]},{"damage_healed":0,"gold_gain":0,"player_choice":"Ignored","damage_taken":0,"max_hp_gain":0,"max_hp_loss":0,"event_name":"N\u0027loth","floor":28,"gold_loss":0},{"damage_healed":0,"gold_gain":0,"player_choice":"Ignored","damage_taken":0,"max_hp_gain":0,"max_hp_loss":0,"event_name":"Mysterious Sphere","floor":46,"gold_loss":0}],"is_beta":false,"boss_relics":[{"not_picked":["WristBlade","Empty Cage"],"picked":"Fusion Hammer"},{"not_picked":["Velvet Choker","Astrolabe"],"picked":"Runic Dome"}],"items_purged_floors":[4],"is_endless":false,"potions_floor_spawned":[8,14,18,19,24,37,42,47],"killed_by":"Spire Growth","ascension_level":4}