{"gold_per_floor":[109,2,2,22,22,60,60,60,84,84,125,125,161,37,37,160,160,180,219,219,244,71,71,107,126,126,126,150,173,173,173,173,302,302,317,132,145,166,182,247,247,283,337,377,392,407,407,441,441,441],"floor_reached":51,"playtime":4867,"items_purged":["Strike_G","Strike_G"],"score":971,"play_id":"4440a2f4-e75b-402c-949d-bce19ba1bbe0","local_time":"20180722055744","is_ascension_mode":true,"campfire_choices":[{"floor":7,"key":"REST"},{"floor":12,"key":"REST"},{"data":"1","floor":15,"key":"LIFT"},{"floor":23,"key":"REST"},{"data":"2","floor":27,"key":"LIFT"},{"floor":30,"key":"REST"},{"data":"3","floor":32,"key":"LIFT"},{"data":"Injury","floor":41,"key":"PURGE"},{"floor":47,"key":"REST"},{"data":"Strike_G","floor":49,"key":"PURGE"}],"neow_cost":"CURSE","seed_source_timestamp":817336966922936,"circlet_count":0,"master_deck":["Defend_G","Defend_G","Defend_G","Defend_G","Defend_G","Strike_G","Strike_G","Survivor","Neutralize","All Out Attack","Cloak And Dagger","Infinite Blades+1","Dodge and Roll","Deflect","Sucker Punch","Cloak And Dagger","Dodge and Roll","Adrenaline","Footwork","Prepared","Deadly Poison+1","Slice+1","Cloak And Dagger","All Out Attack+1","Dodge and Roll+1","A Thousand Cuts","Backstab+1","Accuracy","Slice+1","Sucker Punch+1","Cloak And Dagger+1","Footwork+1","Backstab","Doubt","Infinite Blades","Acrobatics+1","Finisher+1","Blade Dance"],"relics":["Ring of the Snake","Golden Idol","Boot","Orichalcum","Tingsha","Girya","Paper Crane","WristBlade","Red Mask","Pantograph","Peace Pipe","Happy Flower","Cursed Key","Blood Vial","Tiny Chest","Ginger","Pen Nib","Lantern","Art of War"],"potions_floor_usage":[11,16,19,24,29,39,40,48,50,50],"damage_taken":[{"damage":4,"enemies":"2 Louse","floor":1,"turns":3},{"damage":0,"enemies":"Jaw Worm","floor":4,"turns":4},{"damage":51,"enemies":"Gremlin Nob","floor":6,"turns":5},{"damage":18,"enemies":"Lagavulin","floor":11,"turns":8},{"damage":14,"enemies":"Gremlin Nob","floor":13,"turns":5},{"damage":5,"enemies":"Hexaghost","floor":16,"turns":13},{"damage":13,"enemies":"Spheric Guardian","floor":18,"turns":5},{"damage":43,"floor":19,"turns":5},{"damage":0,"enemies":"3 Byrds","floor":21,"turns":5},{"damage":29,"enemies":"Gremlin Leader","floor":24,"turns":9},{"damage":13,"enemies":"3 Cultists","floor":25,"turns":5},{"damage":0,"enemies":"Snecko","floor":28,"turns":4},{"damage":7,"enemies":"Slaver and Parasite","floor":29,"turns":5},{"damage":46,"enemies":"Collector","floor":33,"turns":13},{"damage":14,"enemies":"Flame Bruiser 1 Orb","floor":35,"turns":5},{"damage":1,"enemies":"3 Shapes","floor":37,"turns":3},{"damage":2,"enemies":"Spire Growth","floor":38,"turns":4},{"damage":10,"enemies":"Sphere and 2 Shapes","floor":39,"turns":4},{"damage":0,"enemies":"Nemesis","floor":40,"turns":5},{"damage":18,"enemies":"2 Orb Walkers","floor":42,"turns":5},{"damage":11,"enemies":"Giant Head","floor":44,"turns":7},{"damage":3,"enemies":"Flame Bruiser 2 Orb","floor":45,"turns":4},{"damage":3,"enemies":"Transient","floor":46,"turns":5},{"damage":0,"enemies":"Nemesis","floor":48,"turns":5},{"damage":45,"enemies":"Time Eater","floor":50,"turns":10}],"seed_played":"1818426605153137441","potions_obtained":[{"floor":4,"key":"Energy Potion"},{"floor":13,"key":"AttackPotion"},{"floor":18,"key":"SpeedPotion"},{"floor":25,"key":"Explosive Potion"},{"floor":35,"key":"Block Potion"},{"floor":38,"key":"Weak Potion"},{"floor":40,"key":"Dexterity Potion"},{"floor":45,"key":"SkillPotion"},{"floor":46,"key":"Dexterity Potion"}],"is_trial":false,"path_per_floor":["M","$","?","M","?","E","R","?","T","T","E","R","E","$","R","B",null,"M","?","?","M","$","R","E","M","T","R","M","M","R","T","R","B",null,"M","$","M","M","M","E","R","E","T","E","M","M","R","E","R","B"],"character_chosen":"THE_SILENT","items_purchased":["Cloak And Dagger","Infinite Blades","Dodge and Roll","Regen Potion","Accuracy","Blood Vial"],"campfire_rested":5,"item_purchase_floors":[2,2,14,22,36,36],"current_hp_per_floor":[80,80,80,80,73,22,47,47,47,47,29,54,40,40,40,35,84,71,28,28,28,28,53,39,26,26,26,26,19,44,44,44,23,84,70,70,71,71,63,65,65,49,49,40,39,38,63,65,65,39],"gold":441,"neow_bonus":"TWENTY_PERCENT_HP_BONUS","is_prod":false,"is_daily":false,"chose_seed":false,"campfire_upgraded":0,"win_rate":0,"timestamp":1532264264,"path_taken":["M","$","?","M","?","E","R","?","T","?","E","R","E","$","R","BOSS","M","?","?","M","$","R","E","M","T","R","M","M","R","?","R","BOSS","M","$","M","M","M","E","R","E","T","E","M","M","R","E","R","BOSS"],"build_version":"2018-07-19","purchased_purges":2,"victory":true,"max_hp_per_floor":[84,84,84,84,84,84,84,84,84,84,84,84,84,84,84,84,84,84,84,84,84,84,84,84,84,84,84,84,84,84,84,84,84,84,84,84,84,84,84,84,84,84,84,84,84,84,84,84,84,84],"card_choices":[{"not_picked":["Quick Slash","Bane"],"picked":"All Out Attack","floor":1},{"not_picked":["Leg Sweep","Storm of Steel"],"picked":"Dodge and Roll","floor":4},{"not_picked":["Bane","Die Die Die"],"picked":"Deflect","floor":6},{"not_picked":["Bane","Poisoned Stab"],"picked":"Sucker Punch","floor":11},{"not_picked":["Backflip","Outmaneuver"],"picked":"Cloak And Dagger","floor":13},{"not_picked":["Corpse Explosion","Storm of Steel"],"picked":"Adrenaline","floor":16},{"not_picked":["Acrobatics","Concentrate"],"picked":"Footwork","floor":18},{"not_picked":["Bane","PiercingWail"],"picked":"Prepared","floor":19},{"not_picked":["Outmaneuver","Heel Hook"],"picked":"Deadly Poison+1","floor":21},{"not_picked":["Deflect+1","Masterful Stab"],"picked":"Slice+1","floor":24},{"not_picked":["Prepared","Underhanded Strike"],"picked":"Cloak And Dagger","floor":25},{"not_picked":["Prepared","Cloak And Dagger"],"picked":"All Out Attack+1","floor":28},{"not_picked":["Reflex","Expertise+1"],"picked":"Dodge and Roll+1","floor":29},{"not_picked":["Phantasmal Killer","Grand Finale"],"picked":"A Thousand Cuts","floor":33},{"not_picked":["Dagger Throw","Poisoned Stab"],"picked":"Backstab+1","floor":35},{"not_picked":["Choke+1","Acrobatics+1"],"picked":"Slice+1","floor":37},{"not_picked":["Well Laid Plans+1","Cloak And Dagger"],"picked":"Sucker Punch+1","floor":38},{"not_picked":["Backstab","Endless Agony+1"],"picked":"Cloak And Dagger+1","floor":39},{"not_picked":["Finisher","Flechettes+1"],"picked":"Footwork+1","floor":40},{"not_picked":["Die Die Die","All Out Attack"],"picked":"Backstab","floor":42},{"not_picked":["Accuracy+1","Prepared+1"],"picked":"Infinite Blades","floor":44},{"not_picked":["Quick Slash+1","Flying Knee"],"picked":"Acrobatics+1","floor":45},{"not_picked":["Acrobatics","PiercingWail+1"],"picked":"Finisher+1","floor":46},{"not_picked":["Leg Sweep+1","Dagger Throw+1"],"picked":"Blade Dance","floor":48}],"player_experience":169352,"relics_obtained":[{"floor":6,"key":"Boot"},{"floor":9,"key":"Orichalcum"},{"floor":10,"key":"Tingsha"},{"floor":11,"key":"Girya"},{"floor":13,"key":"Paper Crane"},{"floor":19,"key":"Red Mask"},{"floor":24,"key":"Pantograph"},{"floor":26,"key":"Peace Pipe"},{"floor":31,"key":"Happy Flower"},{"floor":40,"key":"Tiny Chest"},{"floor":42,"key":"Ginger"},{"floor":43,"key":"Pen Nib"},{"floor":44,"key":"Lantern"},{"floor":48,"key":"Art of War"}],"event_choices":[{"event_name":"Golden Idol","player_choice":"Take Wound","floor":3,"damage_taken":0},{"event_name":"Golden Wing","player_choice":"Card Removal","floor":5,"damage_taken":0},{"event_name":"Living Wall","player_choice":"Forget","floor":8,"damage_taken":0},{"event_name":"Masked Bandits","player_choice":"Fought over 180 gold","floor":19,"damage_taken":0},{"event_name":"Accursed Blacksmith","player_choice":"Forge","floor":20,"damage_taken":0}],"is_beta":true,"boss_relics":[{"not_picked":["Pandora\u0027s Box","Tiny House"],"picked":"WristBlade"},{"not_picked":["Coffee Dripper","Busted Crown"],"picked":"Cursed Key"}],"items_purged_floors":[14,22],"is_endless":false,"potions_floor_spawned":[4,13,18,25,35,38,40,45,46],"ascension_level":3}