{"path_per_floor":["M","M","?","M","M","E","M","E","T","R","E","M","$","?","R"],"character_chosen":"IRONCLAD","items_purchased":["Metallicize+1"],"gold_per_floor":[119,138,88,105,121,147,163,190,190,190,216,235,144,122,122,122],"floor_reached":16,"campfire_rested":2,"playtime":1199,"item_purchase_floors":[13],"current_hp_per_floor":[80,79,79,80,75,40,36,18,18,42,40,34,34,34,58,0],"items_purged":["Strike_R"],"gold":122,"score":134,"play_id":"955ba650-3fdf-4ec9-a861-b32d83f894ba","local_time":"20180613224821","is_prod":false,"is_daily":false,"chose_seed":false,"is_ascension_mode":true,"campfire_upgraded":0,"win_rate":0,"timestamp":1528955301,"campfire_choices":[{"floor":10,"key":"REST"},{"floor":15,"key":"REST"}],"path_taken":["M","M","?","M","M","E","M","E","T","R","E","M","$","?","R","BOSS"],"build_version":"2018-06-13","seed_source_timestamp":297442619369220,"purchased_purges":1,"victory":false,"master_deck":["Strike_R","Strike_R","Strike_R","Defend_R","Defend_R","Defend_R","Defend_R","Bash","Immolate","Warcry","Cleave","Headbutt","Pummel","Evolve","Iron Wave","Rupture","Dark Embrace+1","Reckless Charge","Metallicize+1"],"max_hp_per_floor":[80,80,80,80,80,80,80,80,80,80,80,80,80,80,80,80],"special_seed":0,"relics":["Burning Blood","Smiling Mask","Juzu Bracelet","Centennial Puzzle","Frozen Egg 2"],"card_choices":[{"not_picked":["Corruption","Whirlwind"],"picked":"Warcry","floor":1},{"not_picked":["Heavy Blade","Sword Boomerang"],"picked":"Cleave","floor":2},{"not_picked":["Clash","Burning Pact"],"picked":"Headbutt","floor":4},{"not_picked":["Burning Pact","Clash"],"picked":"Pummel","floor":5},{"not_picked":["Reckless Charge","Havoc"],"picked":"Evolve","floor":6},{"not_picked":["Clash","Carnage"],"picked":"Iron Wave","floor":7},{"not_picked":["Shrug It Off","True Grit"],"picked":"Rupture","floor":8},{"not_picked":["Havoc","Wild Strike"],"picked":"Dark Embrace","floor":11},{"not_picked":["Flame Barrier","Armaments"],"picked":"Reckless Charge","floor":12}],"player_experience":124167,"potions_floor_usage":[5,6,16],"damage_taken":[{"damage":0,"enemies":"Small Slimes","floor":1,"turns":2},{"damage":7,"enemies":"Jaw Worm","floor":2,"turns":3},{"damage":0,"enemies":"2 Louse","floor":4,"turns":1},{"damage":11,"enemies":"Exordium Thugs","floor":5,"turns":2},{"damage":41,"enemies":"Lagavulin","floor":6,"turns":6},{"damage":10,"enemies":"2 Fungi Beasts","floor":7,"turns":3},{"damage":24,"enemies":"Gremlin Nob","floor":8,"turns":5},{"damage":8,"enemies":"3 Sentries","floor":11,"turns":3},{"damage":12,"enemies":"Exordium Wildlife","floor":12,"turns":3},{"damage":61,"enemies":"The Guardian","floor":16,"turns":15}],"relics_obtained":[{"floor":6,"key":"Smiling Mask"},{"floor":8,"key":"Juzu Bracelet"},{"floor":9,"key":"Centennial Puzzle"},{"floor":11,"key":"Frozen Egg 2"}],"event_choices":[{"event_name":"The Cleric","player_choice":"Card Removal","floor":3,"damage_taken":0},{"event_name":"World of Goop","player_choice":"Left","floor":14,"damage_taken":0}],"boss_relics":[],"items_purged_floors":[13],"potions_floor_spawned":[1,4,8],"seed_played":"-7378398559732520991","killed_by":"The Guardian","ascension_level":2,"potions_obtained":[{"floor":1,"key":"Poison Potion"},{"floor":4,"key":"Poison Potion"},{"floor":8,"key":"SpeedPotion"}],"is_trial":false}