{"gold_per_floor":[109,125,31,31,106,135,135,135,135,162,173,173],"floor_reached":12,"playtime":829,"items_purged":[],"score":108,"play_id":"b5e519b0-8e0e-45b9-a28c-23cd21074917","local_time":"20190913165504","is_ascension_mode":true,"campfire_choices":[{"floor":7,"key":"REST"}],"neow_cost":"NONE","seed_source_timestamp":385172142910500,"circlet_count":0,"master_deck":["Strike_G","Strike_G","Strike_G","Strike_G","Defend_G","Defend_G","Defend_G","Defend_G","Defend_G","Survivor","Neutralize","Caltrops","Well Laid Plans","Bandage Up","Dash","Noxious Fumes"],"relics":["Ring of the Snake","Matryoshka","Strawberry","Sundial","Ice Cream"],"potions_floor_usage":[6,10],"damage_taken":[{"damage":7,"enemies":"Small Slimes","floor":1,"turns":5},{"damage":3,"enemies":"2 Louse","floor":2,"turns":4},{"damage":40,"enemies":"3 Sentries","floor":6,"turns":12},{"damage":45,"enemies":"Gremlin Nob","floor":10,"turns":6},{"damage":1,"enemies":"Cultist","floor":11,"turns":4},{"damage":12,"enemies":"Lots of Slimes","floor":12,"turns":1}],"seed_played":"-5967250753912712545","potions_obtained":[{"floor":1,"key":"Dexterity Potion"},{"floor":6,"key":"SkillPotion"}],"is_trial":false,"path_per_floor":["M","M","$","?","?","E","R","?","T","E","M","M"],"character_chosen":"THE_SILENT","items_purchased":["Bandage Up"],"campfire_rested":1,"item_purchase_floors":[3],"current_hp_per_floor":[70,67,67,60,49,13,36,36,43,2,5,0],"gold":173,"neow_bonus":"TEN_PERCENT_HP_BONUS","is_prod":false,"is_daily":false,"chose_seed":false,"campfire_upgraded":0,"win_rate":0,"timestamp":1568418904,"path_taken":["M","M","$","?","?","E","R","?","T","E","M","M"],"build_version":"2019-09-12","purchased_purges":0,"victory":false,"max_hp_per_floor":[77,77,77,77,77,77,77,77,84,84,84,84],"card_choices":[{"not_picked":["Slice","Backflip"],"picked":"Caltrops","floor":1},{"not_picked":["Heel Hook","Prepared"],"picked":"Well Laid Plans","floor":2},{"not_picked":["Concentrate","Reflex","Distraction"],"picked":"SKIP","floor":6},{"not_picked":["Choke","Slice"],"picked":"Dash","floor":10},{"not_picked":["Sucker Punch","Slice"],"picked":"Noxious Fumes","floor":11}],"player_experience":349834,"relics_obtained":[{"floor":6,"key":"Matryoshka"},{"floor":9,"key":"Strawberry"},{"floor":9,"key":"Sundial"},{"floor":10,"key":"Ice Cream"}],"event_choices":[{"cards_removed":["Strike_G"],"damage_healed":0,"gold_gain":0,"player_choice":"Card Removal","damage_taken":7,"max_hp_gain":0,"max_hp_loss":0,"event_name":"Golden Wing","floor":4,"gold_loss":0},{"damage_healed":0,"gold_gain":75,"player_choice":"Gather Gold","damage_taken":11,"max_hp_gain":0,"max_hp_loss":0,"event_name":"World of Goop","floor":5,"gold_loss":0},{"damage_healed":0,"gold_gain":0,"player_choice":"Leave","damage_taken":0,"max_hp_gain":0,"max_hp_loss":0,"event_name":"FaceTrader","floor":8,"gold_loss":0}],"is_beta":true,"boss_relics":[],"items_purged_floors":[],"is_endless":false,"potions_floor_spawned":[1,6],"killed_by":"Lots of Slimes","ascension_level":5}