{"gold_per_floor":[113,123,198,198,210,210,235,74,104,4,4,4,32,56,56,159,159,177,177,197,211,67,67,99,99,99,99,118,218,270,285,285,384,384,401,411,429,440,451,479,479,499,524,524,541,555,93,122,122,122],"floor_reached":51,"playtime":5721,"items_purged":["Defend_P","Strike_P","Decay"],"score":937,"play_id":"658959ed-edb9-45b6-9965-a41fade28d3b","local_time":"20190909131635","is_ascension_mode":false,"campfire_choices":[{"floor":6,"key":"REST"},{"data":"DevaForm","floor":12,"key":"SMITH"},{"data":"Bandage Up","floor":15,"key":"SMITH"},{"floor":23,"key":"REST"},{"data":"Establishment","floor":27,"key":"SMITH"},{"data":"WindmillStrike","floor":32,"key":"SMITH"},{"data":"SandsOfTime","floor":41,"key":"SMITH"},{"data":"SandsOfTime","floor":44,"key":"SMITH"},{"data":"Protect","floor":49,"key":"SMITH"}],"neow_cost":"NONE","seed_source_timestamp":21566733726700,"circlet_count":0,"master_deck":["Strike_P","Strike_P","Strike_P","Defend_P","Defend_P","Defend_P","Eruption","SandsOfTime+1","FearNoEvil","Swivel+1","FollowUp","DevaForm+1","Bandage Up+1","BowlingBash","DeusExMachina","TalkToTheHand+1","PathToVictory+1","FlyingSleeves","Establishment+1","WindmillStrike+1","Protect","Protect+1","JustLucky+1","Worship","Brilliance","CutThroughFate+1","FlurryOfBlows+1","Protect+1","CutThroughFate+1","CarveReality+1","SandsOfTime+1","PathToVictory+1","ClearTheMind+1"],"relics":["PureWater","Matryoshka","Mercury Hourglass","Tiny Chest","Anchor","Vajra","Bag of Preparation","VioletLotus","Enchiridion","Ancient Tea Set","Bottled Flame","Melange","Sundial","Dead Branch","InkBottle","Cursed Key","Juzu Bracelet","Oddly Smooth Stone","Pantograph","Art of War"],"potions_floor_usage":[7,13,33,33,39,42,46,47,50,50,50],"damage_taken":[{"damage":0,"enemies":"2 Louse","floor":1,"turns":3},{"damage":8,"enemies":"Small Slimes","floor":2,"turns":3},{"damage":1,"enemies":"Jaw Worm","floor":5,"turns":3},{"damage":11,"enemies":"Lagavulin","floor":7,"turns":4},{"damage":5,"enemies":"Gremlin Nob","floor":13,"turns":4},{"damage":0,"enemies":"Slime Boss","floor":16,"turns":4},{"damage":0,"enemies":"Chosen","floor":18,"turns":3},{"damage":8,"enemies":"Spheric Guardian","floor":20,"turns":4},{"damage":4,"enemies":"Shelled Parasite and Fungi","floor":21,"turns":4},{"damage":5,"enemies":"Slavers","floor":24,"turns":4},{"damage":0,"enemies":"Cultist and Chosen","floor":28,"turns":4},{"damage":0,"enemies":"Colosseum Slavers","floor":29,"turns":3},{"damage":23,"enemies":"Colosseum Nobs","floor":29,"turns":4},{"damage":0,"enemies":"Centurion and Healer","floor":31,"turns":4},{"damage":0,"enemies":"Champ","floor":33,"turns":7},{"damage":5,"enemies":"3 Shapes","floor":35,"turns":5},{"damage":4,"enemies":"3 Darklings","floor":36,"turns":3},{"damage":0,"enemies":"Jaw Worm Horde","floor":37,"turns":3},{"damage":0,"enemies":"Sphere and 2 Shapes","floor":38,"turns":3},{"damage":28,"enemies":"3 Darklings","floor":39,"turns":6},{"damage":0,"enemies":"Reptomancer","floor":40,"turns":7},{"damage":0,"enemies":"Spire Growth","floor":42,"turns":2},{"damage":0,"enemies":"Transient","floor":45,"turns":5},{"damage":13,"enemies":"3 Darklings","floor":46,"turns":3},{"damage":1,"enemies":"Giant Head","floor":48,"turns":6},{"damage":0,"enemies":"Donu and Deca","floor":50,"turns":8}],"seed_played":"1184059882826954249","potions_obtained":[{"floor":5,"key":"Block Potion"},{"floor":7,"key":"Strength Potion"},{"floor":18,"key":"AttackPotion"},{"floor":21,"key":"StancePotion"},{"floor":33,"key":"Energy Potion"},{"floor":35,"key":"Block Potion"},{"floor":36,"key":"Poison Potion"},{"floor":40,"key":"Dexterity Potion"},{"floor":42,"key":"EssenceOfSteel"},{"floor":48,"key":"Dexterity Potion"}],"is_trial":false,"path_per_floor":["M","M","?","?","M","R","E","$","T","$","?","R","E","T","R","B",null,"M","?","M","M","$","R","E","T","T","R","M","?","T","M","R","B",null,"M","M","M","M","M","E","R","M","T","R","M","M","$","E","R","B",null],"character_chosen":"WATCHER","items_purchased":["Bandage Up","Establishment","WindmillStrike","Fruit Juice","Pantograph"],"campfire_rested":2,"item_purchase_floors":[8,22,22,47,47],"current_hp_per_floor":[71,63,52,52,51,71,60,60,60,60,60,60,59,59,59,65,71,71,55,53,55,55,71,71,71,71,71,71,48,48,54,54,60,71,71,67,71,71,49,55,55,61,61,61,67,58,63,68,68,76],"gold":122,"neow_bonus":"TEN_PERCENT_HP_BONUS","is_prod":false,"is_daily":false,"chose_seed":false,"campfire_upgraded":7,"win_rate":0.0,"timestamp":1568060195,"path_taken":["M","M","?","?","M","R","E","$","T","$","?","R","E","?","R","BOSS","M","?","M","M","$","R","E","?","T","R","M","?","?","M","R","BOSS","M","?","M","M","M","E","R","M","T","R","M","M","$","E","R","BOSS"],"build_version":"2019-09-09","purchased_purges":3,"victory":true,"max_hp_per_floor":[71,71,71,71,71,71,71,71,71,71,71,71,71,71,71,71,71,71,71,71,71,71,71,71,71,71,71,71,71,71,71,71,71,71,71,71,71,71,71,71,71,71,71,71,71,71,76,76,76,76],"card_choices":[{"not_picked":["CutThroughFate","FlurryOfBlows"],"picked":"SandsOfTime","floor":1},{"not_picked":["Evaluate","Establishment"],"picked":"FearNoEvil","floor":2},{"not_picked":["Weave","BowlingBash"],"picked":"FollowUp","floor":5},{"not_picked":["Protect","Halt"],"picked":"DevaForm","floor":7},{"not_picked":["Conclude","EmptyBody"],"picked":"BowlingBash","floor":13},{"not_picked":["Unraveling","FlowState"],"picked":"DeusExMachina","floor":16},{"not_picked":["CarveReality","BowlingBash"],"picked":"TalkToTheHand+1","floor":18},{"not_picked":["EmptyMind","FollowUp+1"],"picked":"PathToVictory+1","floor":20},{"not_picked":["ReachHeaven","CrushJoints"],"picked":"FlyingSleeves","floor":21},{"not_picked":["Halt","JustLucky"],"picked":"Protect","floor":24},{"not_picked":["Establishment","Fasting+1"],"picked":"Protect+1","floor":28},{"not_picked":["EmptyBody","Crescendo"],"picked":"JustLucky+1","floor":29},{"not_picked":["InnerPeace","Vengeance+1"],"picked":"Worship","floor":31},{"not_picked":["Ragnarok","Vault"],"picked":"Brilliance","floor":33},{"not_picked":["FlyingSleeves+1","FollowUp"],"picked":"CutThroughFate+1","floor":35},{"not_picked":["Swivel+1","Evaluate+1"],"picked":"FlurryOfBlows+1","floor":36},{"not_picked":["Consecrate+1","BowlingBash+1"],"picked":"Protect","floor":37},{"not_picked":["Crescendo+1","FlyingSleeves"],"picked":"CutThroughFate+1","floor":38},{"not_picked":["DeusExMachina","ThirdEye+1"],"picked":"CarveReality+1","floor":39},{"not_picked":["Collect","Perseverance"],"picked":"SandsOfTime","floor":40},{"not_picked":["Swivel","Vengeance","FollowUp"],"picked":"SKIP","floor":42},{"not_picked":["Swivel+1","BowlingBash"],"picked":"PathToVictory+1","floor":45},{"not_picked":["Metaphysics","Swivel+1"],"picked":"ClearTheMind+1","floor":46},{"not_picked":["ClearTheMind","Establishment+1","FlyingSleeves"],"picked":"SKIP","floor":48}],"player_experience":318063,"relics_obtained":[{"floor":7,"key":"Matryoshka"},{"floor":9,"key":"Mercury Hourglass"},{"floor":9,"key":"Tiny Chest"},{"floor":13,"key":"Anchor"},{"floor":14,"key":"Vajra"},{"floor":14,"key":"Bag of Preparation"},{"floor":19,"key":"Enchiridion"},{"floor":24,"key":"Ancient Tea Set"},{"floor":25,"key":"Bottled Flame"},{"floor":26,"key":"Melange"},{"floor":29,"key":"Sundial"},{"floor":29,"key":"Dead Branch"},{"floor":30,"key":"InkBottle"},{"floor":40,"key":"Juzu Bracelet"},{"floor":43,"key":"Oddly Smooth Stone"},{"floor":48,"key":"Art of War"}],"event_choices":[{"damage_healed":0,"gold_gain":75,"player_choice":"Gather Gold","damage_taken":11,"max_hp_gain":0,"max_hp_loss":0,"event_name":"World of Goop","floor":3,"gold_loss":0},{"damage_healed":0,"gold_gain":0,"cards_transformed":["Vigilance"],"player_choice":"Change","damage_taken":0,"max_hp_gain":0,"max_hp_loss":0,"event_name":"Living Wall","floor":4,"gold_loss":0,"cards_obtained":["Swivel"]},{"damage_healed":0,"gold_gain":0,"player_choice":"Ignored","damage_taken":0,"max_hp_gain":0,"max_hp_loss":0,"event_name":"Liars Game","floor":11,"gold_loss":0},{"damage_healed":0,"gold_gain":0,"player_choice":"Obtained Book","damage_taken":16,"max_hp_gain":0,"max_hp_loss":0,"event_name":"Cursed Tome","floor":19,"gold_loss":0},{"damage_healed":0,"gold_gain":0,"player_choice":"Fight","damage_taken":0,"max_hp_gain":0,"max_hp_loss":0,"event_name":"Colosseum","floor":29,"gold_loss":0},{"damage_healed":0,"gold_gain":0,"player_choice":"Fought Nobs","damage_taken":0,"max_hp_gain":0,"max_hp_loss":0,"event_name":"Colosseum","floor":29,"gold_loss":0}],"is_beta":true,"boss_relics":[{"not_picked":["Busted Crown","Astrolabe"],"picked":"VioletLotus"},{"not_picked":["Runic Dome","Coffee Dripper"],"picked":"Cursed Key"}],"items_purged_floors":[8,10,47],"is_endless":false,"potions_floor_spawned":[5,7,18,21,29,33,35,36,40,42,48],"ascension_level":0}