{"gold_per_floor":[115,115,115,19,37,80,99,31,105,120,155,175,214,238,238,363,363,303,327,343,343,25,64,64,64,91,91,6,24,55,55,55,152,152,169,215,215,233,42,70,82,82,154,184,201,230,247,258,258,258],"floor_reached":51,"playtime":4838,"items_purged":["Injury"],"score":1072,"play_id":"aa0f9ac1-30e6-40d6-9009-35039a8a5cb5","local_time":"20190517030022","is_ascension_mode":true,"campfire_choices":[{"data":"Self Repair","floor":15,"key":"SMITH"},{"data":"Storm","floor":24,"key":"SMITH"},{"data":"Defragment","floor":27,"key":"SMITH"},{"data":"Bite","floor":32,"key":"SMITH"},{"data":"1","floor":42,"key":"LIFT"},{"data":"2","floor":49,"key":"LIFT"}],"neow_cost":"NONE","seed_source_timestamp":799673871064371,"circlet_count":0,"master_deck":["Defend_B","Defend_B","Defend_B","Defend_B","Zap","Dualcast","Gash","Gash+1","Sunder","Self Repair+1","Defragment+1","Steam","Genetic Algorithm","Storm+1","Go for the Eyes","Conserve Battery","Buffer","Steam","White Noise","Bite+1","Bite","Bite","Bite","Bite","Self Repair","Gash","Genetic Algorithm","Conserve Battery","Sunder+1","Scrape+1","Steam","Heatsinks","Creative AI","Ball Lightning+1","Heatsinks","Storm","Steam","Chaos+1","FTL+1","Stack+1","Steam","Steam","Rip and Tear+1","Gash+1"],"relics":["FrozenCore","Bloody Idol","Meat on the Bone","Dodecahedron","Centennial Puzzle","Whetstone","Bag of Preparation","DataDisk","Molten Egg 2","Strawberry","Lantern","Lizard Tail","Girya","Mercury Hourglass","Cables","Potion Belt","Anchor"],"potions_floor_usage":[11,13,23,30,33,33,33,33,36,36,50,50,50],"damage_taken":[{"damage":1,"enemies":"Cultist","floor":1,"turns":3},{"damage":3,"enemies":"Small Slimes","floor":5,"turns":3},{"damage":23,"enemies":"Gremlin Nob","floor":6,"turns":4},{"damage":7,"enemies":"Jaw Worm","floor":7,"turns":2},{"damage":7,"enemies":"Looter","floor":10,"turns":3},{"damage":30,"enemies":"Lagavulin","floor":11,"turns":6},{"damage":6,"enemies":"2 Fungi Beasts","floor":12,"turns":3},{"damage":21,"enemies":"Gremlin Nob","floor":13,"turns":4},{"damage":15,"enemies":"Blue Slaver","floor":14,"turns":4},{"damage":45,"enemies":"Slime Boss","floor":16,"turns":11},{"damage":16,"enemies":"2 Thieves","floor":18,"turns":4},{"damage":34,"enemies":"Shell Parasite","floor":20,"turns":7},{"damage":35,"enemies":"Gremlin Leader","floor":23,"turns":9},{"damage":21,"enemies":"Centurion and Healer","floor":29,"turns":4},{"damage":35,"enemies":"Slavers","floor":30,"turns":5},{"damage":72,"enemies":"Automaton","floor":33,"turns":10},{"damage":54,"enemies":"3 Darklings","floor":35,"turns":6},{"damage":40,"enemies":"2 Orb Walkers","floor":36,"turns":5},{"damage":2,"enemies":"Orb Walker","floor":38,"turns":4},{"damage":13,"enemies":"Nemesis","floor":40,"turns":5},{"damage":47,"enemies":"Writhing Mass","floor":41,"turns":6},{"damage":35,"enemies":"Giant Head","floor":44,"turns":8},{"damage":4,"enemies":"Maw","floor":45,"turns":7},{"damage":0,"enemies":"Nemesis","floor":46,"turns":7},{"damage":5,"enemies":"3 Darklings","floor":47,"turns":4},{"damage":0,"enemies":"Spire Growth","floor":48,"turns":4},{"damage":105,"enemies":"Time Eater","floor":50,"turns":10}],"seed_played":"-8501993175945095369","potions_obtained":[{"floor":10,"key":"Explosive Potion"},{"floor":11,"key":"AttackPotion"},{"floor":13,"key":"SmokeBomb"},{"floor":14,"key":"EntropicBrew"},{"floor":20,"key":"FearPotion"},{"floor":30,"key":"Weak Potion"},{"floor":33,"key":"Regen Potion"},{"floor":35,"key":"Explosive Potion"},{"floor":44,"key":"Weak Potion"},{"floor":46,"key":"LiquidBronze"}],"is_trial":false,"path_per_floor":["M","?","?","?","M","E","M","$","T","M","E","M","E","M","R","B",null,"M","T","M","?","$","E","R","?","T","R","$","M","E","?","R","B",null,"M","?","?","M","$","E","M","R","T","E","M","E","M","M","R","B",null],"character_chosen":"DEFECT","items_purchased":["Defragment","Self Repair","Gash","DataDisk","Genetic Algorithm","Scrape+1","PowerPotion","Storm","Steam"],"campfire_rested":0,"item_purchase_floors":[8,22,22,22,22,28,28,39,39],"current_hp_per_floor":[81,81,86,86,84,63,58,58,58,60,51,54,54,60,60,39,87,81,81,59,59,59,65,65,65,72,72,72,74,68,68,68,49,94,76,64,64,88,88,94,67,67,72,70,88,94,94,94,94,22],"gold":258,"neow_bonus":"TEN_PERCENT_HP_BONUS","is_prod":false,"is_daily":false,"chose_seed":false,"campfire_upgraded":4,"win_rate":0,"timestamp":1558087222,"path_taken":["M","?","?","?","?","E","?","$","T","M","E","M","E","M","R","BOSS","M","?","M","?","$","E","R","?","T","R","$","M","E","?","R","BOSS","M","?","?","M","$","E","M","R","T","E","M","E","M","?","R","BOSS"],"build_version":"2019-05-07","purchased_purges":1,"victory":true,"max_hp_per_floor":[82,82,87,87,87,87,87,87,87,87,87,87,87,87,87,87,87,87,87,87,87,87,87,87,87,94,94,94,94,94,94,94,94,94,94,94,94,94,94,94,94,94,94,94,94,94,94,94,94,94],"card_choices":[{"not_picked":["Turbo","Conserve Battery"],"picked":"Gash","floor":1},{"not_picked":["Aggregate","Auto Shields"],"picked":"Gash","floor":5},{"not_picked":["Stack","Hologram"],"picked":"Sunder","floor":6},{"not_picked":["Force Field","Tempest"],"picked":"Self Repair","floor":7},{"not_picked":["FTL","Redo"],"picked":"Steam","floor":10},{"not_picked":["Heatsinks","Darkness"],"picked":"Genetic Algorithm","floor":11},{"not_picked":["Stack","Beam Cell"],"picked":"Storm","floor":12},{"not_picked":["Core Surge","Stack"],"picked":"Go for the Eyes","floor":13},{"not_picked":["Doom and Gloom","Coolheaded"],"picked":"Conserve Battery","floor":14},{"not_picked":["All For One","Amplify"],"picked":"Buffer","floor":16},{"not_picked":["Tempest","Blizzard"],"picked":"Steam","floor":18},{"not_picked":["Sweeping Beam","Skim"],"picked":"White Noise","floor":20},{"not_picked":["Amplify","Hologram"],"picked":"Conserve Battery","floor":23},{"not_picked":["Conserve Battery","Compile Driver+1"],"picked":"Steam","floor":29},{"not_picked":["Chaos","Leap"],"picked":"Heatsinks","floor":30},{"not_picked":["Hyperbeam+1","Fission"],"picked":"Creative AI","floor":33},{"not_picked":["Turbo","Rebound+1","Doom and Gloom+1"],"picked":"SKIP","floor":35},{"not_picked":["Blizzard+1","Sweeping Beam+1"],"picked":"Ball Lightning+1","floor":36},{"not_picked":["Genetic Algorithm+1","Lockon+1"],"picked":"Heatsinks","floor":38},{"not_picked":["Hologram","Reinforced Body"],"picked":"Chaos+1","floor":40},{"not_picked":["White Noise+1","Beam Cell+1"],"picked":"FTL+1","floor":41},{"not_picked":["Glacier","Rebound+1"],"picked":"Stack+1","floor":44},{"not_picked":["Rainbow","Reinforced Body"],"picked":"Steam","floor":45},{"not_picked":["Consume","Doom and Gloom+1"],"picked":"Steam","floor":46},{"not_picked":["Recycle+1","Aggregate+1"],"picked":"Rip and Tear+1","floor":47},{"not_picked":["Hello World","Streamline+1"],"picked":"Gash+1","floor":48}],"player_experience":290674,"relics_obtained":[{"floor":6,"key":"Meat on the Bone"},{"floor":9,"key":"Dodecahedron"},{"floor":11,"key":"Centennial Puzzle"},{"floor":13,"key":"Whetstone"},{"floor":19,"key":"Bag of Preparation"},{"floor":23,"key":"Molten Egg 2"},{"floor":26,"key":"Strawberry"},{"floor":30,"key":"Lantern"},{"floor":36,"key":"Girya"},{"floor":40,"key":"Mercury Hourglass"},{"floor":43,"key":"Cables"},{"floor":44,"key":"Potion Belt"},{"floor":46,"key":"Anchor"}],"event_choices":[{"damage_healed":0,"gold_gain":0,"player_choice":"Take Wound","damage_taken":0,"relics_obtained":["Golden Idol"],"max_hp_gain":0,"max_hp_loss":0,"event_name":"Golden Idol","floor":2,"gold_loss":0,"cards_obtained":["Injury"]},{"damage_healed":0,"gold_gain":0,"player_choice":"Donut","damage_taken":0,"max_hp_gain":5,"max_hp_loss":0,"event_name":"Big Fish","floor":3,"gold_loss":0},{"damage_healed":0,"gold_gain":0,"player_choice":"Paid Gold","damage_taken":0,"relics_obtained":["Blood Vial"],"max_hp_gain":0,"max_hp_loss":0,"event_name":"WeMeetAgain","floor":4,"gold_loss":96},{"damage_healed":0,"gold_gain":0,"player_choice":"Became a vampire (Vial)","damage_taken":0,"max_hp_gain":0,"max_hp_loss":0,"event_name":"Vampires","floor":21,"relics_lost":["Blood Vial"],"gold_loss":0,"cards_obtained":["Bite","Bite","Bite","Bite","Bite"]},{"damage_healed":0,"gold_gain":0,"player_choice":"Read","damage_taken":0,"max_hp_gain":0,"max_hp_loss":0,"event_name":"The Library","floor":25,"gold_loss":0,"cards_obtained":["Sunder"]},{"damage_healed":0,"gold_gain":0,"player_choice":"Gave Idol","damage_taken":0,"relics_obtained":["Bloody Idol"],"max_hp_gain":0,"max_hp_loss":0,"event_name":"Forgotten Altar","floor":31,"relics_lost":["Golden Idol"],"gold_loss":0},{"damage_healed":0,"gold_gain":0,"player_choice":"Fight","damage_taken":0,"max_hp_gain":0,"max_hp_loss":0,"event_name":"Mysterious Sphere","floor":36,"gold_loss":0},{"damage_healed":0,"gold_gain":0,"player_choice":"Bought 0 Potions","damage_taken":0,"max_hp_gain":0,"max_hp_loss":0,"event_name":"The Woman in Blue","floor":37,"gold_loss":0}],"is_beta":true,"boss_relics":[{"not_picked":["White Beast Statue","Black Star"],"picked":"FrozenCore"},{"not_picked":["Snecko Eye","Coffee Dripper"],"picked":"Lizard Tail"}],"items_purged_floors":[39],"is_endless":false,"potions_floor_spawned":[10,11,13,14,20,30,33,35,44,46],"ascension_level":4}