{"gold_per_floor":[118,132,132,146,146,157,157,170,194,144,144,219,253,21,21,124,124,138,156,46,46,46,46,64,76,76,111,111,111,129,57,57,157,157,174,174,193,212,47,77,77,90,114,114,114,114,14,14,14,14],"floor_reached":51,"playtime":7944,"items_purged":["Strike_B","Defend_B"],"score":768,"play_id":"fc54b741-8072-4e84-9ec8-6e89059c6807","local_time":"20190906163903","is_ascension_mode":false,"campfire_choices":[{"data":"Buffer","floor":7.0,"key":"SMITH"},{"data":"Steam","floor":11.0,"key":"SMITH"},{"data":"Storm","floor":15.0,"key":"SMITH"},{"floor":23.0,"key":"REST"},{"floor":32,"key":"REST"},{"data":"Electrodynamics","floor":44,"key":"SMITH"},{"floor":46,"key":"REST"},{"floor":49,"key":"REST"}],"neow_cost":"NONE","seed_source_timestamp":0,"circlet_count":0,"master_deck":["Strike_B+1","Strike_B+1","Zap+1","Dualcast+1","Genetic Algorithm+1","Force Field+1","Buffer+1","Heatsinks+1","Steam+1","Conserve Battery+1","Leap+1","Storm+1","Thunder Strike+1","Electrodynamics+1","Chill+1","Streamline+1","Capacitor+1","Ball Lightning+1","Blizzard+1","Creative AI+1","Ghostly+1","Ghostly+1","Ghostly+1","Ghostly+1","Ghostly+1","Reinforced Body+1","Fission+1","Chill+1","Tempest+1","Reprogram+1","Darkness+1","Stack+1","Doom and Gloom+1","Reinforced Body+1","Aggregate+1"],"special_seed":0,"relics":["Cracked Core","Happy Flower","Centennial Puzzle","Inserter","Toxic Egg 2","Ancient Tea Set","Runic Pyramid","Bottled Tornado","Oddly Smooth Stone","Strawberry","Mark of the Bloom"],"potions_floor_usage":[33,50],"damage_taken":[{"damage":0.0,"enemies":"Cultist","floor":1.0,"turns":3.0},{"damage":1.0,"enemies":"Jaw Worm","floor":2.0,"turns":3.0},{"damage":5.0,"enemies":"Small Slimes","floor":4.0,"turns":3.0},{"damage":8.0,"enemies":"3 Louse","floor":6.0,"turns":4.0},{"damage":2.0,"enemies":"Blue Slaver","floor":8.0,"turns":4.0},{"damage":8.0,"enemies":"Gremlin Nob","floor":13.0,"turns":5.0},{"damage":0.0,"enemies":"The Guardian","floor":16.0,"turns":10.0},{"damage":20.0,"enemies":"2 Thieves","floor":18.0,"turns":3.0},{"damage":0.0,"enemies":"Shell Parasite","floor":19.0,"turns":4.0},{"damage":0.0,"enemies":"3 Cultists","floor":24.0,"turns":5.0},{"damage":3.0,"enemies":"Cultist and Chosen","floor":25.0,"turns":6.0},{"damage":45.0,"enemies":"Gremlin Leader","floor":27.0,"turns":9.0},{"damage":0.0,"enemies":"Centurion and Healer","floor":30.0,"turns":8.0},{"damage":8,"enemies":"Collector","floor":33,"turns":12},{"damage":9,"enemies":"3 Shapes","floor":35,"turns":4},{"damage":0,"enemies":"Orb Walker","floor":37,"turns":5},{"damage":0,"enemies":"Sphere and 2 Shapes","floor":38,"turns":5},{"damage":1,"enemies":"Giant Head","floor":40,"turns":12},{"damage":3,"enemies":"Maw","floor":42,"turns":12},{"damage":42,"enemies":"Time Eater","floor":50,"turns":17}],"seed_played":"8180232996526162078","potions_obtained":[{"floor":2.0,"key":"SteroidPotion"},{"floor":6.0,"key":"AttackPotion"},{"floor":16.0,"key":"SteroidPotion"},{"floor":24.0,"key":"Dexterity Potion"},{"floor":27.0,"key":"Regen Potion"},{"floor":40,"key":"SteroidPotion"}],"is_trial":false,"path_per_floor":["M","M","?","M","?","M","R","M","T","?","R","?","E","$","R","B",null,"M","M","$","?","?","R","M","M","T","E","?","?","M","$","R","B",null,"M","?","M","M","$","E","?","M","T","R","T","R","$","?","R","B",null],"character_chosen":"DEFECT","items_purchased":["Leap","Storm","Thunder Strike","Capacitor","Reinforced Body+1","Darkness+1","Stack+1","Doom and Gloom"],"campfire_rested":4,"item_purchase_floors":[14,14,14,20,31,39,39,39],"current_hp_per_floor":[82,81,81,76,76,68,68,66,66,66,66,55,47,47,47,47,82,62,62,62,46,46,72,72,69,69,24,8,8,8,8,20,27,43,34,34,34,34,34,33,33,30,30,30,37,50,50,50,50,8],"gold":14,"neow_bonus":"TEN_PERCENT_HP_BONUS","is_prod":false,"is_daily":false,"chose_seed":false,"campfire_upgraded":4,"win_rate":0.0,"timestamp":1567802343,"path_taken":["M","M","?","?","?","?","R","M","T","?","R","?","E","?","R","BOSS","M","M","$","?","?","R","?","M","T","E","?","?","M","?","R","BOSS","M","?","M","M","$","E","?","M","T","R","?","R","$","?","R","BOSS"],"build_version":"2019-07-17","purchased_purges":2,"victory":true,"max_hp_per_floor":[82,82,82,82,82,82,82,82,82,82,82,82,82,82,82,82,82,82,82,82,87,87,87,87,87,87,87,87,43,43,43,43,43,43,43,43,43,43,43,43,43,43,43,43,50,50,50,50,50,50],"card_choices":[{"not_picked":["Sweeping Beam","Leap"],"picked":"Genetic Algorithm","floor":1.0},{"not_picked":["Streamline","Go for the Eyes"],"picked":"Force Field","floor":2.0},{"not_picked":["BootSequence","Beam Cell"],"picked":"Buffer","floor":4.0},{"not_picked":["Leap","Conserve Battery"],"picked":"Heatsinks","floor":6.0},{"not_picked":["Sweeping Beam","Beam Cell"],"picked":"Steam","floor":8.0},{"not_picked":["Barrage","Compile Driver"],"picked":"Conserve Battery","floor":13.0},{"not_picked":["All For One","Rainbow"],"picked":"Electrodynamics","floor":16.0},{"not_picked":["Conserve Battery","Redo"],"picked":"Chill","floor":18.0},{"not_picked":["Sweeping Beam","Conserve Battery"],"picked":"Streamline+1","floor":19.0},{"not_picked":["Cold Snap","Hologram"],"picked":"Ball Lightning","floor":24.0},{"not_picked":["Go for the Eyes","Capacitor"],"picked":"Blizzard","floor":25.0},{"not_picked":["Self Repair","Lockon+1"],"picked":"Creative AI","floor":27.0},{"not_picked":["Compile Driver","Hologram+1"],"picked":"Chill+1","floor":30.0},{"not_picked":["Reboot+1","Biased Cognition"],"picked":"Fission+1","floor":33},{"not_picked":["Redo+1","Barrage+1"],"picked":"Chill+1","floor":35},{"not_picked":["Hello World+1","Hologram+1"],"picked":"Tempest+1","floor":37},{"not_picked":["Steam+1","Streamline+1"],"picked":"Reprogram+1","floor":38},{"not_picked":["Beam Cell","Capacitor+1"],"picked":"Reinforced Body+1","floor":40},{"not_picked":["Chaos+1","Genetic Algorithm+1"],"picked":"Aggregate+1","floor":42}],"player_experience":23255,"relics_obtained":[{"floor":9.0,"key":"Happy Flower"},{"floor":13.0,"key":"Centennial Puzzle"},{"floor":26.0,"key":"Toxic Egg 2"},{"floor":27.0,"key":"Ancient Tea Set"},{"floor":40,"key":"Bottled Tornado"},{"floor":43,"key":"Oddly Smooth Stone"},{"floor":45,"key":"Strawberry"}],"event_choices":[{"cards_removed":["Defend_B"],"damage_healed":0.0,"max_hp_gain":0.0,"max_hp_loss":0.0,"gold_gain":0.0,"event_name":"Bonfire Elementals","player_choice":"Offered Basic","floor":3.0,"gold_loss":0.0,"damage_taken":0.0},{"cards_removed":["Defend_B"],"damage_healed":0.0,"max_hp_gain":0.0,"max_hp_loss":0.0,"gold_gain":0.0,"event_name":"Purifier","player_choice":"Purged","floor":5.0,"gold_loss":0.0,"damage_taken":0.0},{"cards_removed":["Defend_B"],"damage_healed":0.0,"max_hp_gain":0.0,"max_hp_loss":0.0,"gold_gain":0.0,"event_name":"The Cleric","player_choice":"Card Removal","floor":10.0,"gold_loss":50.0,"damage_taken":0.0},{"damage_healed":0.0,"max_hp_gain":0.0,"max_hp_loss":0.0,"gold_gain":75.0,"event_name":"World of Goop","player_choice":"Gather Gold","floor":12.0,"gold_loss":0.0,"damage_taken":11.0},{"damage_healed":0.0,"max_hp_gain":5.0,"max_hp_loss":0.0,"gold_gain":0.0,"event_name":"Forgotten Altar","player_choice":"Shed Blood","floor":21.0,"gold_loss":0.0,"damage_taken":21.0},{"cards_removed":["Strike_B"],"damage_healed":0.0,"max_hp_gain":0.0,"max_hp_loss":0.0,"gold_gain":0.0,"event_name":"Purifier","player_choice":"Purged","floor":22.0,"gold_loss":0.0,"damage_taken":0.0},{"damage_healed":0.0,"max_hp_gain":0.0,"max_hp_loss":0.0,"gold_gain":0.0,"event_name":"Cursed Tome","player_choice":"Obtained Book","floor":28.0,"gold_loss":0.0,"damage_taken":16.0},{"damage_healed":0.0,"max_hp_gain":0.0,"max_hp_loss":44.0,"gold_gain":0.0,"event_name":"Ghosts","player_choice":"Became a Ghost","floor":29.0,"gold_loss":0.0,"damage_taken":0.0,"cards_obtained":["Ghostly","Ghostly","Ghostly","Ghostly","Ghostly"]},{"damage_healed":0,"gold_gain":0,"player_choice":"Memory 1","damage_taken":0,"max_hp_gain":0,"max_hp_loss":0,"event_name":"SensoryStone","floor":36,"gold_loss":0},{"cards_removed":["Chill"],"damage_healed":0,"gold_gain":0,"player_choice":"Removed Skill","damage_taken":0,"max_hp_gain":0,"max_hp_loss":0,"event_name":"Falling","floor":41,"gold_loss":0},{"damage_healed":0,"gold_gain":0,"player_choice":"Upgrade","damage_taken":0,"relics_obtained":["Mark of the Bloom"],"max_hp_gain":0,"max_hp_loss":0,"event_name":"MindBloom","floor":48,"gold_loss":0,"cards_upgraded":["Strike_B","Strike_B","Zap","Dualcast","Genetic Algorithm","Force Field","Heatsinks","Conserve Battery","Leap","Thunder Strike","Chill","Capacitor","Ball Lightning","Blizzard","Creative AI","Doom and Gloom"]}],"is_beta":false,"boss_relics":[{"not_picked":["Sozu","Cursed Key"],"picked":"Inserter"},{"not_picked":["Empty Cage","Tiny House"],"picked":"Runic Pyramid"}],"items_purged_floors":[20,47],"is_endless":false,"potions_floor_spawned":[2,6,16,24,25,27,40,42],"ascension_level":0}