{"gold_per_floor":[112,187,69,85,105,130,130,156,225,225,225,43,72,72,72,173,173,183,196,209,221,241,241,268,543,543,560,571,582,130,156,168,279,341,373,395,28,28,28,54,73,106,106,119,45,45,45,72,72,72],"floor_reached":50,"playtime":5095,"items_purged":["Defend_B"],"score":784,"play_id":"76d1cbfb-e0c3-4158-8cae-2e33bed79955","local_time":"20190427203950","is_ascension_mode":true,"campfire_choices":[{"floor":7,"key":"REST"},{"floor":10,"key":"REST"},{"floor":15,"key":"REST"},{"floor":23,"key":"REST"},{"floor":32,"key":"REST"},{"floor":47,"key":"REST"},{"floor":49,"key":"REST"}],"neow_cost":"NONE","seed_source_timestamp":617553858429412,"circlet_count":0,"master_deck":["Strike_B","Strike_B","Strike_B","Defend_B","Defend_B","Defend_B+1","Zap","Dualcast","Trip","BootSequence","Heatsinks","Leap","Gash","Steam","Glacier","Static Discharge","Ball Lightning","Electrodynamics","Go for the Eyes","Steam","Barrage+1","Static Discharge+1","Darkness+1","Gash+1","Beam Cell","All For One","Storm","Beam Cell","Electrodynamics","Gash+1","Blizzard+1","Leap+1","Capacitor","Gash","Bandage Up","Conserve Battery","Coolheaded","Capacitor+1","Stack+1","Force Field+1","Hello World","Writhe","Conserve Battery+1","Ball Lightning+1","Loop"],"relics":["FrozenCore","Gambling Chip","Omamori","Matryoshka","Bronze Scales","Orichalcum","Meat on the Bone","PreservedInsect","Dream Catcher","Regal Pillow","Oddly Smooth Stone","Pear","MawBank","Tiny House","DataDisk","Strawberry","Blood Vial","Toxic Egg 2","Bottled Lightning","Smiling Mask"],"potions_floor_usage":[6,6,8,16,22,22,33,34,50,50],"damage_taken":[{"damage":7,"enemies":"Jaw Worm","floor":1,"turns":3},{"damage":0,"enemies":"2 Louse","floor":4,"turns":2},{"damage":0,"enemies":"Cultist","floor":5,"turns":4},{"damage":25,"enemies":"3 Sentries","floor":6,"turns":9},{"damage":16,"enemies":"Lagavulin","floor":8,"turns":6},{"damage":25,"enemies":"3 Sentries","floor":13,"turns":10},{"damage":38,"enemies":"Slime Boss","floor":16,"turns":12},{"damage":10,"enemies":"Chosen","floor":18,"turns":4},{"damage":0,"enemies":"3 Byrds","floor":19,"turns":3},{"damage":26,"enemies":"Centurion and Healer","floor":20,"turns":7},{"damage":14,"enemies":"Snecko","floor":21,"turns":4},{"damage":14,"enemies":"Shelled Parasite and Fungi","floor":22,"turns":5},{"damage":24,"enemies":"Book of Stabbing","floor":24,"turns":4},{"damage":11,"enemies":"Snake Plant","floor":27,"turns":4},{"damage":16,"enemies":"Centurion and Healer","floor":28,"turns":6},{"damage":12,"enemies":"Sentry and Sphere","floor":29,"turns":4},{"damage":52,"enemies":"Automaton","floor":33,"turns":8},{"damage":0,"enemies":"3 Shapes","floor":35,"turns":4},{"damage":12,"enemies":"Orb Walker","floor":36,"turns":3},{"damage":24,"enemies":"Reptomancer","floor":40,"turns":4},{"damage":41,"enemies":"Transient","floor":41,"turns":5},{"damage":62,"enemies":"Giant Head","floor":42,"turns":8},{"damage":36,"enemies":"Spire Growth","floor":44,"turns":6},{"damage":27,"enemies":"Nemesis","floor":48,"turns":7},{"damage":102,"enemies":"Time Eater","floor":50,"turns":11}],"seed_played":"3115531362029201990","potions_obtained":[{"floor":1,"key":"Energy Potion"},{"floor":5,"key":"Weak Potion"},{"floor":13,"key":"LiquidBronze"},{"floor":20,"key":"AttackPotion"},{"floor":21,"key":"Regen Potion"},{"floor":24,"key":"FairyPotion"},{"floor":29,"key":"Weak Potion"},{"floor":33,"key":"Fruit Juice"},{"floor":36,"key":"GamblersBrew"},{"floor":44,"key":"EssenceOfSteel"},{"floor":48,"key":"GamblersBrew"}],"is_trial":false,"path_per_floor":["M","?","$","M","M","E","R","E","T","R","?","$","E","?","R","B",null,"M","M","M","M","M","R","E","?","T","M","M","M","$","T","R","B",null,"M","M","$","?","$","E","M","E","T","M","$","?","R","E","R","B"],"character_chosen":"DEFECT","items_purchased":["Heatsinks","PowerPotion","Static Discharge","FairyPotion","Regal Pillow","Oddly Smooth Stone","Storm","Capacitor","Gash","Bandage Up","DataDisk","Conserve Battery","Hello World"],"campfire_rested":7,"item_purchase_floors":[3,3,12,12,30,30,30,37,37,37,37,37,45],"current_hp_per_floor":[68,57,57,57,57,32,54,38,38,60,60,60,35,35,57,19,75,65,65,39,25,26,48,24,24,24,25,21,21,21,31,71,31,95,95,83,83,90,90,66,39,22,22,22,22,48,93,72,102,0],"gold":72,"neow_bonus":"RANDOM_COLORLESS","is_prod":false,"is_daily":false,"chose_seed":false,"campfire_upgraded":0,"win_rate":0,"timestamp":1556422790,"path_taken":["M","?","$","M","M","E","R","E","T","R","?","$","E","?","R","BOSS","M","?","M","?","M","R","E","?","T","?","?","M","$","?","R","BOSS","M","M","$","?","?","E","M","E","T","M","$","?","R","E","R","BOSS"],"build_version":"2019-04-23","purchased_purges":1,"victory":false,"max_hp_per_floor":[75,75,75,75,75,75,75,75,75,75,75,75,75,75,75,75,75,75,75,75,75,75,75,75,75,75,75,75,75,75,85,85,85,95,95,95,95,102,102,102,102,102,102,102,102,102,102,102,102,102],"card_choices":[{"not_picked":["Hologram","Leap"],"picked":"BootSequence","floor":1},{"not_picked":["Sweeping Beam","Reprogram"],"picked":"Leap","floor":4},{"not_picked":["Melter","Cold Snap"],"picked":"Gash","floor":5},{"not_picked":["Streamline","Conserve Battery"],"picked":"Steam","floor":6},{"not_picked":["Rebound","Undo"],"picked":"Glacier","floor":8},{"not_picked":["Reprogram","Reinforced Body"],"picked":"Ball Lightning","floor":13},{"not_picked":["Multi-Cast","Buffer"],"picked":"Electrodynamics","floor":16},{"not_picked":["Recycle+1","Double Energy"],"picked":"Go for the Eyes","floor":18},{"not_picked":["Rebound+1","Streamline"],"picked":"Steam","floor":19},{"not_picked":["Streamline","Rebound"],"picked":"Barrage+1","floor":20},{"not_picked":["Conserve Battery","Compile Driver+1"],"picked":"Static Discharge+1","floor":21},{"not_picked":["Turbo","Rebound","Coolheaded"],"picked":"SKIP","floor":22},{"not_picked":["Hologram+1","Stack"],"picked":"Darkness+1","floor":24},{"not_picked":["Conserve Battery+1","Consume+1"],"picked":"Gash+1","floor":27},{"not_picked":["Barrage","Redo"],"picked":"Beam Cell","floor":28},{"not_picked":["Cold Snap","Coolheaded"],"picked":"All For One","floor":29},{"not_picked":["Conserve Battery","Lockon"],"picked":"Beam Cell","floor":32},{"not_picked":["Meteor Strike","Core Surge"],"picked":"Electrodynamics","floor":33},{"not_picked":["Aggregate","Lockon"],"picked":"Gash+1","floor":34},{"not_picked":["FTL","Coolheaded"],"picked":"Blizzard+1","floor":35},{"not_picked":["Streamline+1","Redo+1"],"picked":"Leap+1","floor":36},{"not_picked":["Streamline","Reprogram"],"picked":"Coolheaded","floor":40},{"not_picked":["Stack","Sunder"],"picked":"Capacitor+1","floor":41},{"not_picked":["FTL","Coolheaded+1"],"picked":"Stack+1","floor":42},{"not_picked":["Hyperbeam","Reinforced Body+1"],"picked":"Force Field+1","floor":44},{"not_picked":["Streamline+1","Auto Shields+1"],"picked":"Conserve Battery+1","floor":47},{"not_picked":["Meteor Strike","Amplify+1"],"picked":"Ball Lightning+1","floor":48},{"not_picked":["Gash","Compile Driver"],"picked":"Loop","floor":49}],"player_experience":270923,"relics_obtained":[{"floor":6,"key":"Gambling Chip"},{"floor":8,"key":"Omamori"},{"floor":9,"key":"Matryoshka"},{"floor":13,"key":"Orichalcum"},{"floor":24,"key":"Meat on the Bone"},{"floor":26,"key":"PreservedInsect"},{"floor":26,"key":"Dream Catcher"},{"floor":31,"key":"Pear"},{"floor":31,"key":"MawBank"},{"floor":40,"key":"Blood Vial"},{"floor":42,"key":"Toxic Egg 2"},{"floor":43,"key":"Bottled Lightning"},{"floor":48,"key":"Smiling Mask"}],"event_choices":[{"damage_healed":0,"gold_gain":75,"player_choice":"Gather Gold","damage_taken":11,"max_hp_gain":0,"max_hp_loss":0,"event_name":"World of Goop","floor":2,"gold_loss":0},{"damage_healed":0,"gold_gain":0,"player_choice":"Box","damage_taken":0,"relics_obtained":["Bronze Scales"],"max_hp_gain":0,"max_hp_loss":0,"event_name":"Big Fish","floor":11,"gold_loss":0,"cards_obtained":["Regret"]},{"cards_removed":["Strike_B"],"damage_healed":0,"gold_gain":0,"player_choice":"Purged","damage_taken":0,"max_hp_gain":0,"max_hp_loss":0,"event_name":"Purifier","floor":14,"gold_loss":0},{"damage_healed":0,"gold_gain":275,"player_choice":"Desecrate","damage_taken":0,"max_hp_gain":0,"max_hp_loss":0,"event_name":"Golden Shrine","floor":25,"gold_loss":0,"cards_obtained":["Regret"]},{"damage_healed":0,"gold_gain":0,"player_choice":"Gave Potion","damage_taken":0,"relics_obtained":["Strawberry"],"max_hp_gain":0,"max_hp_loss":0,"event_name":"WeMeetAgain","floor":38,"gold_loss":0},{"damage_healed":26,"gold_gain":0,"player_choice":"Writhe","damage_taken":0,"max_hp_gain":0,"max_hp_loss":0,"event_name":"Winding Halls","floor":46,"gold_loss":0,"cards_obtained":["Writhe"]}],"is_beta":true,"boss_relics":[{"not_picked":["White Beast Statue","Snecko Eye"],"picked":"FrozenCore"},{"not_picked":["Runic Pyramid","Busted Crown"],"picked":"Tiny House"}],"items_purged_floors":[30],"is_endless":false,"potions_floor_spawned":[1,5,13,20,21,24,29,33,36,44,48],"killed_by":"Time Eater","ascension_level":4}