{"gold_per_floor":[110,285,304,323,347,376,388,420,420,420,434,283,301,335,335,439,439,455,471,205,223,34,34,0,0,27,52,52,52],"floor_reached":29,"playtime":2439,"items_purged":["Strike_G"],"score":302,"play_id":"51d311c8-a0e6-42e7-8f12-be27ed651933","local_time":"20180707103715","is_ascension_mode":true,"campfire_choices":[{"floor":10.0,"key":"REST"},{"floor":15.0,"key":"REST"},{"floor":23,"key":"REST"},{"floor":25,"key":"REST"}],"neow_cost":"","seed_source_timestamp":0,"circlet_count":0,"master_deck":["Defend_G","Defend_G","Defend_G","Defend_G","Defend_G","Strike_G","Strike_G","Survivor","Neutralize","Backstab","Slice","Choke","Bouncing Flask","Prepared","Outmaneuver","Dodge and Roll","Infinite Blades","Acrobatics","Sucker Punch","Grand Finale","Poisoned Stab","Noxious Fumes+1","Infinite Blades","Cloak And Dagger","Infinite Blades","Backstab","After Image"],"special_seed":0,"relics":["Ring of the Snake","Boot","Snake Skull","Oddly Smooth Stone","Vajra","Blood Vial","Blue Candle","Empty Cage","Lantern","Art of War","Pen Nib","Singing Bowl"],"potions_floor_usage":[19,19,21],"damage_taken":[{"damage":1.0,"enemies":"Cultist","floor":1.0,"turns":4.0},{"damage":0.0,"enemies":"2 Louse","floor":3.0,"turns":2.0},{"damage":2.0,"enemies":"Jaw Worm","floor":4.0,"turns":4.0},{"damage":22.0,"enemies":"Gremlin Nob","floor":6.0,"turns":5.0},{"damage":2.0,"enemies":"Looter","floor":7.0,"turns":2.0},{"damage":6.0,"enemies":"3 Sentries","floor":8.0,"turns":7.0},{"damage":3.0,"enemies":"Exordium Wildlife","floor":11.0,"turns":4.0},{"damage":14.0,"enemies":"Lots of Slimes","floor":13.0,"turns":3.0},{"damage":29.0,"enemies":"Lagavulin","floor":14.0,"turns":7.0},{"damage":34.0,"enemies":"Slime Boss","floor":16.0,"turns":12.0},{"damage":20,"enemies":"Spheric Guardian","floor":18,"turns":5},{"damage":16,"enemies":"2 Thieves","floor":19,"turns":4},{"damage":42,"enemies":"Sentry and Sphere","floor":21,"turns":6},{"damage":45,"enemies":"Slavers","floor":27,"turns":7},{"damage":9,"enemies":"Snecko","floor":29,"turns":3}],"seed_played":"3505352723560382590","potions_obtained":[{"floor":3.0,"key":"SpeedPotion"},{"floor":4.0,"key":"Block Potion"},{"floor":7.0,"key":"Block Potion"},{"floor":13.0,"key":"Explosive Potion"},{"floor":14.0,"key":"Regen Potion"},{"floor":18,"key":"Swift Potion"}],"is_trial":false,"path_per_floor":["M","?","M","M","T","E","M","E","T","R","M","$","M","E","R","B",null,"M","M","$","M","$","R","?","R","T","E","?"],"character_chosen":"THE_SILENT","items_purchased":["Infinite Blades","Lantern","Infinite Blades","Cloak And Dagger","Art of War","Backstab"],"campfire_rested":4,"item_purchase_floors":[],"current_hp_per_floor":[69,69,69,67,67,45,43,37,37,58,57,57,45,18,39,7,70,50,36,36,8,8,29,29,50,50,7,7,0],"gold":52,"neow_bonus":"","is_prod":false,"is_daily":false,"chose_seed":false,"campfire_upgraded":0,"win_rate":0,"timestamp":1530985035,"path_taken":["M","?","M","M","?","E","M","E","T","R","M","$","M","E","R","BOSS","M","M","$","M","$","R","?","R","T","E","?","?"],"build_version":"2018-07-05","purchased_purges":1,"victory":false,"max_hp_per_floor":[70,70,70,70,70,70,70,70,70,70,70,70,70,70,70,70,70,70,70,70,70,70,70,70,70,70,70,70,70],"card_choices":[{"not_picked":["Quick Slash","Dagger Spray"],"picked":"Backstab","floor":1.0},{"not_picked":["Distraction","All Out Attack"],"picked":"Slice","floor":3.0},{"not_picked":["Escape Plan","Sucker Punch"],"picked":"Choke","floor":4.0},{"not_picked":["Endless Agony","Outmaneuver"],"picked":"Bouncing Flask","floor":6.0},{"not_picked":["Escape Plan","Choke"],"picked":"Prepared","floor":7.0},{"not_picked":["Flying Knee","Setup"],"picked":"Outmaneuver","floor":8.0},{"not_picked":["Sucker Punch","Dagger Throw"],"picked":"Dodge and Roll","floor":11.0},{"not_picked":["PiercingWail","Concentrate"],"picked":"Acrobatics","floor":13.0},{"not_picked":["Distraction","Bane"],"picked":"Sucker Punch","floor":14.0},{"not_picked":["Unload","Corpse Explosion"],"picked":"Grand Finale","floor":16.0},{"not_picked":["Bane","Deflect"],"picked":"Poisoned Stab","floor":18},{"not_picked":["Slice","Flying Knee"],"picked":"Noxious Fumes+1","floor":19},{"not_picked":["Dodge and Roll","Bouncing Flask"],"picked":"Infinite Blades","floor":21},{"not_picked":["Grand Finale","Prepared+1"],"picked":"After Image","floor":27}],"player_experience":152340,"relics_obtained":[{"floor":5.0,"key":"Snake Skull"},{"floor":6.0,"key":"Oddly Smooth Stone"},{"floor":8.0,"key":"Vajra"},{"floor":9.0,"key":"Blood Vial"},{"floor":14.0,"key":"Blue Candle"},{"floor":26,"key":"Pen Nib"},{"floor":27,"key":"Singing Bowl"}],"event_choices":[{"event_name":"Liars Game","player_choice":"agreed","floor":2.0,"damage_taken":0.0},{"event_name":"Masked Bandits","player_choice":"Paid Bandits 34 gold","floor":24,"damage_taken":0},{"event_name":"Back to Basics","player_choice":"Elegance","floor":28,"damage_taken":0}],"boss_relics":[{"not_picked":["Coffee Dripper","Velvet Choker"],"picked":"Empty Cage"}],"items_purged_floors":[],"is_endless":false,"potions_floor_spawned":[3,4,7,13,14,18],"killed_by":"Snecko","ascension_level":3}