{"gold_per_floor":[112,112,129,143,143,143,169,169,169,199,374,390,350,367,367,367],"floor_reached":16,"playtime":1468,"items_purged":[],"score":127,"play_id":"4ed74416-87c9-499b-a057-8d8f15d75a1f","local_time":"20180707224212","is_ascension_mode":true,"campfire_choices":[{"floor":6,"key":"REST"},{"floor":8,"key":"REST"},{"floor":15,"key":"REST"}],"neow_cost":"FIFTY_PERCENT_DAMAGE","seed_source_timestamp":171705893887141,"circlet_count":0,"master_deck":["Strike_B","Strike_B","Strike_B","Defend_B","Defend_B","Defend_B","Defend_B+1","Zap","Dualcast","Rainbow","Steam+1","Self Repair","Machine Learning","Steam","Darkness","Doubt","Glacier","Sunder"],"relics":["Cracked Core","Calipers","Ginger","War Paint"],"potions_floor_usage":[10,16],"damage_taken":[{"damage":17,"enemies":"Small Slimes","floor":1,"turns":3},{"damage":1,"enemies":"2 Louse","floor":3,"turns":2},{"damage":5,"enemies":"Jaw Worm","floor":4,"turns":4},{"damage":35,"enemies":"3 Sentries","floor":7,"turns":11},{"damage":17,"enemies":"Lagavulin","floor":10,"turns":6},{"damage":11,"enemies":"Exordium Thugs","floor":12,"turns":6},{"damage":0,"enemies":"Looter","floor":14,"turns":4},{"damage":49,"enemies":"Hexaghost","floor":16,"turns":16}],"seed_played":"-453487327124986176","potions_obtained":[{"floor":4,"key":"SneckoOil"},{"floor":7,"key":"Poison Potion"}],"is_trial":false,"path_per_floor":["M","?","M","M","?","R","E","R","T","E","?","M","?","M","R"],"character_chosen":"DEFECT","items_purchased":[],"campfire_rested":3,"item_purchase_floors":[],"current_hp_per_floor":[21,21,20,22,15,37,9,31,31,21,21,17,17,24,46,0],"gold":367,"neow_bonus":"THREE_RARE_CARDS","is_prod":false,"is_daily":false,"chose_seed":false,"campfire_upgraded":0,"win_rate":0,"timestamp":1531028532,"path_taken":["M","?","M","M","?","R","E","R","T","E","?","M","?","M","R","BOSS"],"build_version":"2018-07-05","purchased_purges":0,"victory":false,"max_hp_per_floor":[75,75,75,75,75,75,75,75,75,75,75,75,75,75,75,75],"card_choices":[{"not_picked":["Thunder Strike","Multi-Cast"],"picked":"Rainbow","floor":0},{"not_picked":["Sweeping Beam","Steam Power"],"picked":"Steam","floor":1},{"not_picked":["Fusion","Redo"],"picked":"Self Repair","floor":3},{"not_picked":["Redo","Cold Snap"],"picked":"Machine Learning","floor":4},{"not_picked":["Rip and Tear","Compile Driver"],"picked":"Steam","floor":7},{"not_picked":["Stack","Hello World"],"picked":"Darkness","floor":10},{"not_picked":["Lockon","Recycle"],"picked":"Glacier","floor":12},{"not_picked":["Hologram","Recycle"],"picked":"Sunder","floor":14}],"player_experience":154779,"relics_obtained":[{"floor":7,"key":"Calipers"},{"floor":9,"key":"Ginger"},{"floor":10,"key":"War Paint"}],"event_choices":[{"event_name":"Shining Light","player_choice":"Ignored","floor":2,"damage_taken":0},{"event_name":"Golden Wing","player_choice":"Card Removal","floor":5,"damage_taken":0},{"event_name":"Liars Game","player_choice":"agreed","floor":11,"damage_taken":0},{"event_name":"World of Goop","player_choice":"Left","floor":13,"damage_taken":0}],"boss_relics":[],"items_purged_floors":[],"is_endless":false,"potions_floor_spawned":[4,7],"killed_by":"Hexaghost","ascension_level":3}