{"gold_per_floor":[112,112,132,207,207,207,233,233,259,273,301,301],"floor_reached":12,"playtime":371,"items_purged":[],"score":95,"play_id":"6a886ddb-ee7b-4096-a242-f1abe1c11aca","local_time":"20190910174212","is_ascension_mode":true,"campfire_choices":[{"floor":6,"key":"RECALL"},{"floor":8,"key":"REST"}],"neow_cost":"NONE","seed_source_timestamp":7644307947298,"circlet_count":0,"master_deck":["Strike_R+1","Strike_R","Strike_R","Strike_R","Strike_R","Defend_R","Defend_R","Defend_R","Defend_R","Bash+1","Corruption+1","Sever Soul","Twin Strike","Armaments"],"relics":["Burning Blood","Art of War","Frozen Egg 2","Whetstone","Darkstone Periapt"],"potions_floor_usage":[7,11],"damage_taken":[{"damage":5,"enemies":"Small Slimes","floor":1,"turns":3},{"damage":10,"enemies":"2 Louse","floor":3,"turns":3},{"damage":52,"enemies":"3 Sentries","floor":7,"turns":9},{"damage":7,"enemies":"Jaw Worm","floor":10,"turns":3},{"damage":39,"enemies":"Lagavulin","floor":11,"turns":6},{"damage":25,"enemies":"Lots of Slimes","floor":12,"turns":2}],"seed_played":"4403870401701464876","potions_obtained":[{"floor":3,"key":"Explosive Potion"},{"floor":7,"key":"Fire Potion"}],"is_trial":false,"path_per_floor":["M","?","M","?","?","R","E","R","T","M","E","M"],"character_chosen":"IRONCLAD","items_purchased":[],"campfire_rested":1,"item_purchase_floors":[],"current_hp_per_floor":[80,73,69,58,80,80,34,58,58,57,24,0],"gold":301,"neow_bonus":"RANDOM_COMMON_RELIC","is_prod":false,"is_daily":false,"chose_seed":false,"campfire_upgraded":0,"win_rate":0,"timestamp":1568162532,"path_taken":["M","?","M","?","?","R","E","R","T","M","E","?"],"build_version":"2019-09-10","purchased_purges":0,"victory":false,"max_hp_per_floor":[80,80,80,80,80,80,80,80,80,80,80,80],"card_choices":[{"not_picked":["True Grit","Infernal Blade"],"picked":"Entrench","floor":1},{"not_picked":["Flex","Thunderclap"],"picked":"Corruption+1","floor":3},{"not_picked":["Dual Wield","Headbutt"],"picked":"Sever Soul","floor":7},{"not_picked":["Shrug It Off","Perfected Strike"],"picked":"Twin Strike","floor":10},{"not_picked":["Shockwave","Sword Boomerang"],"picked":"Armaments","floor":11}],"player_experience":99751,"relics_obtained":[{"floor":7,"key":"Whetstone"},{"floor":11,"key":"Darkstone Periapt"}],"event_choices":[{"damage_healed":0,"gold_gain":0,"player_choice":"Success","damage_taken":7,"relics_obtained":["Frozen Egg 2"],"max_hp_gain":0,"max_hp_loss":0,"event_name":"Scrap Ooze","floor":2,"gold_loss":0},{"damage_healed":0,"gold_gain":75,"player_choice":"Gather Gold","damage_taken":11,"max_hp_gain":0,"max_hp_loss":0,"event_name":"World of Goop","floor":4,"gold_loss":0},{"cards_removed":["Entrench"],"damage_healed":22,"gold_gain":0,"player_choice":"Offered Uncommon","damage_taken":0,"max_hp_gain":0,"max_hp_loss":0,"event_name":"Bonfire Elementals","floor":5,"gold_loss":0}],"is_beta":true,"boss_relics":[],"items_purged_floors":[],"is_endless":false,"potions_floor_spawned":[3,7],"killed_by":"Lots of Slimes","ascension_level":2}