{"gold_per_floor":[112,129,129,429,429,456,456,485,485,74,74,104,118,92,92,196,246,226,238,254,254,8,35,35,55,55,55],"floor_reached":27,"playtime":2274,"items_purged":["Strike_B","Strike_B"],"score":299,"play_id":"be153110-c168-4ad4-9596-bf5a9f6abfca","local_time":"20180916205656","is_ascension_mode":true,"campfire_choices":[{"floor":7,"key":"REST"},{"floor":11,"key":"REST"},{"floor":15,"key":"REST"},{"floor":24,"key":"REST"}],"neow_cost":"","seed_source_timestamp":268694513982094,"circlet_count":0,"master_deck":["Strike_B+1","Defend_B","Defend_B+1","Defend_B+1","Defend_B","Zap","Dualcast+1","Steam","Conserve Battery","Redo+1","Leap","Gash","Apotheosis","Streamline","Ball Lightning","Leap","Thunder Strike","Redo","Defragment","Ball Lightning+1","Auto Shields","Beam Cell"],"relics":["Cracked Core","Old Coin","Anchor","Torii","Gambling Chip","War Paint","Tiny House","Membership Card","Art of War","Meat on the Bone"],"potions_floor_usage":[16,18,20,23,23,23,23,23],"damage_taken":[{"damage":3,"enemies":"2 Louse","floor":1,"turns":2},{"damage":3,"enemies":"Jaw Worm","floor":2,"turns":4},{"damage":28,"enemies":"3 Sentries","floor":6,"turns":10},{"damage":19,"enemies":"Gremlin Nob","floor":8,"turns":4},{"damage":9,"enemies":"3 Sentries","floor":12,"turns":7},{"damage":0,"enemies":"Small Slimes","floor":13,"turns":3},{"damage":27,"enemies":"Hexaghost","floor":16,"turns":10},{"damage":0,"enemies":"2 Thieves","floor":18,"turns":4},{"damage":6,"enemies":"3 Byrds","floor":19,"turns":4},{"damage":32,"enemies":"Cultist and Chosen","floor":20,"turns":6},{"damage":31,"enemies":"Slavers","floor":23,"turns":7},{"damage":17,"enemies":"3 Cultists","floor":25,"turns":6},{"damage":19,"enemies":"Book of Stabbing","floor":27,"turns":4}],"seed_played":"5443020047322375002","potions_obtained":[{"floor":8,"key":"FearPotion"},{"floor":16,"key":"SpeedPotion"},{"floor":17,"key":"EntropicBrew"},{"floor":19,"key":"PowerPotion"}],"is_trial":false,"path_per_floor":["M","M","?","?","?","E","R","E","T","$","R","E","M","$","R","B",null,"M","M","M","?","$","E","R","M","T"],"character_chosen":"DEFECT","items_purchased":["Gash","Apotheosis","Regen Potion","Leap","Membership Card"],"campfire_rested":4,"item_purchase_floors":[10,10,10,14,22],"current_hp_per_floor":[72,69,62,50,35,7,29,10,10,10,32,23,23,23,45,33,80,80,74,42,42,42,11,35,18,18,0],"gold":55,"neow_bonus":"","is_prod":false,"is_daily":false,"chose_seed":false,"campfire_upgraded":0,"win_rate":0,"timestamp":1537156616,"path_taken":["M","M","?","?","?","E","R","E","T","$","R","E","M","$","R","BOSS","M","M","M","?","$","E","R","M","T","E"],"build_version":"2018-09-12","purchased_purges":2,"victory":false,"max_hp_per_floor":[75,75,75,75,75,75,75,75,75,75,75,75,75,75,75,75,80,80,80,80,80,80,80,80,80,80,80],"card_choices":[{"not_picked":["Ball Lightning","Go for the Eyes"],"picked":"Steam","floor":1},{"not_picked":["Cold Snap","Stack"],"picked":"Conserve Battery","floor":2},{"not_picked":["Consume","Aggregate"],"picked":"Redo","floor":6},{"not_picked":["Blizzard","Creative AI"],"picked":"Leap","floor":8},{"not_picked":["Chaos","Reinforced Body"],"picked":"Streamline","floor":12},{"not_picked":["Sweeping Beam","Cold Snap"],"picked":"Ball Lightning","floor":13},{"not_picked":["All For One","Meteor Strike"],"picked":"Thunder Strike","floor":16},{"not_picked":["Turbo","Conserve Battery"],"picked":"Redo","floor":17},{"not_picked":["Glacier","Leap"],"picked":"Defragment","floor":18},{"not_picked":["Skim","Redo"],"picked":"Ball Lightning+1","floor":19},{"not_picked":["Coolheaded","Turbo"],"picked":"Auto Shields","floor":20},{"not_picked":["Meteor Strike","Skim","Barrage"],"picked":"SKIP","floor":23},{"not_picked":["Blizzard","Turbo"],"picked":"Beam Cell","floor":25}],"player_experience":210825,"relics_obtained":[{"floor":6,"key":"Anchor"},{"floor":8,"key":"Torii"},{"floor":9,"key":"Gambling Chip"},{"floor":12,"key":"War Paint"},{"floor":23,"key":"Art of War"},{"floor":26,"key":"Meat on the Bone"}],"event_choices":[{"event_name":"Golden Wing","player_choice":"Card Removal","floor":3,"damage_taken":0},{"event_name":"Scrap Ooze","player_choice":"success","floor":4,"damage_taken":12},{"event_name":"Shining Light","player_choice":"Entered Light","floor":5,"damage_taken":0},{"event_name":"Ghosts","player_choice":"Ignored","floor":21,"damage_taken":0}],"is_beta":true,"boss_relics":[{"not_picked":["Fusion Hammer","Cursed Key"],"picked":"Tiny House"}],"items_purged_floors":[10,22],"is_endless":false,"potions_floor_spawned":[8,16,19],"killed_by":"Book of Stabbing","ascension_level":4}