{"gold_per_floor":[109,119,9,39,53,78,78,113,137,151,226,256,274,307,307,410,410,420,420,440,440,104,138,138,165,189,189,35,49,78,89,89,192,192,210,31,44,44,64,64,91,91,168,222,222,257,257,288,288,288],"floor_reached":50,"playtime":4408,"items_purged":["Strike_R"],"score":818,"play_id":"6ed8e7c1-5226-4c35-94f7-7cefa0df76c5","local_time":"20190428192458","is_ascension_mode":true,"campfire_choices":[{"floor":7,"key":"REST"},{"floor":15,"key":"REST"},{"floor":24,"key":"REST"},{"data":"Barricade","floor":32,"key":"SMITH"},{"data":"Metallicize","floor":40,"key":"SMITH"},{"data":"Metallicize","floor":42,"key":"SMITH"},{"floor":45,"key":"REST"},{"floor":49,"key":"REST"}],"neow_cost":"NONE","seed_source_timestamp":700151122583582,"circlet_count":0,"master_deck":["Strike_R","Strike_R","Strike_R","Strike_R","Defend_R","Defend_R+1","Defend_R","Defend_R","Bash","Sword Boomerang","Spot Weakness","Battle Trance","Spot Weakness+1","Iron Wave","True Grit","Sword Boomerang","Armaments","Heavy Blade","Reaper","Rage","Twin Strike","Metallicize+1","Barricade+1","Metallicize+1","Shrug It Off+1","Good Instincts+1","Evolve","Armaments+1","Feed","Body Slam","Metallicize","Heavy Blade+1","Iron Wave+1","Twin Strike+1","Madness+1","Madness+1"],"relics":["Burning Blood","Tiny Chest","War Paint","Thread and Needle","Art of War","Singing Bowl","Self Forming Clay","Sozu","Pear","Toxic Egg 2","Red Skull","Centennial Puzzle","The Courier","Dodecahedron","Velvet Choker","Lantern","Ancient Tea Set","Mercury Hourglass","Charon\u0027s Ashes","Regal Pillow","Frozen Egg 2"],"potions_floor_usage":[6,12,14,16,23],"damage_taken":[{"damage":6,"enemies":"Cultist","floor":1,"turns":3},{"damage":6,"enemies":"2 Louse","floor":2,"turns":3},{"damage":8,"enemies":"Small Slimes","floor":5,"turns":2},{"damage":15,"enemies":"3 Sentries","floor":6,"turns":6},{"damage":19,"enemies":"Gremlin Nob","floor":8,"turns":4},{"damage":2,"enemies":"Exordium Thugs","floor":10,"turns":3},{"damage":16,"enemies":"Lagavulin","floor":12,"turns":4},{"damage":2,"enemies":"Looter","floor":13,"turns":2},{"damage":8,"enemies":"3 Sentries","floor":14,"turns":6},{"damage":14,"enemies":"Slime Boss","floor":16,"turns":6},{"damage":0,"enemies":"Chosen","floor":18,"turns":3},{"damage":18,"enemies":"Spheric Guardian","floor":20,"turns":4},{"damage":47,"enemies":"Slavers","floor":23,"turns":5},{"damage":2,"enemies":"Centurion and Healer","floor":29,"turns":7},{"damage":44,"enemies":"Book of Stabbing","floor":30,"turns":7},{"damage":3,"enemies":"Sentry and Sphere","floor":31,"turns":5},{"damage":2,"enemies":"Automaton","floor":33,"turns":11},{"damage":7,"enemies":"Orb Walker","floor":35,"turns":4},{"damage":7,"enemies":"3 Darklings","floor":37,"turns":6},{"damage":11,"enemies":"Jaw Worm Horde","floor":39,"turns":5},{"damage":14,"enemies":"Giant Head","floor":41,"turns":8},{"damage":33,"enemies":"2 Orb Walkers","floor":44,"turns":4},{"damage":36,"enemies":"Nemesis","floor":46,"turns":9},{"damage":51,"enemies":"Reptomancer","floor":48,"turns":4},{"damage":102,"enemies":"Awakened One","floor":50,"turns":11}],"seed_played":"-1274499314899232498","potions_obtained":[{"floor":1,"key":"SkillPotion"},{"floor":2,"key":"SpeedPotion"},{"floor":8,"key":"SpeedPotion"},{"floor":10,"key":"Strength Potion"},{"floor":13,"key":"SteroidPotion"}],"is_trial":false,"path_per_floor":["M","M","$","?","M","E","R","E","T","M","?","E","M","E","R","B",null,"M","?","M","?","$","E","R","T","T","T","$","M","E","M","R","B",null,"M","$","M","$","M","R","E","R","T","?","R","E","?","E","R","B"],"character_chosen":"IRONCLAD","items_purchased":["Spot Weakness","Metallicize","Pear","Metallicize","Shrug It Off+1","Good Instincts+1","Metallicize","Lantern"],"campfire_rested":5,"item_purchase_floors":[3,22,22,28,28,28,36,36],"current_hp_per_floor":[80,80,80,68,66,57,80,67,67,71,60,52,58,56,81,73,81,84,84,72,56,66,40,69,69,69,69,69,95,77,80,80,97,100,104,104,105,105,106,106,100,100,100,73,105,90,76,36,84,0],"gold":288,"neow_bonus":"THREE_CARDS","is_prod":false,"is_daily":false,"chose_seed":false,"campfire_upgraded":3,"win_rate":0,"timestamp":1556504698,"path_taken":["M","?","$","?","M","E","R","E","T","M","?","E","M","E","R","BOSS","M","?","M","?","$","E","R","?","T","?","$","M","E","?","R","BOSS","M","$","M","$","M","R","E","R","T","?","R","E","?","E","R","BOSS"],"build_version":"2019-04-23","purchased_purges":1,"victory":false,"max_hp_per_floor":[80,80,80,80,80,80,80,80,80,80,80,82,84,84,84,84,84,84,84,84,89,99,99,99,99,99,99,99,99,101,101,101,101,101,104,104,106,106,106,106,108,108,108,108,108,108,108,113,113,113],"card_choices":[{"not_picked":["Warcry","Clothesline"],"picked":"Sword Boomerang","floor":0},{"not_picked":["Perfected Strike","Combust"],"picked":"Spot Weakness","floor":1},{"not_picked":["Clothesline","Havoc"],"picked":"Battle Trance","floor":2},{"not_picked":["Cleave","Clash"],"picked":"Iron Wave","floor":5},{"not_picked":["Warcry","Reckless Charge"],"picked":"True Grit","floor":6},{"not_picked":["Thunderclap","Iron Wave"],"picked":"Sword Boomerang","floor":8},{"not_picked":["Feel No Pain","Whirlwind"],"picked":"Armaments","floor":10},{"not_picked":["Bludgeon","Cleave","Carnage"],"picked":"Singing Bowl","floor":12},{"not_picked":["Anger","Burning Pact","Second Wind"],"picked":"Singing Bowl","floor":13},{"not_picked":["Clash","Armaments"],"picked":"Heavy Blade","floor":14},{"not_picked":["Limit Break","Berserk"],"picked":"Reaper","floor":16},{"not_picked":["Second Wind","Whirlwind+1"],"picked":"Rage","floor":18},{"not_picked":["Cleave","Clothesline"],"picked":"Twin Strike","floor":20},{"not_picked":["Intimidate+1","Anger+1"],"picked":"Barricade","floor":23},{"not_picked":["Wild Strike","Cleave+1"],"picked":"Evolve","floor":29},{"not_picked":["Intimidate+1","Burning Pact+1","Bloodletting+1"],"picked":"Singing Bowl","floor":30},{"not_picked":["Clothesline+1","Flex+1"],"picked":"Armaments+1","floor":31},{"not_picked":["Immolate","Offering+1"],"picked":"Feed","floor":33},{"not_picked":["Havoc+1","Sever Soul"],"picked":"Body Slam","floor":35},{"not_picked":["Combust+1","Armaments+1","Havoc+1"],"picked":"Singing Bowl","floor":37},{"not_picked":["Evolve+1","Anger+1"],"picked":"Heavy Blade+1","floor":39},{"not_picked":["Carnage+1","Burning Pact+1","Warcry+1"],"picked":"Singing Bowl","floor":41},{"not_picked":["Power Through+1","Brutality"],"picked":"Iron Wave+1","floor":44},{"not_picked":["Clothesline+1","Bloodletting+1"],"picked":"Twin Strike+1","floor":46},{"not_picked":["Intimidate+1","Rampage","Brutality"],"picked":"Singing Bowl","floor":48}],"player_experience":276018,"relics_obtained":[{"floor":6,"key":"War Paint"},{"floor":8,"key":"Thread and Needle"},{"floor":9,"key":"Art of War"},{"floor":12,"key":"Singing Bowl"},{"floor":14,"key":"Self Forming Clay"},{"floor":23,"key":"Toxic Egg 2"},{"floor":25,"key":"Red Skull"},{"floor":26,"key":"Centennial Puzzle"},{"floor":27,"key":"The Courier"},{"floor":30,"key":"Dodecahedron"},{"floor":41,"key":"Ancient Tea Set"},{"floor":43,"key":"Mercury Hourglass"},{"floor":44,"key":"Charon\u0027s Ashes"},{"floor":46,"key":"Regal Pillow"},{"floor":48,"key":"Frozen Egg 2"}],"event_choices":[{"damage_healed":0,"gold_gain":0,"player_choice":"Success","damage_taken":12,"relics_obtained":["Tiny Chest"],"max_hp_gain":0,"max_hp_loss":0,"event_name":"Scrap Ooze","floor":4,"gold_loss":0},{"damage_healed":0,"gold_gain":75,"player_choice":"Gather Gold","damage_taken":11,"max_hp_gain":0,"max_hp_loss":0,"event_name":"World of Goop","floor":11,"gold_loss":0},{"damage_healed":0,"gold_gain":0,"player_choice":"Ignored","damage_taken":0,"max_hp_gain":0,"max_hp_loss":0,"event_name":"Ghosts","floor":19,"gold_loss":0},{"damage_healed":0,"gold_gain":0,"player_choice":"Shed Blood","damage_taken":21,"max_hp_gain":5,"max_hp_loss":0,"event_name":"Forgotten Altar","floor":21,"gold_loss":0},{"damage_healed":0,"gold_gain":0,"player_choice":"Fight","damage_taken":0,"max_hp_gain":0,"max_hp_loss":0,"event_name":"Mysterious Sphere","floor":44,"gold_loss":0},{"damage_healed":0,"gold_gain":0,"player_choice":"Embrace Madness","damage_taken":14,"max_hp_gain":0,"max_hp_loss":0,"event_name":"Winding Halls","floor":47,"gold_loss":0,"cards_obtained":["Madness","Madness"]}],"is_beta":true,"boss_relics":[{"not_picked":["Eternal Feather","Astrolabe"],"picked":"Sozu"},{"not_picked":["Coffee Dripper","Philosopher\u0027s Stone"],"picked":"Velvet Choker"}],"items_purged_floors":[3],"is_endless":false,"potions_floor_spawned":[1,2,8,10,13,23,31,37,39,46],"killed_by":"Awakened One","ascension_level":5}