{"gold_per_floor":[119,119,134,134,151,151,181,191,214,214,244,52,82,102,102,207,207,225,36,56,56,67,95,109,138,184,195,226,226,251,261,261,363,363,373,393,404,149,159,159,194,194,221,238,72,72,72,102,102,102],"floor_reached":51,"playtime":5316,"items_purged":["Strike_R","Strike_R","Defend_R"],"score":908,"play_id":"016ed5c1-d53c-4b04-a791-bae2e6143740","local_time":"20180829003555","is_ascension_mode":true,"campfire_choices":[{"data":"Evolve","floor":6,"key":"SMITH"},{"floor":10,"key":"REST"},{"data":"Bandage Up","floor":15,"key":"SMITH"},{"data":"Inflame","floor":29,"key":"SMITH"},{"floor":32,"key":"REST"},{"data":"Exhume","floor":40,"key":"SMITH"},{"floor":49,"key":"REST"}],"neow_cost":"CURSE","seed_source_timestamp":774473206757667,"circlet_count":0,"master_deck":["Strike_R","Strike_R","Defend_R","Defend_R+1","Defend_R","Impervious","Heavy Blade","Cleave","Evolve+1","Impervious+1","Infernal Blade","Sword Boomerang","Bandage Up+1","Rampage","Cleave","Reaper","Reckless Charge+1","Inflame+1","Rampage+1","Flex+1","Iron Wave","Spot Weakness","Shrug It Off","Pummel","Disarm","Sword Boomerang","Exhume","Cleave","Exhume+1","Heavy Blade","Metallicize+1","Wild Strike+1","Metallicize","Spot Weakness+1"],"relics":["Black Blood","Bronze Scales","Orichalcum","War Paint","Vajra","Velvet Choker","CultistMask","StoneCalendar","Du-Vu Doll","Bag of Marbles","Art of War","Ornamental Fan","Anchor","Whetstone","Pen Nib","Juzu Bracelet"],"potions_floor_usage":[7,8,16,22,23,28,28,41,48,48,50],"damage_taken":[{"damage":0,"enemies":"Small Slimes","floor":1,"turns":5},{"damage":2,"enemies":"2 Louse","floor":3,"turns":3},{"damage":2,"enemies":"Jaw Worm","floor":5,"turns":3},{"damage":70,"enemies":"Lagavulin","floor":7,"turns":10},{"damage":0,"enemies":"Red Slaver","floor":8,"turns":3},{"damage":2,"enemies":"Gremlin Nob","floor":11,"turns":5},{"damage":12,"enemies":"3 Sentries","floor":13,"turns":6},{"damage":5,"enemies":"Gremlin Gang","floor":14,"turns":4},{"damage":19,"enemies":"The Guardian","floor":16,"turns":11},{"damage":20,"enemies":"Shell Parasite","floor":18,"turns":5},{"damage":6,"enemies":"Chosen","floor":20,"turns":3},{"damage":11,"enemies":"Centurion and Healer","floor":22,"turns":4},{"damage":34,"enemies":"Slavers","floor":23,"turns":5},{"damage":0,"enemies":"Snecko","floor":24,"turns":4},{"damage":38,"enemies":"Gremlin Leader","floor":25,"turns":8},{"damage":4,"enemies":"Shelled Parasite and Fungi","floor":27,"turns":3},{"damage":28,"enemies":"Slavers","floor":28,"turns":4},{"damage":36,"enemies":"Book of Stabbing","floor":30,"turns":5},{"damage":8,"enemies":"Cultist and Chosen","floor":31,"turns":4},{"damage":53,"enemies":"Collector","floor":33,"turns":9},{"damage":27,"enemies":"3 Darklings","floor":35,"turns":3},{"damage":15,"enemies":"Orb Walker","floor":36,"turns":3},{"damage":31,"enemies":"Jaw Worm Horde","floor":37,"turns":5},{"damage":21,"enemies":"Maw","floor":39,"turns":7},{"damage":16,"enemies":"Nemesis","floor":41,"turns":5},{"damage":36,"enemies":"3 Darklings","floor":44,"turns":4},{"damage":49,"enemies":"2 Orb Walkers","floor":48,"turns":5},{"damage":92,"enemies":"Donu and Deca","floor":50,"turns":9}],"seed_played":"3486538032404777954","potions_obtained":[{"floor":5,"key":"SpeedPotion"},{"floor":7,"key":"Fire Potion"},{"floor":13,"key":"Ancient Potion"},{"floor":14,"key":"LiquidBronze"},{"floor":16,"key":"SteroidPotion"},{"floor":24,"key":"Weak Potion"},{"floor":30,"key":"Dexterity Potion"},{"floor":31,"key":"EssenceOfSteel"},{"floor":33,"key":"FearPotion"},{"floor":35,"key":"Strength Potion"},{"floor":44,"key":"FearPotion"},{"floor":46,"key":"Fruit Juice"},{"floor":46,"key":"Fruit Juice"}],"is_trial":false,"path_per_floor":["M","?","M","?","M","R","E","M","T","R","E","$","E","M","R","B",null,"M","$","M","?","M","E","M","E","T","M","E","R","E","M","R","B",null,"M","M","M","$","M","R","E","?","T","M","$","?","$","E","R","B"],"character_chosen":"IRONCLAD","items_purchased":["Bandage Up","PowerPotion","Dexterity Potion","Inflame","Rampage","Anchor","Metallicize"],"campfire_rested":3,"item_purchase_floors":[12,12,12,19,19,38,45],"current_hp_per_floor":[80,73,77,80,80,80,16,22,22,46,50,50,48,53,53,46,80,71,71,78,78,75,68,80,62,62,64,54,54,30,38,62,27,80,63,58,49,49,68,68,68,68,68,54,54,54,54,57,84,29],"gold":102,"neow_bonus":"TRANSFORM_TWO_CARDS","is_prod":false,"is_daily":false,"chose_seed":false,"campfire_upgraded":4,"win_rate":0,"timestamp":1535528155,"path_taken":["M","?","M","?","M","R","E","M","T","R","E","$","E","?","R","BOSS","M","$","M","?","M","E","M","E","T","M","E","R","E","M","R","BOSS","M","M","M","$","M","R","E","?","T","M","$","?","?","E","R","BOSS"],"build_version":"2018-08-27","purchased_purges":3,"victory":true,"max_hp_per_floor":[80,80,80,80,80,80,80,80,80,80,80,80,80,80,80,80,80,80,80,80,80,80,80,80,80,80,80,80,80,80,80,80,80,80,80,80,80,80,80,80,80,80,80,80,80,80,80,90,90,90],"card_choices":[{"not_picked":["Shockwave","Body Slam"],"picked":"Heavy Blade","floor":1},{"not_picked":["Twin Strike","Power Through"],"picked":"Cleave","floor":3},{"not_picked":["Pummel","Cleave"],"picked":"Evolve","floor":5},{"not_picked":["Intimidate","Combust"],"picked":"Impervious","floor":7},{"not_picked":["Battle Trance","Dual Wield"],"picked":"Infernal Blade","floor":8},{"not_picked":["Bloodletting","Carnage"],"picked":"Sword Boomerang","floor":11},{"not_picked":["Wild Strike","Clash"],"picked":"Rampage","floor":13},{"not_picked":["Clash","Corruption"],"picked":"Cleave","floor":14},{"not_picked":["Impervious","Immolate"],"picked":"Reaper","floor":16},{"not_picked":["Searing Blow","Headbutt"],"picked":"Reckless Charge","floor":18},{"not_picked":["Blood for Blood","Havoc"],"picked":"Flex+1","floor":20},{"not_picked":["Sword Boomerang+1","Pommel Strike"],"picked":"Iron Wave","floor":22},{"not_picked":["Exhume","Searing Blow"],"picked":"Spot Weakness","floor":23},{"not_picked":["Pommel Strike","Clash"],"picked":"Shrug It Off","floor":24},{"not_picked":["Entrench","Infernal Blade"],"picked":"Pummel","floor":25},{"not_picked":["Burning Pact","Sentinel"],"picked":"Disarm","floor":27},{"not_picked":["Anger","Twin Strike"],"picked":"Sword Boomerang","floor":28},{"not_picked":["Pummel","Warcry"],"picked":"Exhume","floor":30},{"not_picked":["Rage","Flex"],"picked":"Cleave","floor":31},{"not_picked":["Double Tap","Bludgeon"],"picked":"Exhume","floor":33},{"not_picked":["Armaments","Headbutt+1"],"picked":"Heavy Blade","floor":35},{"not_picked":["Thunderclap+1","Searing Blow","Anger"],"picked":"SKIP","floor":36},{"not_picked":["Carnage","Intimidate"],"picked":"Sword Boomerang+1","floor":37},{"not_picked":["Headbutt+1","Dropkick","Anger"],"picked":"SKIP","floor":39},{"not_picked":["Cleave","Hemokinesis+1"],"picked":"Metallicize+1","floor":41},{"not_picked":["Corruption","Clothesline+1"],"picked":"Wild Strike+1","floor":44},{"not_picked":["Infernal Blade","Perfected Strike+1"],"picked":"Spot Weakness+1","floor":48}],"player_experience":201479,"relics_obtained":[{"floor":7,"key":"Bronze Scales"},{"floor":9,"key":"Orichalcum"},{"floor":11,"key":"War Paint"},{"floor":13,"key":"Vajra"},{"floor":23,"key":"StoneCalendar"},{"floor":25,"key":"Du-Vu Doll"},{"floor":26,"key":"Bag of Marbles"},{"floor":28,"key":"Art of War"},{"floor":30,"key":"Ornamental Fan"},{"floor":41,"key":"Whetstone"},{"floor":43,"key":"Pen Nib"},{"floor":48,"key":"Juzu Bracelet"}],"event_choices":[{"event_name":"Golden Wing","player_choice":"Card Removal","floor":2,"damage_taken":0},{"event_name":"Bonfire Elementals","player_choice":"UNCOMMON","floor":4,"damage_taken":0},{"event_name":"FaceTrader","player_choice":"Trade","floor":21,"damage_taken":0},{"event_name":"Falling","player_choice":"Removed Attack","floor":42,"damage_taken":0},{"event_name":"The Lab","player_choice":"Got Potions","floor":46,"damage_taken":0}],"is_beta":true,"boss_relics":[{"not_picked":["Fusion Hammer","Lizard Tail"],"picked":"Velvet Choker"},{"not_picked":["Tiny House","Busted Crown"],"picked":"Black Blood"}],"items_purged_floors":[19,38,45],"is_endless":false,"potions_floor_spawned":[5,7,13,14,16,20,24,30,31,33,35,44],"ascension_level":4}