{"gold_per_floor":[359,359,377,389,399,399,409,427,427,75,75,88,88,108,108,208,208,223,66,79,104,104,104,104,104,104,118,118,135,154,172,172,172],"floor_reached":33,"playtime":2050,"items_purged":[],"score":243,"play_id":"603119e0-d877-45b7-bdbb-e5832a601fef","local_time":"20190815203958","is_ascension_mode":false,"campfire_choices":[{"data":"Deadly Poison","floor":6,"key":"SMITH"},{"floor":11,"key":"REST"},{"floor":15,"key":"REST"},{"data":"Malaise","floor":24,"key":"SMITH"},{"data":"Catalyst","floor":28,"key":"SMITH"},{"floor":32,"key":"REST"}],"neow_cost":"TEN_PERCENT_HP_LOSS","seed_source_timestamp":1389704625477818,"circlet_count":0,"master_deck":["Strike_G","Strike_G","Strike_G","Strike_G","Strike_G","Defend_G","Defend_G","Defend_G","Defend_G","Defend_G","Survivor","Neutralize","Setup","Deadly Poison+1","Poisoned Stab","Backstab","Crippling Poison+1","Predator","Predator","Dodge and Roll","Malaise+1","Catalyst+1","Reflex","Outmaneuver+1","Shame","Poisoned Stab","Poisoned Stab","Deadly Poison+1","Leg Sweep"],"relics":["Ring of the Snake","Mercury Hourglass","OrangePellets","Bag of Marbles","Cursed Key","Happy Flower","Red Mask","Ninja Scroll"],"potions_floor_usage":[31,33,33,33],"damage_taken":[{"damage":5,"enemies":"2 Louse","floor":1,"turns":3},{"damage":0,"enemies":"Cultist","floor":3,"turns":3},{"damage":0,"enemies":"Jaw Worm","floor":4,"turns":5},{"damage":2,"enemies":"Exordium Thugs","floor":5,"turns":5},{"damage":11,"enemies":"Gremlin Gang","floor":7,"turns":6},{"damage":16,"enemies":"Exordium Wildlife","floor":8,"turns":6},{"damage":0,"enemies":"Red Slaver","floor":12,"turns":2},{"damage":0,"enemies":"Blue Slaver","floor":14,"turns":2},{"damage":23,"enemies":"Hexaghost","floor":16,"turns":8},{"damage":1,"enemies":"Chosen","floor":18,"turns":3},{"damage":0,"enemies":"3 Byrds","floor":20,"turns":3},{"damage":8,"enemies":"Masked Bandits","floor":21,"turns":4},{"damage":5,"enemies":"Sentry and Sphere","floor":27,"turns":4},{"damage":19,"enemies":"Snake Plant","floor":29,"turns":3},{"damage":27,"enemies":"Shelled Parasite and Fungi","floor":30,"turns":3},{"damage":4,"enemies":"Centurion and Healer","floor":31,"turns":5},{"damage":47,"enemies":"Automaton","floor":33,"turns":6}],"seed_played":"9068836505654600332","potions_obtained":[{"floor":1,"key":"AttackPotion"},{"floor":3,"key":"Explosive Potion"},{"floor":20,"key":"Regen Potion"},{"floor":31,"key":"PowerPotion"}],"is_trial":false,"path_per_floor":["M","?","M","M","M","R","M","M","T","$","R","M","?","M","R","B",null,"M","$","M","?","$","$","R","$","T","M","R","M","M","M","R","B"],"character_chosen":"THE_SILENT","items_purchased":["OrangePellets","Bag of Marbles","Happy Flower"],"campfire_rested":3,"item_purchase_floors":[10,10,19],"current_hp_per_floor":[58,58,58,58,56,56,45,29,29,29,47,47,47,47,63,40,63,62,62,62,54,54,54,54,54,54,49,49,30,3,13,31,0],"gold":172,"neow_bonus":"TWO_FIFTY_GOLD","is_prod":false,"is_daily":false,"chose_seed":false,"campfire_upgraded":3,"win_rate":0.0,"timestamp":1565919598,"path_taken":["M","?","M","M","M","R","?","M","T","$","R","M","?","M","R","BOSS","M","?","?","?","?","$","R","$","T","M","R","?","M","M","R","BOSS"],"build_version":"2019-07-17","purchased_purges":0,"victory":false,"max_hp_per_floor":[63,63,63,63,63,63,63,63,63,63,63,63,63,63,63,63,63,63,63,63,63,63,63,63,63,63,63,63,63,63,63,63,63],"card_choices":[{"not_picked":["Distraction","Flying Knee"],"picked":"Setup","floor":1},{"not_picked":["Slice","Sucker Punch"],"picked":"Deadly Poison","floor":3},{"not_picked":["Blade Dance","Cloak And Dagger"],"picked":"Poisoned Stab","floor":4},{"not_picked":["Poisoned Stab","Prepared"],"picked":"Backstab","floor":5},{"not_picked":["Prepared","Doppelganger"],"picked":"Crippling Poison","floor":7},{"not_picked":["Slice","Deflect"],"picked":"Predator","floor":8},{"not_picked":["Underhanded Strike","Deadly Poison"],"picked":"Predator","floor":12},{"not_picked":["Deflect","Heel Hook"],"picked":"Dodge and Roll","floor":14},{"not_picked":["After Image","Unload"],"picked":"Malaise","floor":16},{"not_picked":["Blade Dance","All Out Attack+1"],"picked":"Catalyst","floor":18},{"not_picked":["Deflect","Dagger Spray"],"picked":"Reflex","floor":20},{"not_picked":["Expertise+1","Sucker Punch"],"picked":"Outmaneuver+1","floor":21},{"not_picked":["Dagger Throw","Prepared"],"picked":"Poisoned Stab","floor":27},{"not_picked":["Dagger Spray","Setup"],"picked":"Poisoned Stab","floor":29},{"not_picked":["Flechettes+1","Riddle With Holes"],"picked":"Deadly Poison+1","floor":30},{"not_picked":["Bane","Flechettes"],"picked":"Leg Sweep","floor":31}],"player_experience":176038,"relics_obtained":[{"floor":9,"key":"Mercury Hourglass"},{"floor":21,"key":"Red Mask"},{"floor":26,"key":"Ninja Scroll"}],"event_choices":[{"damage_healed":0,"gold_gain":0,"player_choice":"Bought 0 Potions","damage_taken":0,"max_hp_gain":0,"max_hp_loss":0,"event_name":"The Woman in Blue","floor":2,"gold_loss":0},{"damage_healed":0,"gold_gain":0,"player_choice":"Forge","damage_taken":0,"max_hp_gain":0,"max_hp_loss":0,"event_name":"Accursed Blacksmith","floor":13,"gold_loss":0,"cards_upgraded":["Crippling Poison"]},{"damage_healed":0,"gold_gain":0,"player_choice":"Fought Bandits","damage_taken":0,"max_hp_gain":0,"max_hp_loss":0,"event_name":"Masked Bandits","floor":21,"gold_loss":0}],"is_beta":false,"boss_relics":[{"not_picked":["Calling Bell","Pandora\u0027s Box"],"picked":"Cursed Key"}],"items_purged_floors":[],"is_endless":false,"potions_floor_spawned":[1,3,20,21,30,31],"killed_by":"Automaton","ascension_level":0}