{"gold_per_floor":[217,217,116,116,127,157,176,194,194,194,222,222,222,253,253,348,348,362,362,15,40,40,40,40],"floor_reached":24,"playtime":2192,"items_purged":["Bash","Decay"],"score":242,"play_id":"724d7a38-7b49-4867-9ad1-66d8cf809d7e","local_time":"20180714230240","is_ascension_mode":true,"campfire_choices":[{"data":"Metallicize","floor":13,"key":"SMITH"},{"data":"True Grit","floor":15,"key":"SMITH"},{"floor":23,"key":"REST"}],"neow_cost":"NONE","seed_source_timestamp":190347756556517,"circlet_count":0,"master_deck":["Strike_R","Strike_R","Strike_R","Defend_R","Defend_R","Defend_R","Defend_R","Rampage","True Grit+1","Armaments","Metallicize+1","Feel No Pain","Pummel","Anger","Parasite","Warcry","Feed","Thunderclap","Metallicize"],"relics":["Burning Blood","Juzu Bracelet","Ornamental Fan","Ice Cream","Orichalcum","Boot","White Beast Statue","Singing Bowl","Red Mask"],"potions_floor_usage":[16,16,21,24],"damage_taken":[{"damage":15,"enemies":"Jaw Worm","floor":1,"turns":6},{"damage":5,"enemies":"2 Louse","floor":5,"turns":3},{"damage":22,"enemies":"3 Sentries","floor":6,"turns":9},{"damage":0,"enemies":"Cultist","floor":7,"turns":5},{"damage":5,"enemies":"3 Louse","floor":8,"turns":5},{"damage":5,"enemies":"Lagavulin","floor":11,"turns":8},{"damage":10,"enemies":"3 Sentries","floor":14,"turns":12},{"damage":63,"enemies":"Hexaghost","floor":16,"turns":15},{"damage":24,"enemies":"3 Byrds","floor":18,"turns":7},{"damage":56,"floor":21,"turns":10},{"damage":64,"enemies":"Book of Stabbing","floor":24,"turns":6}],"seed_played":"8672138111766112335","potions_obtained":[{"floor":1,"key":"BloodPotion"},{"floor":11,"key":"FairyPotion"},{"floor":14,"key":"SkillPotion"},{"floor":18,"key":"Dexterity Potion"},{"floor":21,"key":"PowerPotion"}],"is_trial":false,"path_per_floor":["M","?","$","?","M","E","M","M","T","?","E","?","R","E","R","B",null,"M","?","$","?","?","R"],"character_chosen":"IRONCLAD","items_purchased":["True Grit","Singing Bowl"],"campfire_rested":1,"item_purchase_floors":[3,20],"current_hp_per_floor":[71,71,71,71,72,56,62,63,63,63,64,80,80,76,76,27,80,65,65,65,19,19,45,0],"gold":40,"neow_bonus":"HUNDRED_GOLD","is_prod":false,"is_daily":false,"chose_seed":false,"campfire_upgraded":2,"win_rate":0,"timestamp":1531634560,"path_taken":["M","?","$","?","M","E","M","M","T","?","E","?","R","E","R","BOSS","M","?","$","?","?","R","E"],"build_version":"2018-07-13","purchased_purges":2,"victory":false,"max_hp_per_floor":[80,80,80,80,80,80,80,80,80,80,80,80,80,80,80,80,80,83,83,83,87,87,87,87],"card_choices":[{"not_picked":["Shockwave","Disarm"],"picked":"Rampage","floor":1},{"not_picked":["Perfected Strike","Thunderclap"],"picked":"Armaments","floor":5},{"not_picked":["Inflame","Sword Boomerang"],"picked":"Metallicize","floor":6},{"not_picked":["Carnage","Iron Wave"],"picked":"Feel No Pain","floor":7},{"not_picked":["Headbutt","Perfected Strike"],"picked":"Pummel","floor":8},{"not_picked":["Limit Break","Flex"],"picked":"Anger","floor":11},{"not_picked":["Carnage","Whirlwind"],"picked":"Warcry","floor":14},{"not_picked":["Fiend Fire","Exhume"],"picked":"Feed","floor":16},{"not_picked":["Pommel Strike+1","Corruption"],"picked":"Thunderclap","floor":18},{"not_picked":["Disarm","Warcry"],"picked":"Metallicize","floor":21}],"player_experience":160295,"relics_obtained":[{"floor":6,"key":"Juzu Bracelet"},{"floor":9,"key":"Ornamental Fan"},{"floor":11,"key":"Orichalcum"},{"floor":14,"key":"Boot"},{"floor":21,"key":"Red Mask"}],"event_choices":[{"event_name":"Living Wall","player_choice":"Forget","floor":2,"damage_taken":0},{"event_name":"Bonfire Elementals","player_choice":"BASIC","floor":4,"damage_taken":0},{"event_name":"Accursed Blacksmith","player_choice":"Rummage","floor":10,"damage_taken":0},{"event_name":"Mushrooms","player_choice":"Healed and dodged fight","floor":12,"damage_taken":0},{"event_name":"Forgotten Altar","player_choice":"Smashed Altar","floor":19,"damage_taken":0},{"event_name":"Masked Bandits","player_choice":"Fought over 15 gold","floor":21,"damage_taken":0},{"event_name":"Beggar","player_choice":"Ignored","floor":22,"damage_taken":0}],"boss_relics":[{"not_picked":["Philosopher\u0027s Stone","Runic Cube"],"picked":"White Beast Statue"}],"items_purged_floors":[3,20],"is_endless":false,"potions_floor_spawned":[1,11,14,18,21],"killed_by":"Book of Stabbing","ascension_level":3}