{"gold_per_floor":[116,116,291,309,326,343,371,386,435,435,510,522,551,561,561,561],"floor_reached":16,"playtime":961,"items_purged":[],"score":120,"play_id":"3b8ba83a-4b4f-40e2-908e-6737c6298f79","local_time":"20190908161603","is_ascension_mode":true,"campfire_choices":[{"floor":10,"key":"RECALL"},{"floor":15,"key":"REST"}],"neow_cost":"NONE","seed_source_timestamp":2016248802420700,"circlet_count":0,"master_deck":["Strike_R","Strike_R","Strike_R","Strike_R","Strike_R","Defend_R","Defend_R","Defend_R","Defend_R","Bash","Anger","Doubt","Rampage","Dual Wield","Twin Strike","Bludgeon","Shrug It Off","Barricade","Dropkick"],"relics":["Burning Blood","NeowsBlessing","Ornamental Fan","Bottled Lightning","Smiling Mask"],"potions_floor_usage":[12,12,12,16],"damage_taken":[{"damage":0,"enemies":"Small Slimes","floor":1,"turns":1},{"damage":0,"enemies":"2 Louse","floor":4,"turns":1},{"damage":0,"enemies":"Jaw Worm","floor":5,"turns":1},{"damage":11,"enemies":"3 Louse","floor":6,"turns":5},{"damage":40,"enemies":"3 Sentries","floor":7,"turns":8},{"damage":8,"enemies":"2 Fungi Beasts","floor":8,"turns":4},{"damage":0,"enemies":"Gremlin Gang","floor":12,"turns":2},{"damage":15,"enemies":"Gremlin Nob","floor":13,"turns":4},{"damage":15,"enemies":"Exordium Wildlife","floor":14,"turns":6},{"damage":66,"enemies":"Hexaghost","floor":16,"turns":12}],"seed_played":"3698468292008488647","potions_obtained":[{"floor":4,"key":"SkillPotion"},{"floor":5,"key":"GamblersBrew"},{"floor":7,"key":"Explosive Potion"},{"floor":8,"key":"Regen Potion"},{"floor":14,"key":"BloodPotion"}],"is_trial":false,"path_per_floor":["M","?","?","M","M","M","E","M","T","R","?","M","E","M","R","B"],"character_chosen":"IRONCLAD","items_purchased":[],"campfire_rested":1,"item_purchase_floors":[],"current_hp_per_floor":[80,77,77,80,80,75,41,39,39,39,28,39,30,21,45,0],"gold":561,"neow_bonus":"THREE_ENEMY_KILL","is_prod":false,"is_daily":false,"chose_seed":false,"campfire_upgraded":0,"win_rate":0,"timestamp":1567973763,"path_taken":["M","?","?","M","M","M","E","M","T","R","?","M","E","M","R","BOSS"],"build_version":"2019-07-17","purchased_purges":0,"victory":false,"max_hp_per_floor":[80,80,80,80,80,80,80,80,80,80,80,80,80,80,80,80],"card_choices":[{"not_picked":["Reckless Charge","Carnage"],"picked":"Anger","floor":1},{"not_picked":["Armaments","Flex"],"picked":"Rampage","floor":4},{"not_picked":["Clothesline","True Grit"],"picked":"Dual Wield","floor":5},{"not_picked":["Warcry","Shockwave"],"picked":"Twin Strike","floor":6},{"not_picked":["Perfected Strike","Intimidate"],"picked":"Bludgeon","floor":7},{"not_picked":["Sword Boomerang","Body Slam","Cleave"],"picked":"SKIP","floor":8},{"not_picked":["Reckless Charge","Cleave"],"picked":"Shrug It Off","floor":12},{"not_picked":["Spot Weakness","Iron Wave"],"picked":"Barricade","floor":13},{"not_picked":["Clothesline","Reckless Charge"],"picked":"Dropkick","floor":14}],"player_experience":56836,"relics_obtained":[{"floor":7,"key":"Bottled Lightning"},{"floor":13,"key":"Smiling Mask"}],"event_choices":[{"damage_healed":0,"gold_gain":0,"player_choice":"Success","damage_taken":3,"relics_obtained":["Ornamental Fan"],"max_hp_gain":0,"max_hp_loss":0,"event_name":"Scrap Ooze","floor":2,"gold_loss":0},{"damage_healed":0,"gold_gain":175,"player_choice":"AGREE","damage_taken":0,"max_hp_gain":0,"max_hp_loss":0,"event_name":"Liars Game","floor":3,"gold_loss":0,"cards_obtained":["Doubt"]},{"damage_healed":0,"gold_gain":75,"player_choice":"Gather Gold","damage_taken":11,"max_hp_gain":0,"max_hp_loss":0,"event_name":"World of Goop","floor":11,"gold_loss":0}],"is_beta":false,"boss_relics":[],"items_purged_floors":[],"is_endless":false,"potions_floor_spawned":[4,5,7,8,14],"killed_by":"Hexaghost","ascension_level":1}