{"gold_per_floor":[349,368,368,383,397,440,393,393,420,61,61,81,31,31,31,162,162,185,201,224,224],"floor_reached":21,"playtime":1997,"items_purged":[],"score":181,"play_id":"9c116cbe-df9f-489e-94ac-4e9ed6a4cc16","local_time":"20190908130911","is_ascension_mode":false,"campfire_choices":[{"floor":8,"key":"REST"},{"floor":11,"key":"REST"},{"floor":15,"key":"REST"}],"neow_cost":"TEN_PERCENT_HP_LOSS","seed_source_timestamp":2004003793736900,"circlet_count":0,"master_deck":["Strike_G","Strike_G","Strike_G","Strike_G","Defend_G","Defend_G","Defend_G","Defend_G","Defend_G","Survivor+1","Neutralize","Leg Sweep+1","Deadly Poison","Escape Plan","Endless Agony","Escape Plan","After Image","Caltrops+1","PiercingWail","Prepared"],"relics":["Ring of the Snake","Golden Idol","Boot","War Paint","Bottled Lightning","Strawberry","Black Star"],"potions_floor_usage":[6,6,12],"damage_taken":[{"damage":0,"enemies":"Jaw Worm","floor":1,"turns":6},{"damage":0,"enemies":"Small Slimes","floor":2,"turns":5},{"damage":0,"enemies":"Cultist","floor":4,"turns":5},{"damage":8,"enemies":"2 Fungi Beasts","floor":5,"turns":6},{"damage":35,"enemies":"Lagavulin","floor":6,"turns":15},{"damage":0,"enemies":"Exordium Thugs","floor":12,"turns":5},{"damage":29,"enemies":"The Guardian","floor":16,"turns":17},{"damage":26,"enemies":"3 Byrds","floor":18,"turns":8},{"damage":8,"enemies":"Chosen","floor":19,"turns":8},{"damage":1,"enemies":"Snake Plant","floor":20,"turns":4},{"damage":48,"enemies":"Cultist and Chosen","floor":21,"turns":6}],"seed_played":"7470603622929523085","potions_obtained":[{"floor":2,"key":"SkillPotion"},{"floor":4,"key":"Dexterity Potion"},{"floor":16,"key":"FairyPotion"}],"is_trial":false,"path_per_floor":["M","M","?","M","M","E","?","R","T","$","R","M","?","?","R","B",null,"M","M","M","M"],"character_chosen":"THE_SILENT","items_purchased":["Bottled Lightning","Fruit Juice"],"campfire_rested":3,"item_purchase_floors":[10,10],"current_hp_per_floor":[63,63,48,48,40,5,5,23,23,23,41,46,46,41,63,34,75,49,41,40,0],"gold":224,"neow_bonus":"TWO_FIFTY_GOLD","is_prod":false,"is_daily":false,"chose_seed":false,"campfire_upgraded":0,"win_rate":0,"timestamp":1567962551,"path_taken":["M","M","?","M","M","E","?","R","T","$","R","M","?","?","R","BOSS","M","M","M","M"],"build_version":"2019-07-17","purchased_purges":0,"victory":false,"max_hp_per_floor":[63,63,63,63,63,63,63,63,63,63,63,68,68,75,75,75,75,75,75,75,75],"card_choices":[{"not_picked":["PiercingWail","Poisoned Stab"],"picked":"Leg Sweep","floor":1},{"not_picked":["Flying Knee","Quick Slash"],"picked":"Deadly Poison","floor":2},{"not_picked":["Tactician","Quick Slash","Underhanded Strike"],"picked":"SKIP","floor":4},{"not_picked":["Flying Knee","Acrobatics"],"picked":"Escape Plan","floor":5},{"not_picked":["Terror","Slice"],"picked":"Endless Agony","floor":6},{"not_picked":["Terror","Slice"],"picked":"Escape Plan","floor":12},{"not_picked":["Envenom","Night Terror"],"picked":"After Image","floor":16},{"not_picked":["Underhanded Strike","Riddle With Holes"],"picked":"Caltrops+1","floor":18},{"not_picked":["Dagger Spray","Cloak And Dagger"],"picked":"PiercingWail","floor":19},{"not_picked":["Bane","Riddle With Holes"],"picked":"Prepared","floor":20}],"player_experience":50374,"relics_obtained":[{"floor":6,"key":"Boot"},{"floor":9,"key":"War Paint"}],"event_choices":[{"damage_healed":0,"gold_gain":0,"player_choice":"Take Damage","damage_taken":15,"relics_obtained":["Golden Idol"],"max_hp_gain":0,"max_hp_loss":0,"event_name":"Golden Idol","floor":3,"gold_loss":0},{"damage_healed":0,"gold_gain":0,"player_choice":"Left Gold","damage_taken":0,"max_hp_gain":0,"max_hp_loss":0,"event_name":"World of Goop","floor":7,"gold_loss":47},{"cards_removed":["Strike_G"],"damage_healed":0,"gold_gain":0,"player_choice":"Card Removal","damage_taken":0,"max_hp_gain":0,"max_hp_loss":0,"event_name":"The Cleric","floor":13,"gold_loss":50},{"damage_healed":0,"gold_gain":0,"player_choice":"Success","damage_taken":12,"relics_obtained":["Strawberry"],"max_hp_gain":0,"max_hp_loss":0,"event_name":"Scrap Ooze","floor":14,"gold_loss":0}],"is_beta":false,"boss_relics":[{"not_picked":["Velvet Choker","Runic Dome"],"picked":"Black Star"}],"items_purged_floors":[],"is_endless":false,"potions_floor_spawned":[2,4,16],"killed_by":"Cultist and Chosen","ascension_level":0}