{"gold_per_floor":[119,69,88,13,13,13,44,62,138,138,148,148,160,177,177,275,275,289,300,300,215,234,268,168,168,192,212,212,212,228,23,23,120,120,138,157,177,177,277,277,312,312,339,339,355,355,0,20,20,20],"floor_reached":50,"playtime":3255,"items_purged":["Strike_B","Strike_B","Defend_B+1"],"score":667,"play_id":"27c3709d-7a7a-4808-a8b8-c9b186a00db1","local_time":"20190903155224","is_ascension_mode":false,"campfire_choices":[{"data":"Zap","floor":6.0,"key":"SMITH"},{"data":"Double Energy","floor":10.0,"key":"SMITH"},{"data":"Buffer","floor":15.0,"key":"SMITH"},{"data":"Seek","floor":28.0,"key":"SMITH"},{"data":"Loop","floor":32.0,"key":"SMITH"},{"data":"1","floor":40,"key":"LIFT"},{"data":"2","floor":42,"key":"LIFT"},{"data":"3","floor":44,"key":"LIFT"},{"data":"Biased Cognition","floor":49,"key":"SMITH"}],"neow_cost":"NONE","seed_source_timestamp":0,"circlet_count":0,"master_deck":["Strike_B+1","Defend_B+1","Defend_B+1","Zap+1","Dualcast","Sweeping Beam","Conserve Battery","Ball Lightning","Double Energy+1","Coolheaded","Zap","Electrodynamics","Buffer+1","Hologram","Seek+1","Ghostly","Ghostly","Ghostly","Ghostly","Ghostly","Cold Snap+1","Glacier+1","Leap+1","Loop+1","Biased Cognition+1","Ball Lightning+1","Capacitor+1","White Noise+1","Blizzard+1","Doubt","Parasite","Hologram+1"],"special_seed":0,"relics":["Cracked Core","NeowsBlessing","Regal Pillow","Mercury Hourglass","Coffee Dripper","Toxic Egg 2","Blue Candle","Strawberry","MutagenicStrength","Cursed Key","Girya","Singing Bowl","Lantern","Red Mask"],"potions_floor_usage":[35,37,39,50,50],"damage_taken":[{"damage":0.0,"enemies":"2 Louse","floor":1.0,"turns":1.0},{"damage":0.0,"enemies":"Jaw Worm","floor":3.0,"turns":1.0},{"damage":0.0,"enemies":"3 Sentries","floor":7.0,"turns":1.0},{"damage":0.0,"enemies":"Cultist","floor":8.0,"turns":3.0},{"damage":0.0,"enemies":"2 Fungi Beasts","floor":11.0,"turns":2.0},{"damage":0.0,"enemies":"3 Louse","floor":13.0,"turns":1.0},{"damage":3.0,"enemies":"Looter","floor":14.0,"turns":3.0},{"damage":0.0,"enemies":"Slime Boss","floor":16.0,"turns":4.0},{"damage":0.0,"enemies":"Spheric Guardian","floor":18.0,"turns":4.0},{"damage":0.0,"enemies":"Chosen","floor":19.0,"turns":5.0},{"damage":1.0,"enemies":"Snake Plant","floor":22.0,"turns":4.0},{"damage":1.0,"enemies":"Gremlin Leader","floor":23.0,"turns":5.0},{"damage":0.0,"enemies":"3 Cultists","floor":27.0,"turns":5.0},{"damage":0.0,"enemies":"Centurion and Healer","floor":30.0,"turns":7.0},{"damage":0.0,"enemies":"Collector","floor":33.0,"turns":10.0},{"damage":0,"enemies":"Orb Walker","floor":35,"turns":3},{"damage":1,"enemies":"3 Darklings","floor":36,"turns":3},{"damage":1,"enemies":"4 Shapes","floor":37,"turns":3},{"damage":0,"enemies":"Mind Bloom Boss Battle","floor":39,"turns":7},{"damage":0,"enemies":"Reptomancer","floor":41,"turns":6},{"damage":0,"enemies":"Sphere and 2 Shapes","floor":45,"turns":3},{"damage":2,"enemies":"Writhing Mass","floor":48,"turns":5},{"damage":67,"enemies":"Time Eater","floor":50,"turns":10}],"seed_played":"-4497624480007462986","potions_obtained":[{"floor":7.0,"key":"FocusPotion"},{"floor":8.0,"key":"SpeedPotion"},{"floor":19.0,"key":"LiquidBronze"},{"floor":23.0,"key":"EntropicBrew"},{"floor":33.0,"key":"SteroidPotion"},{"floor":36,"key":"Energy Potion"},{"floor":37,"key":"Fruit Juice"},{"floor":41,"key":"Strength Potion"},{"floor":48,"key":"SpeedPotion"}],"is_trial":false,"path_per_floor":["M","?","M","$","$","R","E","M","T","R","M","?","M","M","R","B",null,"M","M","?","?","M","E","$","?","T","M","R","?","M","$","R","B",null,"M","M","M","?","?","R","E","R","T","R","M","?","?","M","R","B"],"character_chosen":"DEFECT","items_purchased":["Loop"],"campfire_rested":0,"item_purchase_floors":[31],"current_hp_per_floor":[75,75,75,75,75,75,75,75,75,75,75,75,75,72,72,72,75,75,75,37,37,36,35,35,35,42,42,42,42,42,42,42,42,44,44,43,47,47,47,47,47,47,47,47,49,51,51,49,49,0],"gold":20,"neow_bonus":"THREE_ENEMY_KILL","is_prod":false,"is_daily":false,"chose_seed":false,"campfire_upgraded":6,"win_rate":0.0,"timestamp":1567551144,"path_taken":["M","?","M","?","$","R","E","M","T","R","M","?","?","M","R","BOSS","M","M","?","?","M","E","$","?","T","M","R","?","?","?","R","BOSS","M","M","M","?","?","R","E","R","T","R","M","?","?","M","R","BOSS"],"build_version":"2019-07-17","purchased_purges":3,"victory":false,"max_hp_per_floor":[75,75,75,75,75,75,75,75,75,75,75,75,75,75,75,75,75,75,75,37,37,37,37,37,37,44,44,44,44,44,44,44,44,44,44,44,49,49,49,49,49,49,49,49,51,53,53,53,53,53],"card_choices":[{"not_picked":["Hologram","Capacitor"],"picked":"Sweeping Beam","floor":1.0},{"not_picked":["Streamline","Barrage"],"picked":"Conserve Battery","floor":3.0},{"not_picked":["Sweeping Beam","Hologram"],"picked":"Ball Lightning","floor":7.0},{"not_picked":["Force Field","Barrage"],"picked":"Double Energy","floor":8.0},{"not_picked":["Go for the Eyes","Barrage"],"picked":"Coolheaded","floor":11.0},{"not_picked":["Compile Driver","Stack"],"picked":"Buffer","floor":13.0},{"not_picked":["Static Discharge","Leap"],"picked":"Hologram","floor":14.0},{"not_picked":["Fission","Thunder Strike"],"picked":"Seek","floor":16.0},{"not_picked":["Steam","Conserve Battery","Force Field"],"picked":"SKIP","floor":18.0},{"not_picked":["Streamline","Aggregate","Compile Driver+1"],"picked":"SKIP","floor":19.0},{"not_picked":["Sweeping Beam","Redo+1"],"picked":"Cold Snap+1","floor":22.0},{"not_picked":["All For One","Leap+1"],"picked":"Glacier+1","floor":23.0},{"not_picked":["Conserve Battery+1","Steam+1"],"picked":"Leap+1","floor":27.0},{"not_picked":["Sweeping Beam+1","Doom and Gloom","Steam+1"],"picked":"SKIP","floor":30.0},{"not_picked":["Machine Learning","Amplify+1"],"picked":"Biased Cognition","floor":33.0},{"not_picked":["Aggregate+1","Static Discharge+1"],"picked":"Ball Lightning+1","floor":35},{"not_picked":["Streamline","Cold Snap","Stack+1"],"picked":"SKIP","floor":36},{"not_picked":["Redo+1","Skim+1"],"picked":"Capacitor+1","floor":37},{"not_picked":["Cold Snap+1","Ball Lightning+1"],"picked":"White Noise+1","floor":39},{"not_picked":["Hologram+1","Compile Driver+1"],"picked":"Blizzard+1","floor":41},{"not_picked":["Stack+1","Blizzard","Streamline"],"picked":"Singing Bowl","floor":45},{"not_picked":["Deep Breath+1","HandOfGreed","Purity+1"],"picked":"Singing Bowl","floor":46},{"not_picked":["Redo+1","Cold Snap+1"],"picked":"Hologram+1","floor":48}],"player_experience":38403,"relics_obtained":[{"floor":7.0,"key":"Regal Pillow"},{"floor":9.0,"key":"Mercury Hourglass"},{"floor":23.0,"key":"Blue Candle"},{"floor":26.0,"key":"Strawberry"},{"floor":39,"key":"Girya"},{"floor":41,"key":"Singing Bowl"},{"floor":43,"key":"Lantern"}],"event_choices":[{"cards_removed":["Strike_B"],"damage_healed":0.0,"max_hp_gain":0.0,"max_hp_loss":0.0,"gold_gain":0.0,"event_name":"The Cleric","player_choice":"Card Removal","floor":2.0,"gold_loss":50.0,"damage_taken":0.0},{"damage_healed":0.0,"max_hp_gain":0.0,"max_hp_loss":0.0,"gold_gain":0.0,"event_name":"Match and Keep!","player_choice":"2 cards matched","floor":12.0,"gold_loss":0.0,"damage_taken":0.0,"cards_obtained":["Zap","Electrodynamics"]},{"damage_healed":0.0,"max_hp_gain":0.0,"max_hp_loss":38.0,"gold_gain":0.0,"event_name":"Ghosts","player_choice":"Became a Ghost","floor":20.0,"gold_loss":0.0,"damage_taken":0.0,"cards_obtained":["Ghostly","Ghostly","Ghostly","Ghostly","Ghostly"]},{"damage_healed":0.0,"max_hp_gain":0.0,"max_hp_loss":0.0,"gold_gain":0.0,"event_name":"Addict","player_choice":"Obtained Relic","floor":21.0,"gold_loss":85.0,"damage_taken":0.0,"relics_obtained":["Toxic Egg 2"]},{"damage_healed":0.0,"max_hp_gain":0.0,"max_hp_loss":0.0,"gold_gain":0.0,"event_name":"Back to Basics","player_choice":"Simplicity","floor":25.0,"gold_loss":0.0,"damage_taken":0.0,"cards_upgraded":["Strike_B","Defend_B","Defend_B","Defend_B","Defend_B"]},{"damage_healed":0.0,"max_hp_gain":0.0,"max_hp_loss":0.0,"gold_gain":0.0,"event_name":"Drug Dealer","player_choice":"Inject Mutagens","floor":29.0,"gold_loss":0.0,"damage_taken":0.0,"relics_obtained":["MutagenicStrength"]},{"cards_removed":["Defend_B"],"damage_healed":0,"gold_gain":0,"player_choice":"Removed Skill","damage_taken":0,"max_hp_gain":0,"max_hp_loss":0,"event_name":"Falling","floor":38,"gold_loss":0},{"damage_healed":0,"gold_gain":0,"player_choice":"Fight","damage_taken":0,"max_hp_gain":0,"max_hp_loss":0,"event_name":"MindBloom","floor":39,"gold_loss":0},{"damage_healed":0,"gold_gain":0,"player_choice":"Memory 1","damage_taken":0,"max_hp_gain":0,"max_hp_loss":0,"event_name":"SensoryStone","floor":46,"gold_loss":0},{"damage_healed":0,"gold_gain":0,"player_choice":"Paid","damage_taken":0,"relics_obtained":["Red Mask"],"max_hp_gain":0,"max_hp_loss":0,"event_name":"Tomb of Lord Red Mask","floor":47,"gold_loss":355}],"is_beta":false,"boss_relics":[{"not_picked":["Empty Cage","Philosopher\u0027s Stone"],"picked":"Coffee Dripper"},{"not_picked":["FrozenCore","Calling Bell"],"picked":"Cursed Key"}],"items_purged_floors":[4,24,31],"is_endless":false,"potions_floor_spawned":[7,8,19,23,33,36,37,41,48],"killed_by":"Time Eater","ascension_level":0}