{"gold_per_floor":[117,117,117,133,133,172,185,185,257,432,475,499,28,52,52,52],"floor_reached":16,"playtime":804,"items_purged":["Doubt"],"score":110,"play_id":"15cff8e0-9958-45d8-bcb3-591a6cfc629e","local_time":"20190831164826","is_ascension_mode":false,"campfire_choices":[{"data":"Armaments","floor":8,"key":"SMITH"},{"floor":15,"key":"REST"}],"neow_cost":"NONE","seed_source_timestamp":62271868588676,"circlet_count":0,"master_deck":["Strike_R","Strike_R","Strike_R","Strike_R","Strike_R","Defend_R","Defend_R","Defend_R","Defend_R","Bash","Flex","Armaments+1","Injury","Searing Blow","Fire Breathing","Armaments","Spot Weakness","Flex","Infernal Blade","Whirlwind"],"relics":["Burning Blood","Vajra","Golden Idol","Paper Frog","Dodecahedron","Orichalcum","Champion Belt"],"potions_floor_usage":[11,16,16],"damage_taken":[{"damage":5,"enemies":"Cultist","floor":1,"turns":4},{"damage":7,"enemies":"2 Louse","floor":4,"turns":2},{"damage":35,"enemies":"Lagavulin","floor":6,"turns":8},{"damage":5,"enemies":"Jaw Worm","floor":7,"turns":4},{"damage":42,"enemies":"Gremlin Nob","floor":11,"turns":5},{"damage":8,"enemies":"3 Louse","floor":12,"turns":5},{"damage":12,"enemies":"Exordium Thugs","floor":14,"turns":6},{"damage":35,"enemies":"Slime Boss","floor":16,"turns":7}],"seed_played":"858013697516559669","potions_obtained":[{"floor":4,"key":"AttackPotion"},{"floor":12,"key":"Block Potion"},{"floor":14,"key":"FearPotion"}],"is_trial":false,"path_per_floor":["M","?","?","M","?","E","M","R","T","?","E","M","$","M","R","B"],"character_chosen":"IRONCLAD","items_purchased":["Champion Belt","Flex","Infernal Blade"],"campfire_rested":1,"item_purchase_floors":[13,13,13],"current_hp_per_floor":[88,88,81,80,80,51,52,52,52,52,16,14,14,8,34,0],"gold":52,"neow_bonus":"TEN_PERCENT_HP_BONUS","is_prod":false,"is_daily":false,"chose_seed":false,"campfire_upgraded":1,"win_rate":0.0,"timestamp":1567295306,"path_taken":["M","?","?","M","?","E","M","R","T","?","E","M","$","M","R","BOSS"],"build_version":"2019-07-17","purchased_purges":1,"victory":false,"max_hp_per_floor":[88,88,88,88,88,88,88,88,88,88,88,88,88,88,88,88],"card_choices":[{"not_picked":["Heavy Blade","Spot Weakness"],"picked":"Flex","floor":1},{"not_picked":["Perfected Strike","Twin Strike"],"picked":"Armaments","floor":4},{"not_picked":["Sword Boomerang","Warcry"],"picked":"Searing Blow","floor":6},{"not_picked":["Clothesline","True Grit"],"picked":"Fire Breathing","floor":7},{"not_picked":["Clothesline","Cleave"],"picked":"Armaments","floor":11},{"not_picked":["Flex","Ghostly Armor"],"picked":"Spot Weakness","floor":12},{"not_picked":["Entrench","Flex"],"picked":"Whirlwind","floor":14}],"player_experience":11451,"relics_obtained":[{"floor":6,"key":"Paper Frog"},{"floor":9,"key":"Dodecahedron"},{"floor":11,"key":"Orichalcum"}],"event_choices":[{"damage_healed":0,"gold_gain":0,"player_choice":"Box","damage_taken":0,"relics_obtained":["Vajra"],"max_hp_gain":0,"max_hp_loss":0,"event_name":"Big Fish","floor":2,"gold_loss":0,"cards_obtained":["Regret"]},{"cards_removed":["Regret"],"damage_healed":0,"gold_gain":0,"player_choice":"Card Removal","damage_taken":7,"max_hp_gain":0,"max_hp_loss":0,"event_name":"Golden Wing","floor":3,"gold_loss":0},{"damage_healed":0,"gold_gain":0,"player_choice":"Take Wound","damage_taken":0,"relics_obtained":["Golden Idol"],"max_hp_gain":0,"max_hp_loss":0,"event_name":"Golden Idol","floor":5,"gold_loss":0,"cards_obtained":["Injury"]},{"damage_healed":0,"gold_gain":175,"player_choice":"AGREE","damage_taken":0,"max_hp_gain":0,"max_hp_loss":0,"event_name":"Liars Game","floor":10,"gold_loss":0,"cards_obtained":["Doubt"]}],"is_beta":false,"boss_relics":[],"items_purged_floors":[13],"is_endless":false,"potions_floor_spawned":[4,12,14],"killed_by":"Slime Boss","ascension_level":0}