{"gold_per_floor":[115,127,127,127,127,161,177,23,23,356,356,385,385,398,398,500,530,543,559,87,87,87],"floor_reached":22,"playtime":1752,"items_purged":["Bash","Defend_R"],"score":282,"play_id":"c72a419f-d6bb-4dba-9128-fafafef13fbe","local_time":"20180714222550","is_ascension_mode":true,"campfire_choices":[{"floor":11,"key":"REST"},{"floor":13,"key":"REST"},{"floor":15,"key":"REST"}],"neow_cost":"CURSE","seed_source_timestamp":188575907338524,"circlet_count":0,"master_deck":["Strike_R","Strike_R","Strike_R","Strike_R+1","Strike_R","Defend_R","Defend_R","Defend_R","Combust","Shrug It Off","Burning Pact","Iron Wave","Feel No Pain","Thunderclap","Fire Breathing","True Grit","Reaper","Inflame","Heavy Blade","Armaments","Metallicize","Spot Weakness","Decay"],"relics":["Burning Blood","Gremlin Horn","Du-Vu Doll","Ornamental Fan","Old Coin","Meat on the Bone","Tiny House","Vajra"],"potions_floor_usage":[10,16,16,18,19,22,22],"damage_taken":[{"damage":5,"enemies":"Jaw Worm","floor":1,"turns":5},{"damage":3,"enemies":"Cultist","floor":2,"turns":4},{"damage":34,"enemies":"3 Sentries","floor":6,"turns":8},{"damage":1,"enemies":"2 Louse","floor":7,"turns":2},{"damage":37,"enemies":"Gremlin Nob","floor":10,"turns":5},{"damage":56,"enemies":"Lagavulin","floor":12,"turns":7},{"damage":18,"enemies":"Red Slaver","floor":14,"turns":4},{"damage":79,"enemies":"Hexaghost","floor":16,"turns":15},{"damage":26,"enemies":"3 Byrds","floor":18,"turns":4},{"damage":30,"enemies":"Chosen","floor":19,"turns":7},{"damage":73,"enemies":"Slaver and Parasite","floor":22,"turns":4}],"seed_played":"-5697966324847973302","potions_obtained":[{"floor":1,"key":"Poison Potion"},{"floor":10,"key":"SpeedPotion"},{"floor":12,"key":"Energy Potion"},{"floor":14,"key":"LiquidBronze"},{"floor":17,"key":"Weak Potion"},{"floor":19,"key":"SteroidPotion"}],"is_trial":false,"path_per_floor":["M","M","?","?","T","E","M","$","T","E","R","E","R","M","R","B",null,"M","M","$","?"],"character_chosen":"IRONCLAD","items_purchased":["Feel No Pain","Metallicize","Spot Weakness","Vajra","Fruit Juice"],"campfire_rested":3,"item_purchase_floors":[8,20,20,20,20],"current_hp_per_floor":[96,96,96,101,101,73,78,78,78,47,77,27,57,57,87,26,106,87,67,67,67,0],"gold":87,"neow_bonus":"TWENTY_PERCENT_HP_BONUS","is_prod":false,"is_daily":false,"chose_seed":false,"campfire_upgraded":0,"win_rate":0,"timestamp":1531632350,"path_taken":["M","M","?","?","?","E","M","$","T","E","R","E","R","M","R","BOSS","M","M","$","?","M"],"build_version":"2018-07-13","purchased_purges":2,"victory":false,"max_hp_per_floor":[96,96,96,101,101,101,101,101,101,101,101,101,101,101,101,101,106,106,106,106,106,111],"card_choices":[{"not_picked":["Iron Wave","Cleave"],"picked":"Combust","floor":1},{"not_picked":["Heavy Blade","Warcry"],"picked":"Shrug It Off","floor":2},{"not_picked":["Dropkick","Immolate"],"picked":"Burning Pact","floor":6},{"not_picked":["Anger","Cleave"],"picked":"Iron Wave","floor":7},{"not_picked":["Clothesline","Sword Boomerang"],"picked":"Thunderclap","floor":10},{"not_picked":["Rampage","Second Wind"],"picked":"Fire Breathing","floor":12},{"not_picked":["Intimidate","Wild Strike"],"picked":"True Grit","floor":14},{"not_picked":["Brutality","Dark Embrace"],"picked":"Reaper","floor":16},{"not_picked":["Warcry","Burning Pact"],"picked":"Inflame","floor":17},{"not_picked":["Body Slam","True Grit"],"picked":"Heavy Blade","floor":18},{"not_picked":["Reckless Charge","Perfected Strike+1"],"picked":"Armaments","floor":19}],"player_experience":158543,"relics_obtained":[{"floor":5,"key":"Gremlin Horn"},{"floor":6,"key":"Du-Vu Doll"},{"floor":9,"key":"Ornamental Fan"},{"floor":10,"key":"Old Coin"},{"floor":12,"key":"Meat on the Bone"}],"event_choices":[{"event_name":"Living Wall","player_choice":"Forget","floor":3,"damage_taken":0},{"event_name":"Big Fish","player_choice":"Donut","floor":4,"damage_taken":0},{"event_name":"Forgotten Altar","player_choice":"Smashed Altar","floor":21,"damage_taken":0}],"boss_relics":[{"not_picked":["Snecko Eye","Runic Dome"],"picked":"Tiny House"}],"items_purged_floors":[8,20],"is_endless":false,"potions_floor_spawned":[1,10,12,14,19],"killed_by":"Slaver and Parasite","ascension_level":3}