{"gold_per_floor":[109,127,145,155,80,112,112,146,146,146,160,160,160],"floor_reached":13,"playtime":894,"items_purged":["Strike_B"],"score":114,"play_id":"0846efdc-4600-4e19-a2bb-d869269895bc","local_time":"20190511191053","is_ascension_mode":true,"campfire_choices":[{"floor":7,"key":"REST"},{"floor":10,"key":"REST"},{"data":"Creative AI","floor":12,"key":"SMITH"}],"neow_cost":"NONE","seed_source_timestamp":343484661065339,"circlet_count":0,"master_deck":["Strike_B","Strike_B","Defend_B","Defend_B","Defend_B","Defend_B","Zap","Dualcast","Conserve Battery","Capacitor","Creative AI+1","Force Field","Static Discharge","Consume","Go for the Eyes+1"],"relics":["Cracked Core","Vajra","Blood Vial","Molten Egg 2"],"potions_floor_usage":[6],"damage_taken":[{"damage":0,"enemies":"Cultist","floor":1,"turns":3},{"damage":2,"enemies":"Jaw Worm","floor":2,"turns":4},{"damage":0,"enemies":"Small Slimes","floor":3,"turns":4},{"damage":31,"enemies":"Exordium Wildlife","floor":4,"turns":7},{"damage":8,"enemies":"Gremlin Nob","floor":6,"turns":4},{"damage":28,"enemies":"Lagavulin","floor":8,"turns":7},{"damage":23,"enemies":"Red Slaver","floor":11,"turns":5},{"damage":35,"enemies":"The Mushroom Lair","floor":13,"turns":4}],"seed_played":"633441209058353878","potions_obtained":[{"floor":1,"key":"GamblersBrew"},{"floor":4,"key":"Fire Potion"},{"floor":6,"key":"Weak Potion"}],"is_trial":false,"path_per_floor":["M","M","M","M","$","E","R","E","T","R","M","R","?"],"character_chosen":"DEFECT","items_purchased":[],"campfire_rested":2,"item_purchase_floors":[],"current_hp_per_floor":[75,73,73,42,42,34,56,28,28,50,29,29,0],"gold":160,"neow_bonus":"REMOVE_CARD","is_prod":false,"is_daily":false,"chose_seed":false,"campfire_upgraded":1,"win_rate":0,"timestamp":1557627053,"path_taken":["M","M","M","M","$","E","R","E","T","R","M","R","?"],"build_version":"2019-05-07","purchased_purges":1,"victory":false,"max_hp_per_floor":[75,75,75,75,75,75,75,75,75,75,75,75,75],"card_choices":[{"not_picked":["Blizzard","Turbo"],"picked":"Conserve Battery","floor":1},{"not_picked":["Coolheaded","Rebound"],"picked":"Capacitor","floor":2},{"not_picked":["Ball Lightning","Stack"],"picked":"Creative AI","floor":3},{"not_picked":["Redo","Hologram"],"picked":"Force Field","floor":4},{"not_picked":["Rebound","Lockon"],"picked":"Static Discharge","floor":6},{"not_picked":["Meteor Strike","Gash"],"picked":"Consume","floor":8},{"not_picked":["Hologram","Gash+1"],"picked":"Go for the Eyes+1","floor":11}],"player_experience":280426,"relics_obtained":[{"floor":6,"key":"Vajra"},{"floor":8,"key":"Blood Vial"},{"floor":9,"key":"Molten Egg 2"}],"event_choices":[{"damage_healed":0,"gold_gain":0,"player_choice":"Fought Mushrooms","damage_taken":0,"max_hp_gain":0,"max_hp_loss":0,"event_name":"Mushrooms","floor":13,"gold_loss":0}],"is_beta":true,"boss_relics":[],"items_purged_floors":[5],"is_endless":false,"potions_floor_spawned":[1,4,6],"killed_by":"The Mushroom Lair","ascension_level":4}