{"gold_per_floor":[111,111,75,75,26,53,72,99,126,126,156,166,166,131,131,255,255,268,197,213,213],"floor_reached":21,"playtime":1470,"items_purged":[],"score":234,"play_id":"6de8460b-c533-4e80-84ca-a617a049b066","local_time":"20180829225711","is_ascension_mode":true,"campfire_choices":[{"floor":10,"key":"REST"},{"floor":15,"key":"REST"}],"neow_cost":"NONE","seed_source_timestamp":858816767781486,"circlet_count":0,"master_deck":["Strike_B","Strike_B","Defend_B","Defend_B","Defend_B","Zap","Dualcast","Darkness","Heatsinks","Ball Lightning","Auto Shields","Creative AI","Leap","Loop","Heatsinks","Injury","Beam Cell+1","Amplify","Self Repair+1","Static Discharge","Go for the Eyes+1"],"relics":["Cracked Core","Dream Catcher","Molten Egg 2","Art of War","Ginger","Golden Idol","Cursed Key"],"potions_floor_usage":[8,8,18],"damage_taken":[{"damage":3,"enemies":"Small Slimes","floor":1,"turns":2},{"damage":15,"enemies":"Lagavulin","floor":6,"turns":5},{"damage":12,"enemies":"Jaw Worm","floor":7,"turns":3},{"damage":15,"enemies":"3 Sentries","floor":8,"turns":6},{"damage":33,"enemies":"Gremlin Nob","floor":11,"turns":4},{"damage":0,"enemies":"Cultist","floor":12,"turns":3},{"damage":27,"enemies":"Slime Boss","floor":16,"turns":6},{"damage":38,"enemies":"3 Byrds","floor":18,"turns":5},{"damage":0,"enemies":"Chosen","floor":20,"turns":4},{"damage":53,"enemies":"Sentry and Sphere","floor":21,"turns":5}],"seed_played":"5781175429431250392","potions_obtained":[{"floor":6,"key":"Fire Potion"},{"floor":11,"key":"Weak Potion"},{"floor":20,"key":"PowerPotion"}],"is_trial":false,"path_per_floor":["M","?","$","?","$","E","M","E","T","R","E","M","?","?","R","B",null,"M","$","M"],"character_chosen":"DEFECT","items_purchased":["Heatsinks","PowerPotion","Static Discharge"],"campfire_rested":2,"item_purchase_floors":[3,5,19],"current_hp_per_floor":[72,72,72,65,65,50,38,23,23,45,12,12,12,30,52,25,75,37,37,47,0],"gold":213,"neow_bonus":"REMOVE_CARD","is_prod":false,"is_daily":false,"chose_seed":false,"campfire_upgraded":0,"win_rate":0,"timestamp":1535608631,"path_taken":["M","?","$","?","$","E","M","E","T","R","E","M","?","?","R","BOSS","M","$","M","M"],"build_version":"2018-08-28","purchased_purges":0,"victory":false,"max_hp_per_floor":[75,75,75,75,75,75,75,75,75,75,75,75,75,75,75,75,75,75,75,75,75],"card_choices":[{"not_picked":["Redo","Stack"],"picked":"Darkness","floor":1},{"not_picked":["Sweeping Beam","Doom and Gloom"],"picked":"Ball Lightning","floor":6},{"not_picked":["Redo","Ball Lightning"],"picked":"Auto Shields","floor":7},{"not_picked":["Double Energy","Loop"],"picked":"Creative AI","floor":8},{"not_picked":["Sunder+1","Turbo"],"picked":"Leap","floor":10},{"not_picked":["Consume","Darkness"],"picked":"Loop","floor":11},{"not_picked":["Melter+1","Cold Snap+1"],"picked":"Heatsinks","floor":12},{"not_picked":["Melter+1","Sweeping Beam+1"],"picked":"Beam Cell+1","floor":15},{"not_picked":["Echo Form","Reboot"],"picked":"Amplify","floor":16},{"not_picked":["Sunder+1","Ball Lightning+1"],"picked":"Self Repair+1","floor":18},{"not_picked":["Beam Cell+1","Darkness"],"picked":"Go for the Eyes+1","floor":20}],"player_experience":206795,"relics_obtained":[{"floor":6,"key":"Dream Catcher"},{"floor":8,"key":"Molten Egg 2"},{"floor":9,"key":"Art of War"},{"floor":11,"key":"Ginger"}],"event_choices":[{"event_name":"Living Wall","player_choice":"Forget","floor":2,"damage_taken":0},{"event_name":"Golden Wing","player_choice":"Card Removal","floor":4,"damage_taken":0},{"event_name":"Golden Idol","player_choice":"Take Wound","floor":13,"damage_taken":0},{"event_name":"The Cleric","player_choice":"Healed","floor":14,"damage_taken":0}],"is_beta":true,"boss_relics":[{"not_picked":["Fusion Hammer","Nuclear Battery"],"picked":"Cursed Key"}],"items_purged_floors":[],"is_endless":false,"potions_floor_spawned":[6,11,20],"killed_by":"Sentry and Sphere","ascension_level":4}