{"gold_per_floor":[119,131,131,131,96,123,123,142,221,221,238,251,251,231,231,231],"floor_reached":16,"playtime":1637,"items_purged":[],"score":105,"play_id":"789dff3b-5550-4eb8-b6fc-3c2bbbc17f40","local_time":"20190907134655","is_ascension_mode":true,"campfire_choices":[{"floor":7,"key":"REST"},{"floor":10,"key":"REST"},{"data":"Corpse Explosion","floor":13,"key":"SMITH"},{"data":"Deflect","floor":15,"key":"SMITH"}],"neow_cost":"NONE","seed_source_timestamp":1920226282162400,"circlet_count":0,"master_deck":["Strike_G","Strike_G","Strike_G","Strike_G","Strike_G+1","Defend_G+1","Defend_G","Defend_G","Defend_G","Defend_G","Survivor","Neutralize","Acrobatics","Deflect+1","Prepared","Choke","Corpse Explosion+1"],"relics":["Ring of the Snake","Happy Flower","Pantograph","Dodecahedron"],"potions_floor_usage":[6,16,16],"damage_taken":[{"damage":0,"enemies":"Jaw Worm","floor":1,"turns":6},{"damage":4,"enemies":"2 Louse","floor":2,"turns":5},{"damage":49,"enemies":"Gremlin Nob","floor":6,"turns":6},{"damage":0,"enemies":"Small Slimes","floor":8,"turns":3},{"damage":0,"enemies":"Red Slaver","floor":11,"turns":5},{"damage":5,"enemies":"Blue Slaver","floor":12,"turns":4},{"damage":93,"enemies":"Hexaghost","floor":16,"turns":16}],"seed_played":"-6832920649685587964","potions_obtained":[{"floor":2,"key":"Fire Potion"},{"floor":6,"key":"Ancient Potion"},{"floor":12,"key":"Strength Potion"},{"floor":14,"key":"Regen Potion"}],"is_trial":false,"path_per_floor":["M","M","?","?","?","E","R","M","T","R","M","M","R","?","R","B"],"character_chosen":"THE_SILENT","items_purchased":[],"campfire_rested":2,"item_purchase_floors":[],"current_hp_per_floor":[77,73,61,46,65,16,39,39,39,62,62,57,57,57,57,0],"gold":231,"neow_bonus":"TEN_PERCENT_HP_BONUS","is_prod":false,"is_daily":false,"chose_seed":false,"campfire_upgraded":2,"win_rate":0,"timestamp":1567878415,"path_taken":["M","M","?","?","?","E","R","M","T","R","M","M","R","?","R","BOSS"],"build_version":"2019-07-17","purchased_purges":0,"victory":false,"max_hp_per_floor":[77,77,77,77,77,77,77,77,77,77,77,77,77,77,77,77],"card_choices":[{"not_picked":["Outmaneuver","Dodge and Roll"],"picked":"Acrobatics","floor":1},{"not_picked":["Dodge and Roll","Sucker Punch","Deadly Poison"],"picked":"SKIP","floor":2},{"not_picked":["Flying Knee","Cloak And Dagger"],"picked":"Deflect","floor":6},{"not_picked":["Acrobatics","PiercingWail"],"picked":"Prepared","floor":8},{"not_picked":["Dagger Throw","Catalyst"],"picked":"Choke","floor":11},{"not_picked":["Accuracy","Prepared"],"picked":"Corpse Explosion","floor":12}],"player_experience":44982,"relics_obtained":[{"floor":6,"key":"Pantograph"},{"floor":9,"key":"Dodecahedron"}],"event_choices":[{"damage_healed":0,"gold_gain":0,"player_choice":"Success","damage_taken":12,"relics_obtained":["Happy Flower"],"max_hp_gain":0,"max_hp_loss":0,"event_name":"Scrap Ooze","floor":3,"gold_loss":0},{"damage_healed":0,"gold_gain":0,"player_choice":"Entered Light","damage_taken":15,"max_hp_gain":0,"max_hp_loss":0,"event_name":"Shining Light","floor":4,"gold_loss":0,"cards_upgraded":["Defend_G","Strike_G"]},{"damage_healed":19,"gold_gain":0,"player_choice":"Healed","damage_taken":0,"max_hp_gain":0,"max_hp_loss":0,"event_name":"The Cleric","floor":5,"gold_loss":35},{"damage_healed":0,"gold_gain":0,"player_choice":"Bought 1 Potion","damage_taken":0,"max_hp_gain":0,"max_hp_loss":0,"event_name":"The Woman in Blue","floor":14,"gold_loss":0}],"is_beta":false,"boss_relics":[],"items_purged_floors":[],"is_endless":false,"potions_floor_spawned":[2,6,12],"killed_by":"Hexaghost","ascension_level":1}