{"path_per_floor":["M","M","$","M","M","E","R","M","T","M","R","?","M","?","R","B",null,"M","M","?","?","M","R","E","$","T","M","M","R","M","M","R"],"character_chosen":"DEFECT","items_purchased":["Doom and Gloom","Genetic Algorithm","Capacitor","Go for the Eyes"],"gold_per_floor":[117,135,24,44,54,86,86,99,99,109,109,109,122,122,122,220,220,235,249,164,164,177,177,206,29,29,48,58,58,71,83,83,83],"floor_reached":33,"campfire_rested":6,"playtime":3489,"current_hp_per_floor":[70,65,65,55,45,15,37,27,27,22,44,29,25,25,47,26,75,63,37,37,37,27,49,34,34,34,24,13,37,16,12,36,0],"items_purged":["Strike_B"],"gold":83,"score":273,"play_id":"fd52ebf7-14cd-4000-82f0-2de7e1e77bbb","local_time":"20180429224101","is_prod":false,"is_daily":false,"chose_seed":false,"is_ascension_mode":false,"campfire_upgraded":0,"timestamp":1525066861,"path_taken":["M","M","$","M","M","E","R","M","T","M","R","?","M","?","R","BOSS","M","M","?","?","M","R","E","?","T","M","M","R","M","M","R","BOSS"],"build_version":"2018-04-27v3","seed_source_timestamp":514201653781243,"purchased_purges":1,"victory":false,"master_deck":["Strike_B","Strike_B","Strike_B","Defend_B","Defend_B","Defend_B","Defend_B","Zap","Dualcast+1","Sweeping Beam","Coolheaded","Doom and Gloom+1","Genetic Algorithm","Heatsinks","Go for the Eyes+1","Barrage","Stack","Cold Snap","Stack","Rainbow","Aggregate+1","Barrage","Stack","Storm","Capacitor","Go for the Eyes","Self Repair","Loop","Capacitor","Redo"],"max_hp_per_floor":[75,75,75,75,75,75,75,75,75,75,75,75,75,75,75,75,75,75,75,75,75,75,75,82,82,82,82,82,82,82,82,82,82],"relics":["Cracked Core","Omamori","Bottled Lightning","Inserter","Pantograph","Vajra","Strawberry","Letter Opener"],"card_choices":[{"not_picked":["Barrage","Skim"],"picked":"Sweeping Beam","floor":1},{"not_picked":["Leap","Cold Snap"],"picked":"Coolheaded","floor":2},{"not_picked":["Capacitor","Hologram"],"picked":"Heatsinks","floor":4},{"not_picked":["White Noise","Beam Cell"],"picked":"Go for the Eyes","floor":5},{"not_picked":["Streamline","Beam Cell"],"picked":"Barrage","floor":6},{"not_picked":["Sweeping Beam","Conserve Battery"],"picked":"Stack","floor":8},{"not_picked":["Hologram","Sweeping Beam"],"picked":"Cold Snap","floor":10},{"not_picked":["Blizzard","Aggregate"],"picked":"Stack","floor":13},{"not_picked":["Thunder Strike","Prime"],"picked":"Rainbow","floor":16},{"not_picked":["Sweeping Beam","Beam Cell"],"picked":"Aggregate","floor":18},{"not_picked":["Heatsinks","Genetic Algorithm"],"picked":"Barrage","floor":19},{"not_picked":["Hologram","Streamline"],"picked":"Stack","floor":22},{"not_picked":["Reinforced Body","Static Discharge"],"picked":"Storm","floor":24},{"not_picked":["Sweeping Beam","Coolheaded"],"picked":"Self Repair","floor":27},{"not_picked":["Barrage","Axe Kick"],"picked":"Loop","floor":28},{"not_picked":["Go for the Eyes","Barrage"],"picked":"Capacitor","floor":30},{"not_picked":["Reinforced Body","Cold Snap"],"picked":"Redo","floor":31}],"player_experience":26561,"potions_floor_usage":[16,16,19,19,27,30,30,31],"damage_taken":[{"damage":5,"enemies":"Small Slimes","floor":1,"turns":3},{"damage":5,"enemies":"2 Louse","floor":2,"turns":2},{"damage":10,"enemies":"Jaw Worm","floor":4,"turns":4},{"damage":10,"enemies":"2 Fungi Beasts","floor":5,"turns":4},{"damage":30,"enemies":"Gremlin Nob","floor":6,"turns":5},{"damage":10,"enemies":"Looter","floor":8,"turns":4},{"damage":5,"enemies":"Exordium Wildlife","floor":10,"turns":3},{"damage":4,"enemies":"Blue Slaver","floor":13,"turns":3},{"damage":21,"enemies":"Hexaghost","floor":16,"turns":12},{"damage":12,"enemies":"Shell Parasite","floor":18,"turns":6},{"damage":26,"enemies":"2 Thieves","floor":19,"turns":3},{"damage":10,"enemies":"Sentry and Sphere","floor":22,"turns":7},{"damage":22,"enemies":"Book of Stabbing","floor":24,"turns":7},{"damage":10,"enemies":"Cultist and Chosen","floor":27,"turns":8},{"damage":18,"enemies":"Snake Plant","floor":28,"turns":7},{"damage":28,"enemies":"Centurion and Healer","floor":30,"turns":7},{"damage":11,"enemies":"Snecko","floor":31,"turns":5},{"damage":75,"enemies":"Champ","floor":33,"turns":10}],"event_choices":[{"event_name":"Shining Light","player_choice":"Entered Light","floor":12,"damage_taken":0},{"event_name":"Living Wall","player_choice":"Grow","floor":14,"damage_taken":0},{"event_name":"Addict","player_choice":"Obtained Relic","floor":20,"damage_taken":0},{"event_name":"The Mausoleum","player_choice":"Yes","floor":21,"damage_taken":0}],"boss_relics":[{"not_picked":["Runic Dome","Ectoplasm"],"picked":"Inserter"}],"potions_floor_spawned":[4,5,13,16,19,27,28,30],"seed_played":"5105052902203260333","killed_by":"Champ","ascension_level":0,"is_trial":false}