{"gold_per_floor":[109,128,128,128,144,144,144,174,186,123,123],"floor_reached":11,"playtime":230,"items_purged":["Pain"],"score":69,"play_id":"a589a864-5dee-4459-8019-82e9e96dd45b","local_time":"20190914082727","is_ascension_mode":true,"campfire_choices":[{"data":"Genetic Algorithm","floor":6,"key":"SMITH"}],"neow_cost":"NONE","seed_source_timestamp":2833902549247,"circlet_count":0,"master_deck":["Strike_B","Strike_B","Strike_B","Strike_B","Defend_B","Defend_B","Defend_B","Defend_B","Zap","Dualcast","Genetic Algorithm+1","Leap","Regret","Self Repair","Defragment"],"relics":["Cracked Core","NeowsBlessing","Turnip","WarpedTongs","MawBank"],"potions_floor_usage":[],"damage_taken":[{"damage":0,"enemies":"Cultist","floor":1,"turns":1},{"damage":0,"enemies":"Jaw Worm","floor":2,"turns":1},{"damage":3,"enemies":"2 Louse","floor":5,"turns":1},{"damage":67,"enemies":"Gremlin Gang","floor":8,"turns":6},{"damage":22,"enemies":"3 Sentries","floor":11,"turns":4}],"seed_played":"-1454823543803515068","potions_obtained":[{"floor":1,"key":"LiquidBronze"}],"is_trial":false,"path_per_floor":["M","M","?","?","M","R","?","M","T","$","E"],"character_chosen":"DEFECT","items_purchased":[],"campfire_rested":0,"item_purchase_floors":[],"current_hp_per_floor":[75,75,75,75,72,72,72,15,15,15,0],"gold":123,"neow_bonus":"THREE_ENEMY_KILL","is_prod":false,"is_daily":false,"chose_seed":false,"campfire_upgraded":1,"win_rate":0,"timestamp":1568474847,"path_taken":["M","M","?","?","?","R","?","M","T","$","E"],"build_version":"2019-09-12","purchased_purges":1,"victory":false,"max_hp_per_floor":[75,75,75,75,75,75,75,75,75,75,75],"card_choices":[{"not_picked":["Cold Snap","Turbo"],"picked":"Genetic Algorithm","floor":1},{"not_picked":["Stack","Auto Shields"],"picked":"Leap","floor":2},{"not_picked":["Ball Lightning","Genetic Algorithm"],"picked":"Self Repair","floor":5},{"not_picked":["Rebound","Reinforced Body"],"picked":"Defragment","floor":8}],"player_experience":120012,"relics_obtained":[],"event_choices":[{"damage_healed":0,"gold_gain":0,"player_choice":"Box","damage_taken":0,"relics_obtained":["Turnip"],"max_hp_gain":0,"max_hp_loss":0,"event_name":"Big Fish","floor":3,"gold_loss":0,"cards_obtained":["Regret"]},{"damage_healed":0,"gold_gain":0,"player_choice":"Rummage","damage_taken":0,"relics_obtained":["WarpedTongs"],"max_hp_gain":0,"max_hp_loss":0,"event_name":"Accursed Blacksmith","floor":4,"gold_loss":0,"cards_obtained":["Pain"]},{"damage_healed":0,"gold_gain":0,"player_choice":"Gave Potion","damage_taken":0,"relics_obtained":["MawBank"],"max_hp_gain":0,"max_hp_loss":0,"event_name":"WeMeetAgain","floor":7,"gold_loss":0}],"is_beta":true,"boss_relics":[],"items_purged_floors":[10],"is_endless":false,"potions_floor_spawned":[1],"killed_by":"3 Sentries","ascension_level":2}