{"path_per_floor":["M","M","M","$","M","R","E","?","T","M","E","M","M","?","R","B",null,"M","M","?","M","M","E","M","$","T","R","M","?","R","M","R","B",null,"M","M"],"character_chosen":"IRONCLAD","items_purchased":["Bottled Lightning"],"gold_per_floor":[110,121,141,66,78,78,113,113,113,131,165,185,204,204,204,309,309,321,335,335,348,365,399,409,69,94,94,109,109,109,121,121,216,216,232,245,245],"floor_reached":37,"campfire_rested":3,"playtime":5153,"current_hp_per_floor":[80,75,77,77,77,77,62,46,46,49,55,57,58,58,80,38,80,75,70,70,79,62,29,23,23,23,47,44,44,68,61,61,31,80,73,48,0],"items_purged":["Strike_R","Strike_R"],"gold":245,"score":432,"play_id":"80c9c898-fbdd-47c2-b334-c9a38a730b03","local_time":"20180428010618","is_prod":false,"is_daily":false,"chose_seed":false,"is_ascension_mode":false,"campfire_upgraded":2,"timestamp":1524902778,"path_taken":["M","M","M","$","M","R","E","?","T","M","E","M","M","?","R","BOSS","M","M","?","M","M","E","?","$","T","R","M","?","R","M","R","BOSS","M","M","M"],"build_version":"2018-04-26","seed_source_timestamp":348456164542853,"purchased_purges":3,"victory":false,"master_deck":["Defend_R+1","Defend_R","Defend_R","Bash","Pummel","Metallicize+1","Flex+1","Infernal Blade+1","Rage","Uppercut","Iron Wave","Headbutt","Warcry","Demon Form","Reaper","Armaments+1","Sever Soul","Bash","Brutality","Iron Wave+1","Juggernaut","Headbutt+1","Pummel","Ghostly Armor","Feel No Pain","Juggernaut","Rage+1","Seeing Red+1","Brutality+1","Iron Wave+1","Burning Pact"],"max_hp_per_floor":[80,80,80,80,80,80,80,80,80,80,80,80,80,80,80,80,80,80,80,80,80,80,80,80,80,80,80,80,80,80,80,80,80,80,80,80,80],"relics":["Burning Blood","Happy Flower","Pen Nib","Bottled Flame","Black Star","Oddly Smooth Stone","Orichalcum","Bottled Lightning","Ancient Tea Set","Astrolabe"],"card_choices":[{"not_picked":["Blood for Blood","Corruption"],"picked":"Pummel","floor":0},{"not_picked":["Warcry","Rampage"],"picked":"Metallicize","floor":1},{"not_picked":["Pummel","Disarm"],"picked":"Flex","floor":2},{"not_picked":["Perfected Strike","Warcry"],"picked":"Infernal Blade","floor":3},{"not_picked":["Pummel","Perfected Strike"],"picked":"Rage","floor":5},{"not_picked":["Twin Strike","Warcry"],"picked":"Uppercut","floor":7},{"not_picked":["Twin Strike","Pommel Strike"],"picked":"Iron Wave","floor":10},{"not_picked":["Disarm","Entrench"],"picked":"Headbutt","floor":11},{"not_picked":["Clothesline","Disarm"],"picked":"Warcry","floor":12},{"not_picked":["Sever Soul","Rupture"],"picked":"Demon Form","floor":13},{"not_picked":["Dark Embrace","Fiend Fire"],"picked":"Reaper","floor":16},{"not_picked":["Thunderclap","Pommel Strike"],"picked":"Armaments","floor":18},{"not_picked":["Combust","Warcry"],"picked":"Sever Soul","floor":19},{"not_picked":["Dual Wield","Twin Strike"],"picked":"Iron Wave","floor":21},{"not_picked":["Headbutt","Rage"],"picked":"Juggernaut","floor":22},{"not_picked":["Second Wind","Anger"],"picked":"Headbutt","floor":23},{"not_picked":["Headbutt","Bloodletting"],"picked":"Pummel","floor":24},{"not_picked":["Searing Blow","Rampage"],"picked":"Ghostly Armor","floor":28},{"not_picked":["Bludgeon","Headbutt"],"picked":"Feel No Pain","floor":31},{"not_picked":["Offering","Demon Form"],"picked":"Juggernaut","floor":33},{"not_picked":["Warcry","Thunderclap"],"picked":"Iron Wave","floor":35},{"not_picked":["Thunderclap","Warcry"],"picked":"Burning Pact","floor":36}],"player_experience":3660,"potions_floor_usage":[11,16,16,23,23,33,36],"damage_taken":[{"damage":6,"enemies":"Jaw Worm","floor":1,"turns":3},{"damage":11,"enemies":"Small Slimes","floor":2,"turns":4},{"damage":4,"enemies":"2 Louse","floor":3,"turns":4},{"damage":6,"enemies":"Exordium Wildlife","floor":5,"turns":5},{"damage":21,"enemies":"3 Sentries","floor":7,"turns":11},{"damage":3,"enemies":"Red Slaver","floor":10,"turns":2},{"damage":0,"enemies":"Gremlin Nob","floor":11,"turns":3},{"damage":4,"enemies":"Lots of Slimes","floor":12,"turns":4},{"damage":5,"enemies":"Exordium Wildlife","floor":13,"turns":4},{"damage":48,"enemies":"Hexaghost","floor":16,"turns":7},{"damage":11,"enemies":"2 Thieves","floor":18,"turns":5},{"damage":11,"enemies":"Spheric Guardian","floor":19,"turns":4},{"damage":13,"enemies":"Snecko","floor":21,"turns":5},{"damage":23,"enemies":"Chosen and Byrds","floor":22,"turns":8},{"damage":86,"enemies":"Gremlin Leader","floor":23,"turns":9},{"damage":18,"enemies":"Snake Plant","floor":24,"turns":6},{"damage":9,"enemies":"Cultist and Chosen","floor":28,"turns":6},{"damage":13,"enemies":"Centurion and Healer","floor":31,"turns":7},{"damage":36,"enemies":"Champ","floor":33,"turns":10},{"damage":13,"enemies":"Orb Walker","floor":35,"turns":4},{"damage":31,"enemies":"3 Darklings","floor":36,"turns":6},{"damage":49,"enemies":"Maw","floor":37,"turns":8}],"event_choices":[{"event_name":"Shining Light","player_choice":"Entered Light","floor":8,"damage_taken":0},{"event_name":"The Lab","player_choice":"Got Potions","floor":14,"damage_taken":0},{"event_name":"Match and Keep!","player_choice":"2 cards matched","floor":20,"damage_taken":0},{"event_name":"Purifier","player_choice":"One Purge","floor":29,"damage_taken":0}],"boss_relics":[{"not_picked":["Calling Bell","Orrery"],"picked":"Black Star"},{"not_picked":["Black Blood","Runic Pyramid"],"picked":"Astrolabe"}],"potions_floor_spawned":[2,5,7,11,12,22,23,31,33,36],"seed_played":"-5097071022002311431","killed_by":"Maw","ascension_level":0,"is_trial":false}