{"path_per_floor":["M","M","?","M","?","M","E","R","T","M","M","R","E","?","R","B",null,"M","M","$","M","?","E","R","M","T","$","R","E","M","?","R","B",null,"M","T","$","M","?","R","E","R","T","M","E","?","M","E","R"],"character_chosen":"DEFECT","items_purchased":["Go for the Eyes","Apotheosis","Good Instincts","Beam Cell","Go for the Eyes","BootSequence","Skim","Loop"],"gold_per_floor":[20,31,31,43,43,61,86,86,112,130,141,141,176,176,176,305,305,319,344,94,115,115,159,159,177,177,10,10,49,72,72,72,193,193,213,240,86,105,105,105,138,138,210,231,271,336,352,387,387,387],"floor_reached":50,"campfire_rested":2,"playtime":4873,"current_hp_per_floor":[75,74,74,73,73,73,55,55,55,62,69,69,73,55,55,26,75,49,51,51,52,52,14,51,30,30,30,67,64,63,63,63,44,75,74,74,74,75,66,66,79,79,79,82,61,55,54,76,76,0],"items_purged":[],"gold":387,"score":680,"play_id":"2d37a455-659e-49ec-a842-40f808ff7a52","local_time":"20180513100738","is_prod":false,"is_daily":false,"chose_seed":false,"is_ascension_mode":false,"campfire_upgraded":4,"timestamp":1526231258,"path_taken":["M","M","?","M","?","M","E","R","T","M","M","R","E","?","R","BOSS","M","M","$","M","?","E","R","M","T","$","R","E","?","?","R","BOSS","M","?","$","M","?","R","E","R","T","M","E","?","M","E","R","BOSS"],"build_version":"2018-05-12v2","seed_source_timestamp":365528185626541,"purchased_purges":0,"victory":false,"master_deck":["Strike_B","Defend_B","Defend_B","Defend_B","Zap","Dualcast","Sweeping Beam","Gash","Scrape+1","Axe Kick","Self Repair+1","Cold Snap","Rebound+1","Turbo","Creative AI","Go for the Eyes","Beam Cell","Go for the Eyes+1","Apotheosis+1","Leap","Heatsinks","Reboot+1","Good Instincts+1","Beam Cell","Go for the Eyes","Steam Power+1","Hologram+1","All For One","Doom and Gloom+1","Self Repair+1","Tempest+1","Steam+1","BootSequence+1","Skim+1","Loop+1","Redo+1","Madness+1","Madness+1","Coolheaded+1","Auto Shields+1","Auto Shields+1","Turbo+1","Gash+1","Loop"],"max_hp_per_floor":[75,75,75,75,75,75,75,75,75,75,75,75,75,75,75,75,75,75,75,75,75,75,75,75,75,75,75,75,75,75,75,75,75,75,75,75,75,75,75,75,82,82,82,82,82,82,82,82,82,82],"relics":["Cracked Core","Girya","Ancient Tea Set","Blood Vial","Regal Pillow","Mercury Hourglass","Golden Idol","Nuclear Battery","Toxic Egg 2","Kunai","Bottled Tornado","Astrolabe","Whetstone","Strawberry","Molten Egg 2","Anchor","Sundial","Orichalcum"],"card_choices":[{"not_picked":["Hologram","Glacier"],"picked":"Sweeping Beam","floor":1},{"not_picked":["Ball Lightning","Conserve Battery"],"picked":"Gash","floor":2},{"not_picked":["Defragment","Loop"],"picked":"Scrape","floor":4},{"not_picked":["Auto Shields","Turbo"],"picked":"Axe Kick","floor":6},{"not_picked":["Coolheaded","Reboot"],"picked":"Self Repair","floor":7},{"not_picked":["Skim","Capacitor"],"picked":"Cold Snap","floor":10},{"not_picked":["Self Repair","Barrage"],"picked":"Rebound","floor":11},{"not_picked":["Glacier","Cold Snap"],"picked":"Turbo","floor":13},{"not_picked":["Multi-Cast","Nova"],"picked":"Creative AI","floor":16},{"not_picked":["Rebound","Sweeping Beam+1"],"picked":"Go for the Eyes","floor":18},{"not_picked":["Rebound","Cold Snap+1"],"picked":"Beam Cell","floor":19},{"not_picked":["Sweeping Beam","Cold Snap"],"picked":"Leap","floor":21},{"not_picked":["Streamline","Beam Cell"],"picked":"Heatsinks","floor":23},{"not_picked":["Heatsinks","Beam Cell"],"picked":"Reboot+1","floor":25},{"not_picked":["Axe Kick","Stack+1"],"picked":"Steam Power+1","floor":29},{"not_picked":["Rebound","Capacitor"],"picked":"Hologram+1","floor":30},{"not_picked":["Multi-Cast+1","Hyperbeam"],"picked":"All For One","floor":33},{"not_picked":["Coolheaded+1","Streamline"],"picked":"Steam+1","floor":35},{"not_picked":["Sweeping Beam","Go for the Eyes"],"picked":"Redo+1","floor":38},{"not_picked":["Streamline","Barrage+1"],"picked":"Coolheaded+1","floor":41},{"not_picked":["Skim+1","Sweeping Beam+1"],"picked":"Auto Shields+1","floor":44},{"not_picked":["Ball Lightning+1","Chill+1"],"picked":"Auto Shields+1","floor":45},{"not_picked":["Skim+1","Chaos+1"],"picked":"Turbo+1","floor":46},{"not_picked":["Redo+1","Cold Snap+1"],"picked":"Gash+1","floor":47},{"not_picked":["Rebound+1","Darkness+1"],"picked":"Loop","floor":48}],"player_experience":67843,"potions_floor_usage":[7,13,16,16,23,33,38,41,47,47,50],"damage_taken":[{"damage":0,"enemies":"Small Slimes","floor":1,"turns":3},{"damage":1,"enemies":"Cultist","floor":2,"turns":4},{"damage":1,"enemies":"Jaw Worm","floor":4,"turns":4},{"damage":0,"enemies":"Exordium Wildlife","floor":6,"turns":2},{"damage":18,"enemies":"Lagavulin","floor":7,"turns":5},{"damage":2,"enemies":"Blue Slaver","floor":10,"turns":3},{"damage":2,"enemies":"Large Slime","floor":11,"turns":4},{"damage":5,"enemies":"3 Sentries","floor":13,"turns":3},{"damage":38,"enemies":"The Guardian","floor":16,"turns":8},{"damage":33,"enemies":"2 Thieves","floor":18,"turns":3},{"damage":0,"enemies":"Chosen","floor":19,"turns":2},{"damage":11,"enemies":"Centurion and Healer","floor":21,"turns":4},{"damage":40,"enemies":"Book of Stabbing","floor":23,"turns":6},{"damage":23,"enemies":"Snake Plant","floor":25,"turns":3},{"damage":15,"enemies":"Slavers","floor":29,"turns":4},{"damage":10,"enemies":"3 Cultists","floor":30,"turns":3},{"damage":28,"enemies":"Champ","floor":33,"turns":8},{"damage":8,"enemies":"3 Shapes","floor":35,"turns":3},{"damage":0,"enemies":"3 Darklings","floor":38,"turns":2},{"damage":13,"enemies":"Giant Head","floor":41,"turns":6},{"damage":0,"enemies":"Flame Bruiser 2 Orb","floor":44,"turns":2},{"damage":41,"enemies":"2 Orb Walkers","floor":45,"turns":5},{"damage":18,"enemies":"Mysterious Sphere","floor":46,"turns":3},{"damage":23,"enemies":"Spire Growth","floor":47,"turns":5},{"damage":0,"enemies":"Giant Head","floor":48,"turns":6},{"damage":78,"enemies":"Donu and Deca","floor":50,"turns":7}],"event_choices":[{"event_name":"Purifier","player_choice":"One Purge","floor":3,"damage_taken":0},{"event_name":"Big Fish","player_choice":"Box","floor":5,"damage_taken":0},{"event_name":"Golden Idol","player_choice":"Take Damage","floor":14,"damage_taken":0},{"event_name":"Back to Basics","player_choice":"Elegance","floor":22,"damage_taken":0},{"event_name":"Ghosts","player_choice":"Ignored","floor":31,"damage_taken":0},{"event_name":"Winding Halls","player_choice":"Embrace Madness","floor":39,"damage_taken":0},{"event_name":"Mysterious Sphere","player_choice":"Fight","floor":46,"damage_taken":0}],"boss_relics":[{"not_picked":["Orrery","Runic Pyramid"],"picked":"Nuclear Battery"},{"not_picked":["Cursed Key","Runic Dome"],"picked":"Astrolabe"}],"potions_floor_spawned":[4,6,10,11,16,18,23,29,35,44,46],"seed_played":"-7713169798446821013","killed_by":"Donu and Deca","ascension_level":0,"is_trial":false}