{"path_per_floor":["M","M","?","M","?","E","M","M","T","E","R","?","E","M","R","B",null,"M","$","?","M","M","R","E","R","T","?","M","E","$","E","R","B",null,"M","M","?","?","$","R","E","M","T","R","M","M","E","M","R","B"],"character_chosen":"THE_SILENT","items_purchased":["Blood Vial","Infinite Blades","Finesse","Strawberry","Well Laid Plans","Backflip"],"gold_per_floor":[116,131,131,142,142,180,195,218,218,262,262,242,278,296,296,420,420,433,33,33,47,71,71,107,107,130,130,150,190,42,83,83,213,213,232,255,255,255,35,35,78,101,101,101,119,135,178,197,197,197],"floor_reached":51,"campfire_rested":2,"playtime":8012,"current_hp_per_floor":[68,68,56,56,56,41,35,47,47,39,39,39,25,37,58,46,70,60,60,60,62,48,48,50,50,50,50,47,41,48,14,37,39,77,68,56,56,46,46,46,48,42,42,42,28,42,39,50,50,52],"items_purged":["Strike_G","Defend_G"],"gold":197,"score":937,"play_id":"4efd8882-5798-493a-965b-8998e155ee3d","local_time":"20180502210647","is_prod":false,"is_daily":false,"chose_seed":false,"is_ascension_mode":false,"campfire_upgraded":6,"timestamp":1525320407,"path_taken":["M","M","?","M","?","E","M","M","T","E","R","?","E","M","R","BOSS","M","$","?","M","M","R","E","R","T","?","M","E","?","E","R","BOSS","M","M","?","?","$","R","E","M","T","R","M","M","E","M","R","BOSS"],"build_version":"2018-05-01v2","seed_source_timestamp":0,"purchased_purges":2,"victory":true,"master_deck":["Defend_G+1","Defend_G","Defend_G","Defend_G+1","Survivor","Neutralize","Choke","Sucker Punch","Blur","Injury","Tools of the Trade+1","Flechettes","Endless Agony","Flying Knee","Calculated Gamble","Noxious Fumes","Envenom+1","Adrenaline+1","Blur+1","Catalyst+1","Noxious Fumes","Infinite Blades+1","Finesse","Prepared+1","Footwork","Acrobatics","Footwork","Eviscerate+1","After Image+1","After Image+1","Outmaneuver+1","Acrobatics+1","Madness+1","Madness+1","Well Laid Plans","Backflip+1","Deflect+1","Tools of the Trade+1","Regret","After Image","Choke+1","Leg Sweep+1","Well Laid Plans"],"max_hp_per_floor":[70,70,70,70,70,70,70,70,70,70,70,70,70,70,70,70,70,70,70,70,70,70,70,70,70,70,70,70,70,77,77,77,77,77,77,77,77,77,77,77,77,77,77,77,77,77,77,77,77,77],"relics":["Ring of the Snake","Golden Idol","Meat on the Bone","Centennial Puzzle","Ancient Tea Set","Gremlin Horn","Astrolabe","Blood Vial","Paper Crane","War Paint","Nloth\u0027s Gift","Ornamental Fan","Strawberry","Toxic Egg 2","Cursed Key","Mummified Hand","Bottled Flame","Vajra"],"card_choices":[{"not_picked":["Calculated Gamble","Endless Agony"],"picked":"Choke","floor":1.0},{"not_picked":["Bane","PiercingWail"],"picked":"Sucker Punch","floor":2.0},{"not_picked":["Bane","Deflect"],"picked":"Blur","floor":4.0},{"not_picked":["Flying Knee","Slice"],"picked":"Tools of the Trade","floor":6.0},{"not_picked":["Skewer","Dagger Throw"],"picked":"Flechettes","floor":7.0},{"not_picked":["Riddle With Holes","Deflect"],"picked":"Endless Agony","floor":8.0},{"not_picked":["Flechettes","Endless Agony"],"picked":"Flying Knee","floor":10.0},{"not_picked":["PiercingWail","Underhanded Strike"],"picked":"Calculated Gamble","floor":13.0},{"not_picked":["Deflect","Adrenaline"],"picked":"Noxious Fumes","floor":14.0},{"not_picked":["A Thousand Cuts","Unload"],"picked":"Envenom","floor":16.0},{"not_picked":["Acrobatics","PiercingWail"],"picked":"Noxious Fumes","floor":18},{"not_picked":["Quick Slash","All Out Attack"],"picked":"Prepared","floor":21},{"not_picked":["Dagger Throw","Poisoned Stab"],"picked":"Footwork","floor":22},{"not_picked":["PiercingWail","Dagger Throw"],"picked":"Acrobatics","floor":24},{"not_picked":["Dagger Spray","Masterful Stab"],"picked":"Footwork","floor":28},{"not_picked":["Backstab","Masterful Stab"],"picked":"Eviscerate","floor":29},{"not_picked":["Prepared","Bane"],"picked":"After Image","floor":31},{"not_picked":["Night Terror","Bullet Time"],"picked":"After Image","floor":33},{"not_picked":["Expertise","Skewer"],"picked":"Outmaneuver","floor":35},{"not_picked":["Backstab","Prepared"],"picked":"Acrobatics","floor":36},{"not_picked":["Backflip","Leg Sweep"],"picked":"Deflect","floor":41},{"not_picked":["Backstab","Backflip"],"picked":"Tools of the Trade","floor":42},{"not_picked":["Acrobatics","PiercingWail"],"picked":"After Image","floor":45},{"not_picked":["Heel Hook","Prepared"],"picked":"Choke","floor":46},{"not_picked":["Flying Knee","Dagger Spray"],"picked":"Leg Sweep","floor":47},{"not_picked":["PiercingWail","Sucker Punch"],"picked":"Well Laid Plans","floor":48}],"player_experience":35550,"potions_floor_usage":[29,31,31,50],"damage_taken":[{"damage":2.0,"enemies":"2 Louse","floor":1.0,"turns":3.0},{"damage":0.0,"enemies":"Jaw Worm","floor":2.0,"turns":4.0},{"damage":0.0,"enemies":"Small Slimes","floor":4.0,"turns":2.0},{"damage":15.0,"enemies":"Lagavulin","floor":6.0,"turns":8.0},{"damage":18.0,"enemies":"Exordium Thugs","floor":7.0,"turns":9.0},{"damage":0.0,"enemies":"Looter","floor":8.0,"turns":2.0},{"damage":20.0,"enemies":"3 Sentries","floor":10.0,"turns":7.0},{"damage":26.0,"enemies":"Gremlin Nob","floor":13.0,"turns":5.0},{"damage":0.0,"enemies":"3 Louse","floor":14.0,"turns":1.0},{"damage":24.0,"enemies":"The Guardian","floor":16.0,"turns":13.0},{"damage":10,"enemies":"Chosen","floor":18,"turns":3},{"damage":0,"enemies":"3 Byrds","floor":21,"turns":4},{"damage":16,"enemies":"Cultist and Chosen","floor":22,"turns":5},{"damage":0,"enemies":"Gremlin Leader","floor":24,"turns":6},{"damage":17,"enemies":"Sentry and Sphere","floor":28,"turns":7},{"damage":20,"enemies":"Book of Stabbing","floor":29,"turns":5},{"damage":48,"enemies":"Slavers","floor":31,"turns":5},{"damage":0,"enemies":"Champ","floor":33,"turns":10},{"damage":9,"enemies":"Orb Walker","floor":35,"turns":5},{"damage":14,"enemies":"Flame Bruiser 1 Orb","floor":36,"turns":5},{"damage":0,"enemies":"Giant Head","floor":41,"turns":7},{"damage":8,"enemies":"3 Darklings","floor":42,"turns":5},{"damage":28,"enemies":"Sphere and 2 Shapes","floor":45,"turns":7},{"damage":0,"enemies":"Spire Growth","floor":46,"turns":7},{"damage":5,"enemies":"Nemesis","floor":47,"turns":7},{"damage":3,"enemies":"4 Shapes","floor":48,"turns":7},{"damage":0,"enemies":"Donu and Deca","floor":50,"turns":10}],"event_choices":[{"event_name":"Scrap Ooze","player_choice":"success","floor":3.0,"damage_taken":12.0},{"event_name":"Golden Idol","player_choice":"Take Wound","floor":5.0,"damage_taken":0.0},{"event_name":"The Woman in Blue","player_choice":"Bought 1 Potion","floor":12.0,"damage_taken":0.0},{"event_name":"Addict","player_choice":"Ignored","floor":20,"damage_taken":0},{"event_name":"N\u0027loth","player_choice":"Traded a Bag of Marbles","floor":27,"damage_taken":0},{"event_name":"SecretPortal","player_choice":"Rejected Portal.","floor":37,"damage_taken":0},{"event_name":"Winding Halls","player_choice":"Embrace Madness","floor":38,"damage_taken":0}],"boss_relics":[{"not_picked":["Snecko Eye","Velvet Choker"],"picked":"Astrolabe"},{"not_picked":["Orrery","Runic Pyramid"],"picked":"Cursed Key"}],"potions_floor_spawned":[1,2,4,16,22,28,33,41,45,48],"seed_played":"8165821379339422025","ascension_level":0,"is_trial":false}