{"path_per_floor":["M","T","M","M","M","E","R","E","T","M","M","R","E","$","R","B",null,"M","M","?","?","$","E","?","R","T","M","M","M","R","$","R","B",null,"M","M","?","?","M","R","M","R","T","R","E","$","E","$","R"],"character_chosen":"THE_SILENT","items_purchased":["Noxious Fumes","Dagger Throw","Caltrops","Prepared","Well Laid Plans","Noxious Fumes","Anchor","Footwork"],"gold_per_floor":[117,117,130,148,164,198,198,223,275,289,308,308,337,134,134,237,237,251,262,262,262,137,167,92,92,92,110,128,140,140,65,65,160,160,174,185,185,165,180,180,196,196,196,196,223,10,41,1,1,1],"floor_reached":50,"campfire_rested":7,"playtime":5650,"current_hp_per_floor":[65,65,65,64,63,36,57,46,46,43,43,64,47,47,68,49,70,61,60,60,60,60,15,15,36,36,36,36,29,50,50,50,2,70,70,61,61,61,35,56,54,54,54,54,20,20,35,35,56,0],"items_purged":["Strike_G"],"gold":1,"score":590,"play_id":"5c6ad324-dfb2-4e6d-85f2-73327f3eeba0","local_time":"20180428191843","is_prod":false,"is_daily":false,"chose_seed":false,"is_ascension_mode":false,"campfire_upgraded":1,"timestamp":1524968323,"path_taken":["M","?","M","M","M","E","R","E","T","M","M","R","E","$","R","BOSS","M","M","?","?","$","E","?","R","T","M","M","M","R","$","R","BOSS","M","M","?","?","M","R","M","R","T","R","E","?","E","$","R","BOSS"],"build_version":"2018-04-28","seed_source_timestamp":413504257277600,"purchased_purges":1,"victory":false,"master_deck":["Defend_G+1","Defend_G+1","Defend_G+1","Defend_G+1","Defend_G+1","Strike_G+1","Strike_G+1","Survivor+1","Neutralize","Slice","Poisoned Stab+1","Outmaneuver","Endless Agony+1","Outmaneuver","Dodge and Roll+1","Backstab+1","Slice+1","Underhanded Strike+1","Noxious Fumes","Dagger Throw+1","Die Die Die+1","Clumsy","Writhe","Writhe","Quick Slash+1","Backflip","Caltrops","Prepared","Finisher+1","Crippling Poison+1","Poisoned Stab+1","Finisher+1","Well Laid Plans","A Thousand Cuts","Deadly Poison+1","Backstab+1","Flash of Steel+1","Backstab+1","Infinite Blades+1","Injury","Backflip+1","Noxious Fumes","Flying Knee+1","Footwork"],"max_hp_per_floor":[70,70,70,70,70,70,70,70,70,70,70,70,70,70,70,70,70,70,70,70,70,70,70,70,70,70,70,70,70,70,70,70,70,70,70,70,70,70,70,70,70,70,70,70,70,70,70,70,70,70],"relics":["Ring of the Snake","Molten Egg 2","Bag of Preparation","Shovel","Lantern","Ice Cream","Calling Bell","Peace Pipe","Paper Crane","Juzu Bracelet","Bottled Tornado","Mercury Hourglass","Orichalcum","Cursed Key","Ninja Scroll","War Paint","Toolbox","Anchor","Dodecahedron"],"card_choices":[{"not_picked":["Underhanded Strike","Outmaneuver"],"picked":"Slice","floor":1},{"not_picked":["Choke","Quick Slash"],"picked":"Poisoned Stab","floor":3},{"not_picked":["Eviscerate","Masterful Stab"],"picked":"Outmaneuver","floor":4},{"not_picked":["PiercingWail","Predator"],"picked":"Endless Agony","floor":5},{"not_picked":["Expertise","Night Terror"],"picked":"Outmaneuver","floor":6},{"not_picked":["Choke","Distraction"],"picked":"Dodge and Roll","floor":8},{"not_picked":["Prepared","Slice"],"picked":"Backstab","floor":10},{"not_picked":["Sucker Punch","Reflex"],"picked":"Slice","floor":11},{"not_picked":["Burst","Tactician"],"picked":"Underhanded Strike","floor":13},{"not_picked":["Tactician","Glass Knife"],"picked":"Die Die Die","floor":16},{"not_picked":["Terror","Dodge and Roll"],"picked":"Quick Slash","floor":18},{"not_picked":["Underhanded Strike","Dodge and Roll"],"picked":"Backflip","floor":19},{"not_picked":["Sucker Punch","Escape Plan"],"picked":"Finisher","floor":23},{"not_picked":["Poisoned Stab","Distraction"],"picked":"Crippling Poison","floor":27},{"not_picked":["Acrobatics","Escape Plan"],"picked":"Poisoned Stab","floor":28},{"not_picked":["Predator","Skewer"],"picked":"Finisher","floor":29},{"not_picked":["Phantasmal Killer","Doppelganger"],"picked":"A Thousand Cuts","floor":33},{"not_picked":["Backstab","Flying Knee"],"picked":"Deadly Poison","floor":35},{"not_picked":["Deflect","Dagger Throw"],"picked":"Backstab","floor":36},{"not_picked":["Secret Weapon","Swift Strike"],"picked":"Flash of Steel","floor":37},{"not_picked":["Outmaneuver","Dodge and Roll"],"picked":"Backstab","floor":39},{"not_picked":["Backflip","Flying Knee"],"picked":"Infinite Blades","floor":41},{"not_picked":["Slice","Caltrops"],"picked":"Backflip","floor":45},{"not_picked":["Finisher","Quick Slash"],"picked":"Flying Knee","floor":47}],"player_experience":17912,"potions_floor_usage":[6,8,10,28,33,33,36,47,50,50],"damage_taken":[{"damage":5,"enemies":"Cultist","floor":1,"turns":6},{"damage":0,"enemies":"Small Slimes","floor":3,"turns":4},{"damage":1,"enemies":"Jaw Worm","floor":4,"turns":3},{"damage":1,"enemies":"Exordium Wildlife","floor":5,"turns":4},{"damage":27,"enemies":"Lagavulin","floor":6,"turns":8},{"damage":11,"enemies":"3 Sentries","floor":8,"turns":8},{"damage":3,"enemies":"Gremlin Gang","floor":10,"turns":6},{"damage":0,"enemies":"Blue Slaver","floor":11,"turns":1},{"damage":17,"enemies":"Lagavulin","floor":13,"turns":6},{"damage":19,"enemies":"Hexaghost","floor":16,"turns":9},{"damage":9,"enemies":"2 Thieves","floor":18,"turns":4},{"damage":1,"enemies":"Chosen","floor":19,"turns":4},{"damage":45,"enemies":"Book of Stabbing","floor":23,"turns":6},{"damage":0,"enemies":"Centurion and Healer","floor":27,"turns":4},{"damage":0,"enemies":"Snecko","floor":28,"turns":3},{"damage":7,"enemies":"Chosen and Byrds","floor":29,"turns":5},{"damage":48,"enemies":"Collector","floor":33,"turns":8},{"damage":0,"enemies":"Orb Walker","floor":35,"turns":3},{"damage":9,"enemies":"3 Darklings","floor":36,"turns":3},{"damage":26,"enemies":"Maw","floor":39,"turns":6},{"damage":2,"enemies":"4 Shapes","floor":41,"turns":5},{"damage":34,"enemies":"2 Orb Walkers","floor":45,"turns":3},{"damage":0,"enemies":"Nemesis","floor":47,"turns":6},{"damage":67,"enemies":"Donu and Deca","floor":50,"turns":4}],"event_choices":[{"event_name":"The Lab","player_choice":"Got Potions","floor":20,"damage_taken":0},{"event_name":"Back to Basics","player_choice":"Simplicity","floor":21,"damage_taken":0},{"event_name":"Beggar","player_choice":"Gave Gold","floor":24,"damage_taken":0},{"event_name":"SensoryStone","player_choice":"Memory 1","floor":37,"damage_taken":0},{"event_name":"The Woman in Blue","player_choice":"Bought 1 Potion","floor":38,"damage_taken":0}],"boss_relics":[{"not_picked":["Lizard Tail","Orrery"],"picked":"Calling Bell"},{"not_picked":["Runic Pyramid","Runic Dome"],"picked":"Cursed Key"}],"potions_floor_spawned":[3,4,5,10,16,27,28,29,35,36,45],"seed_played":"-3028629063322881312","killed_by":"Donu and Deca","ascension_level":0,"is_trial":false}