{"path_per_floor":["M","$","M","M","M","E","M","E","T","$","R","?","R","M","R","B",null,"M","?","$","?","M","E","R","M","T","M","R","?"],"character_chosen":"IRONCLAD","items_purchased":["Inflame","Barricade"],"gold_per_floor":[118,43,55,68,85,110,121,154,178,6,6,6,6,22,22,150,150,169,169,33,33,51,92,92,105,105,126,126,126,126],"floor_reached":30,"campfire_rested":1,"playtime":2063,"item_purchase_floors":[10,20],"current_hp_per_floor":[80,80,80,80,74,57,54,45,45,45,45,45,45,21,45,34,80,75,56,56,56,45,26,26,20,20,30,30,30,0],"items_purged":["Strike_R","Strike_R"],"gold":126,"score":311,"play_id":"0630a70e-8237-4855-bc7c-0de276b6042d","local_time":"20180616114106","is_prod":false,"is_daily":false,"chose_seed":false,"is_ascension_mode":true,"campfire_upgraded":4,"win_rate":0,"timestamp":1529174466,"campfire_choices":[{"data":"Inflame","floor":11,"key":"SMITH"},{"data":"Rupture","floor":13,"key":"SMITH"},{"floor":15,"key":"REST"},{"data":"Barricade","floor":24,"key":"SMITH"},{"data":"Metallicize","floor":28,"key":"SMITH"}],"path_taken":["M","$","M","M","M","E","M","E","T","$","R","?","R","M","R","BOSS","M","?","$","?","M","E","R","?","T","M","R","?","M"],"build_version":"2018-06-14v2","seed_source_timestamp":173595222748409,"purchased_purges":2,"victory":false,"master_deck":["Defend_R","Defend_R","Defend_R","Defend_R","Bash","Reaper","Pommel Strike","Inflame","Infernal Blade","Anger","Rupture+1","Anger","Flex","Inflame+1","Injury","Metallicize+1","Brutality","Metallicize","Bite","Bite","Bite","Bite","Bite","Barricade+1","Ghostly Armor","Iron Wave","Second Wind"],"max_hp_per_floor":[80,80,80,80,80,80,80,80,80,80,80,80,80,80,80,80,80,80,56,56,56,56,56,56,56,56,56,56,56,56],"relics":["Burning Blood","Happy Flower","Bronze Scales","Bag of Marbles","Golden Idol","Busted Crown","Lantern","Peace Pipe"],"card_choices":[{"not_picked":["Sever Soul","Headbutt"],"picked":"Pommel Strike","floor":1},{"not_picked":["Searing Blow","Twin Strike"],"picked":"Inflame","floor":3},{"not_picked":["Sentinel","Wild Strike"],"picked":"Infernal Blade","floor":4},{"not_picked":["Heavy Blade","Searing Blow"],"picked":"Anger","floor":5},{"not_picked":["Combust","Reaper"],"picked":"Rupture","floor":6},{"not_picked":["Wild Strike","Clothesline"],"picked":"Anger","floor":7},{"not_picked":["Rage","Heavy Blade"],"picked":"Flex","floor":8},{"not_picked":["Disarm","Perfected Strike"],"picked":"Metallicize","floor":14},{"not_picked":["Reaper","Offering"],"picked":"Brutality","floor":16},{"not_picked":[],"picked":"Metallicize","floor":18},{"not_picked":["Searing Blow"],"picked":"SKIP","floor":22},{"not_picked":[],"picked":"Iron Wave","floor":23},{"not_picked":[],"picked":"Second Wind","floor":25},{"not_picked":["True Grit"],"picked":"SKIP","floor":27}],"player_experience":125366,"potions_floor_usage":[7,8,23,23,25],"damage_taken":[{"damage":9,"enemies":"Small Slimes","floor":1,"turns":5},{"damage":0,"enemies":"2 Louse","floor":3,"turns":2},{"damage":8,"enemies":"Jaw Worm","floor":4,"turns":4},{"damage":12,"enemies":"Looter","floor":5,"turns":3},{"damage":29,"enemies":"Gremlin Nob","floor":6,"turns":4},{"damage":21,"enemies":"Exordium Wildlife","floor":7,"turns":5},{"damage":21,"enemies":"Lagavulin","floor":8,"turns":7},{"damage":30,"enemies":"Gremlin Gang","floor":14,"turns":4},{"damage":27,"enemies":"Hexaghost","floor":16,"turns":7},{"damage":11,"enemies":"3 Byrds","floor":18,"turns":3},{"damage":19,"enemies":"Spheric Guardian","floor":22,"turns":4},{"damage":44,"enemies":"Slavers","floor":23,"turns":5},{"damage":22,"enemies":"Snecko","floor":25,"turns":5},{"damage":24,"enemies":"Centurion and Healer","floor":27,"turns":6},{"damage":39,"enemies":"Snake Plant","floor":30,"turns":3}],"relics_obtained":[{"floor":6,"key":"Happy Flower"},{"floor":8,"key":"Bronze Scales"},{"floor":9,"key":"Bag of Marbles"},{"floor":23,"key":"Lantern"},{"floor":26,"key":"Peace Pipe"}],"event_choices":[{"event_name":"Golden Idol","player_choice":"Take Wound","floor":12,"damage_taken":0},{"event_name":"Vampires","player_choice":"Became a vampire","floor":19,"damage_taken":0},{"event_name":"The Library","player_choice":"Read","floor":21,"damage_taken":0},{"event_name":"The Mausoleum","player_choice":"No","floor":29,"damage_taken":0}],"boss_relics":[{"not_picked":["Fusion Hammer","Coffee Dripper"],"picked":"Busted Crown"}],"items_purged_floors":[2,10],"is_endless":false,"potions_floor_spawned":[3,7,14,16,23,25],"seed_played":"-1463735443139480763","killed_by":"Snake Plant","ascension_level":2,"potions_obtained":[{"floor":3,"key":"SkillPotion"},{"floor":7,"key":"Swift Potion"},{"floor":14,"key":"Fire Potion"},{"floor":16,"key":"Energy Potion"},{"floor":23,"key":"Swift Potion"},{"floor":25,"key":"SteroidPotion"}],"is_trial":false}