{"path_per_floor":["M","M","$","M","T","E","M","E","T","E","R","$","?","E","R","B",null,"M","?","?","M","M","E","M","E","T","M","?","M","$","?","R","B",null,"M","M","M","M"],"character_chosen":"IRONCLAD","items_purchased":["Evolve","Metallicize","Headbutt"],"gold_per_floor":[115,126,14,27,27,56,68,96,96,124,124,24,24,56,56,155,155,165,165,80,98,113,169,184,210,237,248,248,260,41,41,41,144,174,192,210,221,238,238],"floor_reached":39,"campfire_rested":0,"playtime":5011,"item_purchase_floors":[3,30,30],"current_hp_per_floor":[45,46,46,52,52,52,57,53,53,58,58,58,51,50,50,23,80,64,64,64,62,67,31,31,52,52,52,34,40,40,95,95,78,100,83,58,59,23,0],"items_purged":["Defend_R","Strike_R","Strike_R"],"gold":238,"score":526,"play_id":"3d951023-245d-46d4-9cfc-27d18511b65a","local_time":"20180530233124","is_prod":false,"is_daily":false,"chose_seed":false,"is_ascension_mode":true,"campfire_upgraded":3,"win_rate":0,"timestamp":1527748284,"campfire_choices":[{"data":"Metallicize","floor":11,"key":"SMITH"},{"data":"Sword Boomerang","floor":15,"key":"SMITH"},{"data":"Metallicize","floor":32,"key":"SMITH"}],"path_taken":["M","?","$","M","?","E","?","E","T","E","R","$","?","E","R","BOSS","M","?","?","M","?","E","M","E","T","M","?","?","$","?","R","BOSS","M","M","M","?","M"],"build_version":"2018-05-30","seed_source_timestamp":1882377425734512,"purchased_purges":3,"victory":false,"master_deck":["Defend_R","Defend_R","Bash","Sword Boomerang","Cleave","Iron Wave","Metallicize+1","Evolve","Ghostly Armor","Sword Boomerang+1","Iron Wave","True Grit+1","Heavy Blade","Double Tap+1","Immolate","Pommel Strike","Whirlwind+1","Spot Weakness+1","Heavy Blade","Iron Wave+1","Shrug It Off+1","Seeing Red+1","Anger","Iron Wave","Metallicize+1","Headbutt","Barricade","Intimidate+1","Armaments+1","Thunderclap","Anger+1","Spot Weakness+1"],"max_hp_per_floor":[80,80,80,80,80,80,80,80,80,80,80,80,80,80,80,80,80,80,80,80,80,80,80,80,90,90,90,95,95,95,95,95,95,100,100,100,100,100,100],"relics":["Burning Blood","Toxic Egg 2","Meat on the Bone","Oddly Smooth Stone","Bottled Lightning","Blood Vial","Kunai","White Beast Statue","Letter Opener","Tiny Chest","Pear","Ancient Tea Set","Tiny House"],"card_choices":[{"not_picked":["Clothesline","Warcry"],"picked":"Iron Wave","floor":1},{"not_picked":["True Grit","Clothesline"],"picked":"Metallicize","floor":2},{"not_picked":["Perfected Strike","Offering"],"picked":"Ghostly Armor","floor":4},{"not_picked":["Wild Strike","True Grit+1"],"picked":"Sword Boomerang","floor":6},{"not_picked":["Dual Wield+1","Twin Strike"],"picked":"Iron Wave","floor":7},{"not_picked":["Dropkick","Headbutt"],"picked":"True Grit+1","floor":8},{"not_picked":["Twin Strike","Perfected Strike"],"picked":"Heavy Blade","floor":10},{"not_picked":["Body Slam","Clash"],"picked":"Double Tap+1","floor":14},{"not_picked":["Limit Break+1","Impervious+1"],"picked":"Immolate","floor":16},{"not_picked":["Combust+1","Clothesline"],"picked":"Pommel Strike","floor":18},{"not_picked":["Rupture+1","True Grit+1"],"picked":"Spot Weakness+1","floor":21},{"not_picked":["Hemokinesis","Clothesline"],"picked":"Heavy Blade","floor":22},{"not_picked":["Evolve","Body Slam"],"picked":"Iron Wave+1","floor":23},{"not_picked":["Iron Wave","Warcry+1"],"picked":"Shrug It Off+1","floor":24},{"not_picked":["Evolve","Warcry+1"],"picked":"Seeing Red+1","floor":25},{"not_picked":["Rampage","Wild Strike"],"picked":"Anger","floor":27},{"not_picked":["Headbutt+1","Impervious+1"],"picked":"Iron Wave","floor":29},{"not_picked":["Limit Break+1","Brutality"],"picked":"Barricade","floor":33},{"not_picked":["Perfected Strike+1","Battle Trance+1"],"picked":"Intimidate+1","floor":34},{"not_picked":["Pommel Strike+1","Searing Blow"],"picked":"Armaments+1","floor":35},{"not_picked":["Headbutt","Perfected Strike"],"picked":"Thunderclap","floor":36},{"not_picked":["Disarm+1","Warcry+1"],"picked":"Anger+1","floor":37},{"not_picked":["Armaments+1","Rupture"],"picked":"Spot Weakness+1","floor":38}],"player_experience":86812,"potions_floor_usage":[8,10,21,22,23,23,24,24,25,27,27,29,33,33,33,35,37,37,38,38],"damage_taken":[{"damage":1,"enemies":"Cultist","floor":1,"turns":3},{"damage":5,"enemies":"Jaw Worm","floor":2,"turns":4},{"damage":0,"enemies":"2 Louse","floor":4,"turns":2},{"damage":6,"enemies":"3 Sentries","floor":6,"turns":7},{"damage":13,"enemies":"Large Slime","floor":7,"turns":6},{"damage":22,"enemies":"Gremlin Nob","floor":8,"turns":5},{"damage":13,"enemies":"3 Sentries","floor":10,"turns":7},{"damage":21,"enemies":"Gremlin Nob","floor":14,"turns":5},{"damage":47,"enemies":"The Guardian","floor":16,"turns":16},{"damage":22,"enemies":"Spheric Guardian","floor":18,"turns":7},{"damage":10,"enemies":"2 Thieves","floor":21,"turns":4},{"damage":15,"enemies":"Snecko","floor":22,"turns":5},{"damage":56,"enemies":"Slavers","floor":23,"turns":5},{"damage":20,"enemies":"Snake Plant","floor":24,"turns":5},{"damage":9,"enemies":"Book of Stabbing","floor":25,"turns":6},{"damage":11,"enemies":"Cultist and Chosen","floor":27,"turns":8},{"damage":14,"enemies":"Snecko","floor":29,"turns":5},{"damage":23,"enemies":"Champ","floor":33,"turns":9},{"damage":23,"enemies":"Flame Bruiser 1 Orb","floor":35,"turns":10},{"damage":33,"enemies":"3 Darklings","floor":36,"turns":6},{"damage":7,"enemies":"Flame Bruiser 2 Orb","floor":37,"turns":7},{"damage":66,"enemies":"Maw","floor":38,"turns":12},{"damage":29,"enemies":"Spire Growth","floor":39,"turns":6}],"relics_obtained":[{"floor":5,"key":"Toxic Egg 2"},{"floor":6,"key":"Meat on the Bone"},{"floor":8,"key":"Oddly Smooth Stone"},{"floor":9,"key":"Bottled Lightning"},{"floor":10,"key":"Blood Vial"},{"floor":14,"key":"Kunai"},{"floor":23,"key":"Tiny Chest"},{"floor":25,"key":"Pear"},{"floor":26,"key":"Ancient Tea Set"}],"event_choices":[{"event_name":"Golden Wing","player_choice":"Card Removal","floor":13,"damage_taken":0},{"event_name":"Transmorgrifier","player_choice":"Transform","floor":19,"damage_taken":0},{"event_name":"Addict","player_choice":"Obtained Relic","floor":20,"damage_taken":0},{"event_name":"Forgotten Altar","player_choice":"Shed Blood","floor":28,"damage_taken":0},{"event_name":"Wheel of Change","player_choice":"Full Heal","floor":31,"damage_taken":0}],"boss_relics":[{"not_picked":["Snecko Eye","Orrery"],"picked":"White Beast Statue"},{"not_picked":["Calling Bell","Black Star"],"picked":"Tiny House"}],"items_purged_floors":[3,12,30],"potions_floor_spawned":[6,7,8,16,18,21,22,23,24,25,27,29,33,35,36,37,38],"seed_played":"-8439092418373586153","killed_by":"Spire Growth","ascension_level":1,"potions_obtained":[{"floor":6,"key":"SteroidPotion"},{"floor":7,"key":"Strength Potion"},{"floor":8,"key":"Regen Potion"},{"floor":16,"key":"Fire Potion"},{"floor":18,"key":"Ancient Potion"},{"floor":21,"key":"Weak Potion"},{"floor":22,"key":"Weak Potion"},{"floor":23,"key":"LiquidBronze"},{"floor":24,"key":"Energy Potion"},{"floor":25,"key":"EntropicBrew"},{"floor":27,"key":"Poison Potion"},{"floor":29,"key":"Energy Potion"},{"floor":33,"key":"LiquidBronze"},{"floor":34,"key":"BloodPotion"},{"floor":35,"key":"Weak Potion"},{"floor":36,"key":"Block Potion"},{"floor":37,"key":"Explosive Potion"},{"floor":38,"key":"GamblersBrew"}],"is_trial":false}