{"gold_per_floor":[114,114,114,39,52,81,81,81,81,95,95,108,108,126,126,228,228,242,242,242,33,51,51,64,77,123,136,148,23,23,40,40,137,137,150,150,150,250,268,301,301,312,384,384,404,422,476,0,0,0],"floor_reached":51,"playtime":1877,"items_purged":["Strike_B","Regret","Writhe"],"score":729,"play_id":"50c73f25-da77-44f7-b982-dadc7301260a","local_time":"20190914091604","is_ascension_mode":false,"campfire_choices":[{"data":"White Noise","floor":8.0,"key":"SMITH"},{"floor":13.0,"key":"REST"},{"data":"Self Repair","floor":15.0,"key":"SMITH"},{"data":"Storm","floor":23.0,"key":"SMITH"},{"floor":30.0,"key":"REST"},{"data":"Double Energy","floor":32.0,"key":"SMITH"},{"floor":41,"key":"REST"},{"data":"White Noise","floor":49,"key":"SMITH"}],"neow_cost":"NONE","seed_source_timestamp":3968722667729,"circlet_count":0,"master_deck":["Zap+1","Dualcast+1","Coolheaded","BootSequence","White Noise+1","Defragment","Coolheaded","Self Repair+1","Seek","Rebound","Reboot","Doom and Gloom","Rainbow+1","White Noise+1","Static Discharge","Storm+1","White Noise","Tempest","Double Energy+1","Static Discharge+1","Self Repair+1","Biased Cognition","Bandage Up","Mayhem","The Bomb","Buffer","Self Repair+1","Reinforced Body+1"],"special_seed":0,"relics":["Cracked Core","NeowsBlessing","Question Card","Pantograph","MealTicket","Gremlin Horn","Pandora\u0027s Box","Orichalcum","War Paint","Nuclear Battery","Ginger","The Courier","Meat on the Bone","Potion Belt","Turnip","Red Mask"],"potions_floor_usage":[40,50],"damage_taken":[{"damage":0.0,"enemies":"Small Slimes","floor":1.0,"turns":1.0},{"damage":0.0,"enemies":"Jaw Worm","floor":5.0,"turns":1.0},{"damage":0.0,"enemies":"Lagavulin","floor":6.0,"turns":1.0},{"damage":0.0,"enemies":"Cultist","floor":10.0,"turns":4.0},{"damage":4.0,"enemies":"Large Slime","floor":12.0,"turns":5.0},{"damage":4.0,"enemies":"Red Slaver","floor":14.0,"turns":5.0},{"damage":64.0,"enemies":"Hexaghost","floor":16.0,"turns":12.0},{"damage":3.0,"enemies":"Chosen","floor":18.0,"turns":4.0},{"damage":1.0,"enemies":"Spheric Guardian","floor":22.0,"turns":3.0},{"damage":13.0,"enemies":"3 Cultists","floor":24.0,"turns":3.0},{"damage":20.0,"enemies":"Shelled Parasite and Fungi","floor":25.0,"turns":4.0},{"damage":16.0,"enemies":"Centurion and Healer","floor":27.0,"turns":4.0},{"damage":25.0,"enemies":"Snake Plant","floor":28.0,"turns":2.0},{"damage":6.0,"enemies":"Shelled Parasite and Fungi","floor":31.0,"turns":3.0},{"damage":28.0,"enemies":"Collector","floor":33.0,"turns":5.0},{"damage":0.0,"enemies":"Orb Walker","floor":35.0,"turns":2.0},{"damage":6.0,"enemies":"Mind Bloom Boss Battle","floor":38.0,"turns":5.0},{"damage":0.0,"enemies":"3 Shapes","floor":39.0,"turns":4.0},{"damage":71,"enemies":"Giant Head","floor":40,"turns":8},{"damage":0,"enemies":"3 Darklings","floor":42,"turns":2},{"damage":4,"enemies":"Maw","floor":45,"turns":5},{"damage":24,"enemies":"Jaw Worm Horde","floor":46,"turns":2},{"damage":70,"enemies":"2 Orb Walkers","floor":47,"turns":4},{"damage":122,"enemies":"Awakened One","floor":50,"turns":9}],"seed_played":"6172736639447947610","potions_obtained":[{"floor":1.0,"key":"FairyPotion"},{"floor":6.0,"key":"SpeedPotion"},{"floor":12.0,"key":"FocusPotion"},{"floor":14.0,"key":"Strength Potion"},{"floor":18.0,"key":"PowerPotion"},{"floor":20.0,"key":"FairyPotion"},{"floor":28.0,"key":"Weak Potion"},{"floor":31.0,"key":"SteroidPotion"},{"floor":33.0,"key":"Fire Potion"},{"floor":35.0,"key":"EssenceOfSteel"},{"floor":42,"key":"AttackPotion"},{"floor":45,"key":"Strength Potion"}],"is_trial":false,"path_per_floor":["M","?","?","$","M","E","?","R","T","M","?","M","R","M","R","B",null,"M","?","?","$","M","R","M","M","T","M","M","$","R","M","R","B",null,"M","?","?","?","M","E","R","M","T","?","M","M","?","?","R","B",null],"character_chosen":"DEFECT","items_purchased":["Storm","White Noise"],"campfire_rested":3,"item_purchase_floors":[21,21],"current_hp_per_floor":[75,60,57,57,57,57,50,50,50,50,50,46,68,64,64,31,75,75,75,75,75,75,75,72,62,62,56,31,46,68,72,72,67,75,75,65,65,75,75,27,49,53,53,53,73,61,64,64,64,44],"gold":0,"neow_bonus":"THREE_ENEMY_KILL","is_prod":false,"is_daily":false,"chose_seed":false,"campfire_upgraded":5,"win_rate":0,"timestamp":1568477764,"path_taken":["M","?","?","$","M","E","?","R","T","M","?","?","R","M","R","BOSS","M","?","?","$","?","R","?","M","T","?","M","$","R","M","R","BOSS","M","?","?","?","M","E","R","M","T","?","M","?","?","?","R","BOSS"],"build_version":"2019-09-12","purchased_purges":3,"victory":true,"max_hp_per_floor":[75,75,75,75,75,75,75,75,75,75,75,75,75,75,75,75,75,75,75,75,75,75,75,75,75,75,75,75,75,75,75,75,75,75,75,75,75,75,75,75,75,75,75,75,75,75,75,75,75,75],"card_choices":[{"not_picked":["Lockon","Stack"],"picked":"Coolheaded","floor":1.0},{"not_picked":["Stack","Skim","Steam"],"picked":"BootSequence","floor":5.0},{"not_picked":["Heatsinks","Consume","Fusion"],"picked":"White Noise","floor":6.0},{"not_picked":["Reprogram","FTL","Biased Cognition"],"picked":"Defragment","floor":10.0},{"not_picked":["Darkness","Barrage","Sweeping Beam"],"picked":"Coolheaded","floor":12.0},{"not_picked":["Loop","White Noise","Tempest"],"picked":"Self Repair","floor":14.0},{"not_picked":["Fission","Hyperbeam","All For One"],"picked":"Seek","floor":16.0},{"not_picked":["Stack","Streamline","Sweeping Beam+1"],"picked":"Static Discharge","floor":18.0},{"not_picked":["Coolheaded","Go for the Eyes","Stack"],"picked":"Tempest","floor":22.0},{"not_picked":["Hello World","Turbo","Coolheaded"],"picked":"Double Energy","floor":24.0},{"not_picked":["Streamline+1","FTL","Blizzard","Hello World"],"picked":"SKIP","floor":25.0},{"not_picked":["Beam Cell","FTL+1","Undo"],"picked":"Static Discharge+1","floor":27.0},{"not_picked":["Gash","Redo","Beam Cell","Hologram"],"picked":"SKIP","floor":28.0},{"not_picked":["Force Field","Blizzard","Cold Snap"],"picked":"Self Repair+1","floor":31.0},{"not_picked":["Hyperbeam","Core Surge","Meteor Strike"],"picked":"Biased Cognition","floor":33.0},{"not_picked":["Go for the Eyes+1","Redo+1","Steam Power","Blizzard+1"],"picked":"SKIP","floor":35.0},{"not_picked":["Swift Strike","Panacea","Blind"],"picked":"Bandage Up","floor":36.0},{"not_picked":["Chrysalis","Magnetism","Good Instincts"],"picked":"Mayhem","floor":36.0},{"not_picked":["Flash of Steel","Discovery","Good Instincts"],"picked":"The Bomb","floor":36.0},{"not_picked":["Barrage","Stack","Turbo","Melter+1"],"picked":"SKIP","floor":39.0},{"not_picked":["Hello World+1","Go for the Eyes","Streamline"],"picked":"Buffer","floor":40},{"not_picked":["Undo+1","Cold Snap","Ball Lightning+1","Turbo+1"],"picked":"SKIP","floor":42},{"not_picked":["Cold Snap","Aggregate","Go for the Eyes"],"picked":"Self Repair+1","floor":45},{"not_picked":["Turbo+1","Rebound+1","Rip and Tear","Redo"],"picked":"SKIP","floor":46},{"not_picked":["Leap+1","Fission","Ball Lightning"],"picked":"Reinforced Body+1","floor":47}],"player_experience":121106,"relics_obtained":[{"floor":6.0,"key":"Pantograph"},{"floor":9.0,"key":"MealTicket"},{"floor":26.0,"key":"War Paint"},{"floor":38.0,"key":"Ginger"},{"floor":40,"key":"The Courier"},{"floor":43,"key":"Meat on the Bone"},{"floor":47,"key":"Turnip"}],"event_choices":[{"damage_healed":0.0,"max_hp_gain":0.0,"max_hp_loss":0.0,"gold_gain":0.0,"event_name":"Shining Light","player_choice":"Entered Light","floor":2.0,"gold_loss":0.0,"damage_taken":15.0,"cards_upgraded":["Dualcast","Defend_B"]},{"damage_healed":0.0,"max_hp_gain":0.0,"max_hp_loss":0.0,"gold_gain":0.0,"event_name":"Scrap Ooze","player_choice":"Success","floor":3.0,"gold_loss":0.0,"damage_taken":3.0,"relics_obtained":["Question Card"]},{"cards_removed":["Strike_B"],"damage_healed":0.0,"max_hp_gain":0.0,"max_hp_loss":0.0,"gold_gain":0.0,"event_name":"Golden Wing","player_choice":"Card Removal","floor":7.0,"gold_loss":0.0,"damage_taken":7.0},{"damage_healed":0.0,"max_hp_gain":0.0,"max_hp_loss":0.0,"gold_gain":0.0,"event_name":"Big Fish","player_choice":"Box","floor":11.0,"gold_loss":0.0,"damage_taken":0.0,"relics_obtained":["Gremlin Horn"],"cards_obtained":["Regret"]},{"damage_healed":0.0,"max_hp_gain":0.0,"max_hp_loss":0.0,"gold_gain":0.0,"event_name":"The Mausoleum","player_choice":"Opened","floor":19.0,"gold_loss":0.0,"damage_taken":0.0,"relics_obtained":["Orichalcum"],"cards_obtained":["Writhe"]},{"damage_healed":0.0,"max_hp_gain":0.0,"max_hp_loss":0.0,"gold_gain":0.0,"event_name":"Lab","player_choice":"Got Potions","floor":20.0,"gold_loss":0.0,"damage_taken":0.0},{"damage_healed":0.0,"max_hp_gain":0.0,"max_hp_loss":0.0,"gold_gain":0.0,"event_name":"SensoryStone","player_choice":"Memory 3","floor":36.0,"gold_loss":0.0,"damage_taken":10.0},{"cards_removed":["Rip and Tear"],"damage_healed":0.0,"max_hp_gain":0.0,"max_hp_loss":0.0,"gold_gain":0.0,"event_name":"Falling","player_choice":"Removed Attack","floor":37.0,"gold_loss":0.0,"damage_taken":0.0},{"damage_healed":0.0,"max_hp_gain":0.0,"max_hp_loss":0.0,"gold_gain":0.0,"event_name":"MindBloom","player_choice":"Fight","floor":38.0,"gold_loss":0.0,"damage_taken":0.0},{"damage_healed":0,"gold_gain":0,"player_choice":"Gave Potion","damage_taken":0,"relics_obtained":["Potion Belt"],"max_hp_gain":0,"max_hp_loss":0,"event_name":"WeMeetAgain","floor":44,"gold_loss":0},{"damage_healed":0,"gold_gain":0,"player_choice":"Fight","damage_taken":0,"max_hp_gain":0,"max_hp_loss":0,"event_name":"Mysterious Sphere","floor":47,"gold_loss":0},{"damage_healed":0,"gold_gain":0,"player_choice":"Paid","damage_taken":0,"relics_obtained":["Red Mask"],"max_hp_gain":0,"max_hp_loss":0,"event_name":"Tomb of Lord Red Mask","floor":48,"gold_loss":476}],"is_beta":true,"boss_relics":[{"not_picked":["Runic Dome","Astrolabe"],"picked":"Pandora\u0027s Box"},{"not_picked":["Cursed Key","Fusion Hammer"],"picked":"Nuclear Battery"}],"items_purged_floors":[4,21,29],"is_endless":false,"potions_floor_spawned":[1,6,12,14,18,28,31,33,35,42,45],"ascension_level":0}