{"path_per_floor":["M","M","M","M","?","E","R","E","T","M","M","R","E","T","R","B",null,"M","$","M","M","M","E","M","E","T","E","?","?","$","?","R","B",null,"M","M","M","M","M","R","?","E","T","E","M","?","M","M","R","B"],"character_chosen":"IRONCLAD","items_purchased":["Ice Cream","Happy Flower","Thunderclap"],"gold_per_floor":[117,127,147,158,233,263,263,289,289,306,317,317,345,421,421,517,517,517,71,71,71,71,71,71,71,71,71,71,71,20,20,20,20,20,20,20,20,20,20,20,20,20,20,20,20,20,20,20,20,20],"floor_reached":51,"campfire_rested":1,"playtime":4755,"current_hp_per_floor":[80,76,76,71,60,55,55,39,39,46,45,72,80,80,80,60,97,101,101,104,102,100,105,115,114,114,121,121,121,121,121,121,121,121,117,121,118,105,100,100,100,81,81,93,84,116,106,118,118,17],"items_purged":[],"gold":20,"score":918,"play_id":"28ece181-b346-4b1d-871d-4e848646a693","local_time":"20180503225814","is_prod":false,"is_daily":false,"chose_seed":false,"is_ascension_mode":false,"campfire_upgraded":2,"timestamp":1525413494,"path_taken":["M","M","?","M","?","E","R","E","T","M","M","R","E","?","R","BOSS","M","$","M","M","M","E","M","E","T","E","?","?","?","?","R","BOSS","M","M","M","M","M","R","?","E","T","E","M","?","M","M","R","BOSS"],"build_version":"2018-05-02","seed_source_timestamp":859539296856017,"purchased_purges":0,"victory":true,"master_deck":["Strike_R+1","Strike_R+1","Strike_R+1","Strike_R+1","Strike_R+1","Defend_R+1","Defend_R+1","Defend_R+1","Defend_R+1","Bash","Impervious","Inflame","Thunderclap","Feed+1","Armaments+1","Disarm","Shrug It Off","Flex","Thunderclap","Juggernaut","Clash","Rupture","Anger+1","Iron Wave","Twin Strike","Flex","Sword Boomerang","Barricade","Second Wind+1","Thunderclap","Impervious","Demon Form","Body Slam+1","Ghostly Armor","Flex+1","Shrug It Off+1","Bloodletting","Feel No Pain+1","Heavy Blade","Perfected Strike+1","Bloodletting+1","Twin Strike"],"max_hp_per_floor":[80,80,80,80,80,83,83,87,87,90,90,90,93,93,93,97,97,101,101,105,109,109,113,117,117,117,121,121,121,121,121,121,121,121,121,121,125,125,125,125,125,129,129,129,129,129,129,133,133,133],"relics":["Burning Blood","Vajra","Champion Belt","Bottled Tornado","Toolbox","Bottled Lightning","Ectoplasm","Ice Cream","Happy Flower","Girya","Gremlin Horn","Omamori","Question Card","Red Mask","White Beast Statue","Du-Vu Doll","Blood Vial"],"card_choices":[{"not_picked":["Iron Wave","Pommel Strike"],"picked":"Inflame","floor":1},{"not_picked":["Heavy Blade","Clothesline"],"picked":"Thunderclap","floor":2},{"not_picked":["Seeing Red","Clothesline"],"picked":"Feed","floor":3},{"not_picked":["Power Through","Clash"],"picked":"Pummel","floor":4},{"not_picked":["Anger","True Grit"],"picked":"Armaments","floor":6},{"not_picked":["Perfected Strike","Brutality"],"picked":"Disarm","floor":8},{"not_picked":["Pummel","Armaments"],"picked":"Shrug It Off","floor":10},{"not_picked":["Thunderclap","Armaments"],"picked":"Flex","floor":11},{"not_picked":["Body Slam","Cleave"],"picked":"Thunderclap","floor":13},{"not_picked":["Double Tap","Fiend Fire"],"picked":"Juggernaut","floor":16},{"not_picked":["Cleave","Heavy Blade"],"picked":"Clash","floor":18},{"not_picked":["True Grit","Battle Trance"],"picked":"Rupture","floor":20},{"not_picked":["Warcry","Pommel Strike"],"picked":"Anger","floor":21},{"not_picked":["Infernal Blade","Clash"],"picked":"Iron Wave","floor":22},{"not_picked":["Dual Wield","Blood for Blood"],"picked":"Twin Strike","floor":23},{"not_picked":["Blood for Blood","Clothesline"],"picked":"Flex","floor":24},{"not_picked":["Corruption","Demon Form"],"picked":"Sword Boomerang","floor":25},{"not_picked":["Twin Strike","Brutality"],"picked":"Barricade","floor":27},{"not_picked":["Corruption","Anger","Pommel Strike"],"picked":"Second Wind","floor":29},{"not_picked":["Feed","Dark Embrace","Bludgeon"],"picked":"Demon Form","floor":33},{"not_picked":["Armaments","Corruption","Dropkick"],"picked":"Body Slam","floor":35},{"not_picked":["Blood for Blood","Anger","Intimidate"],"picked":"Ghostly Armor","floor":36},{"not_picked":["Shrug It Off","Sever Soul","Warcry"],"picked":"Flex","floor":37},{"not_picked":["Flex","Carnage","Infernal Blade"],"picked":"Shrug It Off","floor":38},{"not_picked":["Second Wind","Body Slam","Flex"],"picked":"Bloodletting","floor":39},{"not_picked":["Anger","Combust","Entrench"],"picked":"Feel No Pain","floor":42},{"not_picked":["Pommel Strike","Combust","Carnage"],"picked":"Heavy Blade","floor":44},{"not_picked":["True Grit","Uppercut","Entrench"],"picked":"Perfected Strike","floor":45},{"not_picked":["Corruption","Inflame","Searing Blow"],"picked":"Bloodletting","floor":47},{"not_picked":["Dual Wield","Clothesline","Armaments"],"picked":"Twin Strike","floor":48}],"player_experience":45878,"potions_floor_usage":[6,13,24,24,33,37,42,44,47,48,50,50,50],"damage_taken":[{"damage":5,"enemies":"Cultist","floor":1,"turns":4},{"damage":10,"enemies":"Jaw Worm","floor":2,"turns":4},{"damage":6,"enemies":"Small Slimes","floor":3,"turns":3},{"damage":11,"enemies":"Exordium Wildlife","floor":4,"turns":3},{"damage":14,"enemies":"Gremlin Nob","floor":6,"turns":4},{"damage":26,"enemies":"3 Sentries","floor":8,"turns":7},{"damage":2,"enemies":"3 Louse","floor":10,"turns":3},{"damage":7,"enemies":"Exordium Thugs","floor":11,"turns":4},{"damage":1,"enemies":"Gremlin Nob","floor":13,"turns":4},{"damage":30,"enemies":"Hexaghost","floor":16,"turns":13},{"damage":0,"enemies":"Spheric Guardian","floor":18,"turns":3},{"damage":7,"enemies":"Shell Parasite","floor":20,"turns":3},{"damage":12,"enemies":"Centurion and Healer","floor":21,"turns":5},{"damage":8,"enemies":"Snake Plant","floor":22,"turns":3},{"damage":5,"enemies":"Slavers","floor":23,"turns":3},{"damage":0,"enemies":"Cultist and Chosen","floor":24,"turns":4},{"damage":7,"enemies":"Book of Stabbing","floor":25,"turns":5},{"damage":0,"enemies":"Slavers","floor":27,"turns":3},{"damage":0,"enemies":"Masked Bandits","floor":29,"turns":2},{"damage":0,"enemies":"Champ","floor":33,"turns":10},{"damage":10,"enemies":"Orb Walker","floor":35,"turns":3},{"damage":0,"enemies":"3 Shapes","floor":36,"turns":2},{"damage":13,"enemies":"Maw","floor":37,"turns":7},{"damage":19,"enemies":"3 Darklings","floor":38,"turns":5},{"damage":11,"enemies":"Spire Growth","floor":39,"turns":5},{"damage":29,"enemies":"2 Orb Walkers","floor":42,"turns":4},{"damage":9,"enemies":"Giant Head","floor":44,"turns":8},{"damage":17,"enemies":"Sphere and 2 Shapes","floor":45,"turns":3},{"damage":18,"enemies":"Maw","floor":47,"turns":7},{"damage":0,"enemies":"Spire Growth","floor":48,"turns":4},{"damage":109,"enemies":"Time Eater","floor":50,"turns":11}],"event_choices":[{"event_name":"World of Goop","player_choice":"Gather Gold","floor":5,"damage_taken":0},{"event_name":"Back to Basics","player_choice":"Simplicity","floor":28,"damage_taken":0},{"event_name":"Masked Bandits","player_choice":"Fought over 71 gold","floor":29,"damage_taken":0},{"event_name":"Duplicator","player_choice":"One dupe","floor":31,"damage_taken":0},{"event_name":"Winding Halls","player_choice":"Writhe","floor":46,"damage_taken":0}],"boss_relics":[{"not_picked":["Runic Pyramid","Runic Dome"],"picked":"Ectoplasm"},{"not_picked":["Lizard Tail","Velvet Choker"],"picked":"White Beast Statue"}],"potions_floor_spawned":[1,3,11,16,20,21,27,29,35,36,37,38,39,42,44,45,47,48],"seed_played":"-4199963308941136357","ascension_level":0,"is_trial":false}