{"path_per_floor":["M","?","M","M","M","E","M","R","T","M","$","M","$","E","R","B",null,"M","M","M","$"],"character_chosen":"DEFECT","items_purchased":["Capacitor","Defragment"],"gold_per_floor":[115,95,110,124,137,170,181,181,206,219,98,114,40,66,66,169,169,184,165,181,81,81],"floor_reached":22,"campfire_rested":2,"playtime":1965,"current_hp_per_floor":[74,74,74,72,65,30,23,45,45,45,45,45,45,35,57,57,75,66,43,28,28,0],"items_purged":["Strike_B","Defend_B"],"gold":81,"score":250,"play_id":"6c5618a5-7ab4-49da-940a-71dd1f12cc9a","local_time":"20180504175452","is_prod":false,"is_daily":false,"chose_seed":false,"is_ascension_mode":false,"campfire_upgraded":0,"timestamp":1525481692,"path_taken":["M","?","M","M","?","E","M","R","T","M","$","M","?","E","R","BOSS","M","M","M","$","M"],"build_version":"2018-05-03","seed_source_timestamp":930547082550065,"purchased_purges":2,"victory":false,"master_deck":["Strike_B","Strike_B","Strike_B","Defend_B","Defend_B","Defend_B","Zap","Dualcast","Beam Cell","Rebound","Leap","White Noise","Chaos","Doom and Gloom","Cold Snap","Seek","Capacitor","Barrage","Defragment","Cold Snap","Creative AI","Loop","Axe Kick+1","Coolheaded"],"max_hp_per_floor":[75,75,75,75,75,75,75,75,75,75,75,75,75,75,75,75,75,75,75,75,75,75],"relics":["Cracked Core","Gremlin Horn","Orichalcum","Bronze Scales","Runic Pyramid"],"card_choices":[{"not_picked":["Barrage","Glacier"],"picked":"Beam Cell","floor":0},{"not_picked":["Axe Kick","Tempest"],"picked":"Rebound","floor":1},{"not_picked":["Axe Kick","Coolheaded"],"picked":"Leap","floor":3},{"not_picked":["Cold Snap","Lockon"],"picked":"White Noise","floor":4},{"not_picked":["Impulse","Buffer"],"picked":"Chaos","floor":5},{"not_picked":["Streamline","Hologram"],"picked":"Doom and Gloom","floor":6},{"not_picked":["Scrape","Auto Shields"],"picked":"Cold Snap","floor":7},{"not_picked":["Streamline","Steam Power"],"picked":"Seek","floor":10},{"not_picked":["Go for the Eyes","Beam Cell"],"picked":"Barrage","floor":12},{"not_picked":["Sweeping Beam","Streamline"],"picked":"Cold Snap","floor":14},{"not_picked":["Fusion","Rainbow"],"picked":"Creative AI","floor":16},{"not_picked":["Impulse","Streamline"],"picked":"Loop","floor":18},{"not_picked":["Buffer","Coolheaded"],"picked":"Axe Kick","floor":19},{"not_picked":["White Noise","Glacier"],"picked":"Coolheaded","floor":20}],"player_experience":50633,"potions_floor_usage":[10,16,16,20],"damage_taken":[{"damage":1,"enemies":"2 Louse","floor":1,"turns":3},{"damage":0,"enemies":"Cultist","floor":3,"turns":2},{"damage":2,"enemies":"Jaw Worm","floor":4,"turns":4},{"damage":7,"enemies":"Large Slime","floor":5,"turns":5},{"damage":35,"enemies":"Lagavulin","floor":6,"turns":6},{"damage":7,"enemies":"Blue Slaver","floor":7,"turns":3},{"damage":0,"enemies":"Lots of Slimes","floor":10,"turns":1},{"damage":0,"enemies":"Large Slime","floor":12,"turns":4},{"damage":10,"enemies":"3 Sentries","floor":14,"turns":3},{"damage":0,"enemies":"Hexaghost","floor":16,"turns":9},{"damage":9,"enemies":"3 Byrds","floor":18,"turns":2},{"damage":23,"enemies":"2 Thieves","floor":19,"turns":4},{"damage":15,"enemies":"Centurion and Healer","floor":20,"turns":5},{"damage":39,"enemies":"Cultist and Chosen","floor":22,"turns":6}],"event_choices":[{"event_name":"The Woman in Blue","player_choice":"Bought 1 Potion","floor":2,"damage_taken":0}],"boss_relics":[{"not_picked":["White Beast Statue","Ectoplasm"],"picked":"Runic Pyramid"}],"potions_floor_spawned":[4,6,7,10,12,18],"seed_played":"-8567443198679562134","killed_by":"Cultist and Chosen","ascension_level":0,"is_trial":false}