{"gold_per_floor":[16,91,16,27,27,27,41,59,59,59,84,84,58,87,87,185,185,169,169,169,189,89,89,89],"floor_reached":24,"playtime":1652,"items_purged":["Defend_B","Defend_B"],"score":273,"play_id":"2b5d13cc-d780-4007-9e38-3c6f602a18bd","local_time":"20180909161731","is_ascension_mode":true,"campfire_choices":[{"data":"Zap","floor":6,"key":"SMITH"},{"floor":10,"key":"REST"},{"floor":15,"key":"REST"},{"floor":23,"key":"REST"}],"neow_cost":"NO_GOLD","seed_source_timestamp":114458347985517,"circlet_count":0,"master_deck":["Defend_B","Defend_B","Zap+1","Dualcast","Hologram","Darkness","BootSequence","Multi-Cast","Coolheaded","Undo","Echo Form","Steam","Glacier","Redo"],"relics":["Cracked Core","Question Card","Lantern","Juzu Bracelet","Empty Cage"],"potions_floor_usage":[14,21,24],"damage_taken":[{"damage":2,"enemies":"Jaw Worm","floor":1,"turns":5},{"damage":6,"enemies":"Small Slimes","floor":4,"turns":3},{"damage":0,"enemies":"Cultist","floor":7,"turns":3},{"damage":2,"enemies":"2 Fungi Beasts","floor":8,"turns":3},{"damage":15,"enemies":"Lagavulin","floor":11,"turns":6},{"damage":39,"enemies":"3 Sentries","floor":14,"turns":9},{"damage":12,"enemies":"The Guardian","floor":16,"turns":12},{"damage":15,"enemies":"2 Thieves","floor":18,"turns":5},{"damage":13,"enemies":"Chosen","floor":21,"turns":8},{"damage":54,"enemies":"Gremlin Leader","floor":24,"turns":7}],"seed_played":"-5222749592689737099","potions_obtained":[{"floor":11,"key":"Explosive Potion"},{"floor":16,"key":"LiquidBronze"},{"floor":21,"key":"FocusPotion"}],"is_trial":false,"path_per_floor":["M","?","$","M","?","R","M","M","T","R","E","?","$","E","R","B",null,"M","?","?","M","$","R"],"character_chosen":"DEFECT","items_purchased":["Coolheaded"],"campfire_rested":3,"item_purchase_floors":[13],"current_hp_per_floor":[66,55,55,49,49,49,49,47,47,69,54,54,54,15,37,25,63,48,48,34,21,21,45,0],"gold":89,"neow_bonus":"REMOVE_TWO","is_prod":false,"is_daily":false,"chose_seed":false,"campfire_upgraded":1,"win_rate":0,"timestamp":1536524251,"path_taken":["M","?","?","M","?","R","M","M","T","R","E","?","$","E","R","BOSS","M","?","?","M","$","R","E"],"build_version":"2018-09-06","purchased_purges":2,"victory":false,"max_hp_per_floor":[75,75,75,75,75,75,75,75,75,75,75,75,75,75,75,75,75,75,75,80,80,80,80,80],"card_choices":[{"not_picked":["Sweeping Beam","Ball Lightning"],"picked":"Hologram","floor":1},{"not_picked":["Reprogram","Conserve Battery"],"picked":"Storm","floor":4},{"not_picked":["Cold Snap","Force Field"],"picked":"Darkness","floor":7},{"not_picked":["Turbo","Stack"],"picked":"BootSequence","floor":8},{"not_picked":["Sunder","Hello World","Steam Power"],"picked":"Multi-Cast","floor":11},{"not_picked":["Fusion","Compile Driver","Cold Snap"],"picked":"Undo","floor":14},{"not_picked":["Amplify","Biased Cognition","Buffer"],"picked":"Echo Form","floor":16},{"not_picked":["Aggregate+1","Ball Lightning","Static Discharge+1"],"picked":"Steam","floor":18},{"not_picked":["Steam","Leap","Streamline"],"picked":"Redo","floor":21}],"player_experience":347106,"relics_obtained":[{"floor":9,"key":"Question Card"},{"floor":11,"key":"Lantern"},{"floor":14,"key":"Juzu Bracelet"}],"event_choices":[{"event_name":"World of Goop","player_choice":"Gather Gold","floor":2,"damage_taken":0},{"event_name":"The Cleric","player_choice":"Leave","floor":5,"damage_taken":0},{"event_name":"Living Wall","player_choice":"Forget","floor":12,"damage_taken":0},{"event_name":"The Library","player_choice":"Read","floor":19,"damage_taken":0},{"event_name":"Forgotten Altar","player_choice":"Shed Blood","floor":20,"damage_taken":0}],"is_beta":false,"boss_relics":[{"not_picked":["Lizard Tail","Calling Bell"],"picked":"Empty Cage"}],"items_purged_floors":[3,22],"is_endless":false,"potions_floor_spawned":[11,16,21],"killed_by":"Gremlin Leader","ascension_level":7}