{"gold_per_floor":[119,23,38,38,38,71,71,100,100,132,132,148,73,91,91,164,164,178,178,78,78,88,88,112,112,112,112,123,123,123,139,139,217,217,235,252,127,140,140,140,171,21,48,48,62,96,96,116,116,116,116,116,116,8,40,40],"floor_reached":57,"playtime":3223,"items_purged":["Strike_G","Strike_G","All Out Attack","Defend_G"],"score":3352,"play_id":"8bd8ca22-a37a-49e5-ac64-3e4e19455280","local_time":"20190820231618","is_ascension_mode":true,"campfire_choices":[{"data":"Deadly Poison","floor":7.0,"key":"SMITH"},{"data":"Calculated Gamble","floor":15.0,"key":"SMITH"},{"data":"Tactician","floor":27.0,"key":"SMITH"},{"data":"Acrobatics","floor":29.0,"key":"SMITH"},{"data":"Prepared","floor":32.0,"key":"SMITH"},{"data":"Reflex","floor":40.0,"key":"SMITH"},{"floor":49.0,"key":"RECALL"},{"data":"Purity","floor":53.0,"key":"SMITH"}],"neow_cost":"NONE","seed_source_timestamp":478821628724500,"circlet_count":0,"master_deck":["AscendersBane","Defend_G","Defend_G","Defend_G","Defend_G","Survivor","Neutralize","Well Laid Plans","Calculated Gamble+1","Deadly Poison+1","Tactician+1","Prepared+1","Acrobatics+1","Escape Plan","Adrenaline","Eviscerate","Acrobatics","Well Laid Plans","Reflex+1","Backflip","Grand Finale","Tactician","Purity+1","Master of Strategy","After Image+1"],"special_seed":0,"relics":["Ring of the Snake","NeowsBlessing","Bottled Lightning","Mango","Question Card","Darkstone Periapt","Bottled Tornado","Orrery","Frozen Egg 2","Runic Dome","Gremlin Horn","Juzu Bracelet","Pear","Bag of Marbles"],"potions_floor_usage":[56,56],"damage_taken":[{"damage":0.0,"enemies":"Cultist","floor":1.0,"turns":1.0},{"damage":0.0,"enemies":"Small Slimes","floor":3.0,"turns":1.0},{"damage":0.0,"enemies":"Lagavulin","floor":6.0,"turns":1.0},{"damage":24.0,"enemies":"Gremlin Nob","floor":8.0,"turns":4.0},{"damage":43.0,"enemies":"Lagavulin","floor":10.0,"turns":10.0},{"damage":1.0,"enemies":"2 Louse","floor":12.0,"turns":2.0},{"damage":1.0,"enemies":"Blue Slaver","floor":14.0,"turns":4.0},{"damage":0.0,"enemies":"The Guardian","floor":16.0,"turns":11.0},{"damage":15.0,"enemies":"Chosen","floor":18.0,"turns":6.0},{"damage":10.0,"enemies":"Spheric Guardian","floor":22.0,"turns":4.0},{"damage":0.0,"enemies":"Centurion and Healer","floor":28.0,"turns":5.0},{"damage":3.0,"enemies":"Snecko","floor":31.0,"turns":5.0},{"damage":0.0,"enemies":"Champ","floor":33.0,"turns":5.0},{"damage":0.0,"enemies":"3 Shapes","floor":35.0,"turns":1.0},{"damage":0.0,"enemies":"Orb Walker","floor":36.0,"turns":1.0},{"damage":0.0,"enemies":"Sphere and 2 Shapes","floor":38.0,"turns":3.0},{"damage":0.0,"enemies":"Reptomancer","floor":41.0,"turns":2.0},{"damage":0.0,"enemies":"Spire Growth","floor":45.0,"turns":1.0},{"damage":0.0,"enemies":"Giant Head","floor":46.0,"turns":1.0},{"damage":0.0,"enemies":"Maw","floor":48.0,"turns":1.0},{"damage":0.0,"enemies":"Donu and Deca","floor":50.0,"turns":1.0},{"damage":0.0,"enemies":"Awakened One","floor":51.0,"turns":2.0},{"damage":0.0,"enemies":"Shield and Spear","floor":55.0,"turns":1.0},{"damage":61,"enemies":"The Heart","floor":56,"turns":5}],"seed_played":"-8939656540055148717","potions_obtained":[{"floor":1.0,"key":"PowerPotion"},{"floor":10.0,"key":"SteroidPotion"},{"floor":14.0,"key":"Fire Potion"},{"floor":28.0,"key":"LiquidBronze"}],"is_trial":false,"path_per_floor":["M","$","M","?","?","E","R","E","T","E","T","M","$","M","R","B",null,"M","?","$","?","M","?","T","$","T","R","M","R","?","M","R","B",null,"M","M","$","M","?","R","E","$","T","?","M","E","$","M","R","B","B",null,"R","$","E","B",null],"character_chosen":"THE_SILENT","items_purchased":["Calculated Gamble","Deadly Poison","Dexterity Potion","PowerPotion"],"campfire_rested":0,"item_purchase_floors":[2,2,54,54],"current_hp_per_floor":[59,59,59,52,57,57,57,47,47,4,4,3,3,2,2,2,64,49,49,49,49,39,39,39,39,39,39,39,39,14,11,11,11,70,70,70,70,70,70,70,70,70,70,60,60,70,70,70,70,70,70,93,93,93,93,32],"gold":40,"neow_bonus":"THREE_ENEMY_KILL","is_prod":false,"is_daily":false,"chose_seed":false,"campfire_upgraded":7,"win_rate":0,"timestamp":1566314178,"path_taken":["M","$","?","?","?","E","R","E","T","E","?","M","$","?","R","BOSS","M","?","$","?","?","?","?","?","T","R","?","R","?","M","R","BOSS","M","M","$","M","?","R","E","$","T","?","M","E","?","M","R","BOSS","BOSS","R","$","E","BOSS"],"build_version":"2019-07-17","purchased_purges":4,"victory":true,"max_hp_per_floor":[66,66,66,66,71,71,71,85,85,85,85,85,85,85,85,85,85,85,85,85,85,85,85,85,85,85,85,85,85,90,90,90,90,90,90,90,90,90,90,90,90,90,90,90,90,100,100,100,100,100,100,100,100,100,100,100],"card_choices":[{"not_picked":["Choke","Dodge and Roll"],"picked":"Well Laid Plans","floor":1.0},{"not_picked":["Outmaneuver","Dagger Throw"],"picked":"Tactician","floor":3.0},{"not_picked":["Dagger Spray","Accuracy","Riddle With Holes"],"picked":"SKIP","floor":6.0},{"not_picked":["Deflect","Dagger Spray","Infinite Blades"],"picked":"SKIP","floor":8.0},{"not_picked":["Phantasmal Killer","Tactician","Footwork"],"picked":"Prepared","floor":10.0},{"not_picked":["Backflip","Prepared","Tactician"],"picked":"Acrobatics","floor":12.0},{"not_picked":["Distraction","Outmaneuver","Eviscerate"],"picked":"Escape Plan","floor":14.0},{"not_picked":["Doppelganger","Envenom","Burst"],"picked":"Adrenaline","floor":16.0},{"not_picked":["Dagger Spray","Dagger Throw","Blade Dance"],"picked":"Eviscerate","floor":17.0},{"not_picked":["Blade Dance","Dagger Spray","PiercingWail"],"picked":"Acrobatics","floor":17.0},{"not_picked":["Well Laid Plans","Outmaneuver","Underhanded Strike","Glass Knife"],"picked":"SKIP","floor":18.0},{"not_picked":["Dodge and Roll","PiercingWail","Bane","Caltrops"],"picked":"SKIP","floor":22.0},{"not_picked":["Dodge and Roll","Riddle With Holes","Poisoned Stab","Bouncing Flask"],"picked":"SKIP","floor":28.0},{"not_picked":["PiercingWail","Acrobatics","Escape Plan"],"picked":"Backflip","floor":31.0},{"not_picked":["A Thousand Cuts+1","Malaise","Phantasmal Killer"],"picked":"Grand Finale","floor":33.0},{"not_picked":["PiercingWail","Dash","Choke+1"],"picked":"Tactician","floor":35.0},{"not_picked":["Infinite Blades+1","Poisoned Stab","Acrobatics","Dodge and Roll"],"picked":"SKIP","floor":36.0},{"not_picked":["Setup","Catalyst","Poisoned Stab","Underhanded Strike"],"picked":"SKIP","floor":38.0},{"not_picked":["Dodge and Roll","Bullet Time","Eviscerate+1","Cloak And Dagger"],"picked":"SKIP","floor":41.0},{"not_picked":["Blind","Flash of Steel","Forethought"],"picked":"Purity","floor":44.0},{"not_picked":["Forethought","Blind","Bandage Up"],"picked":"Master of Strategy","floor":44.0},{"not_picked":["Dodge and Roll","Flying Knee","Backflip+1","Blade Dance"],"picked":"SKIP","floor":45.0},{"not_picked":["Expertise+1","Prepared","Dodge and Roll","Blade Dance+1"],"picked":"SKIP","floor":46.0},{"not_picked":["PiercingWail","Slice","Acrobatics","Expertise"],"picked":"SKIP","floor":48.0},{"not_picked":["PiercingWail","Corpse Explosion","Endless Agony"],"picked":"After Image+1","floor":55.0}],"player_experience":853025,"relics_obtained":[{"floor":6.0,"key":"Bottled Lightning"},{"floor":8.0,"key":"Mango"},{"floor":9.0,"key":"Question Card"},{"floor":10.0,"key":"Darkstone Periapt"},{"floor":11.0,"key":"Bottled Tornado"},{"floor":26.0,"key":"Frozen Egg 2"},{"floor":41.0,"key":"Gremlin Horn"},{"floor":43.0,"key":"Juzu Bracelet"},{"floor":46.0,"key":"Pear"},{"floor":55.0,"key":"Bag of Marbles"}],"event_choices":[{"cards_removed":["Strike_G"],"damage_healed":0.0,"max_hp_gain":0.0,"max_hp_loss":0.0,"gold_gain":0.0,"event_name":"Golden Wing","player_choice":"Card Removal","floor":4.0,"gold_loss":0.0,"damage_taken":7.0},{"damage_healed":0.0,"max_hp_gain":5.0,"max_hp_loss":0.0,"gold_gain":0.0,"event_name":"Big Fish","player_choice":"Donut","floor":5.0,"gold_loss":0.0,"damage_taken":0.0},{"damage_healed":0.0,"max_hp_gain":0.0,"max_hp_loss":0.0,"gold_gain":0.0,"cards_transformed":["Strike_G","Strike_G"],"event_name":"Drug Dealer","player_choice":"Became Test Subject","floor":19.0,"gold_loss":0.0,"damage_taken":0.0,"cards_obtained":["All Out Attack","Well Laid Plans"]},{"damage_healed":0.0,"max_hp_gain":0.0,"max_hp_loss":0.0,"gold_gain":0.0,"event_name":"N\u0027loth","player_choice":"Ignored","floor":21.0,"gold_loss":0.0,"damage_taken":0.0},{"damage_healed":0.0,"max_hp_gain":0.0,"max_hp_loss":0.0,"gold_gain":0.0,"event_name":"The Library","player_choice":"Read","floor":23.0,"gold_loss":0.0,"damage_taken":0.0,"cards_obtained":["Reflex"]},{"damage_healed":0.0,"max_hp_gain":5.0,"max_hp_loss":0.0,"gold_gain":0.0,"event_name":"Forgotten Altar","player_choice":"Shed Blood","floor":30.0,"gold_loss":0.0,"damage_taken":30.0},{"damage_healed":0.0,"max_hp_gain":0.0,"max_hp_loss":0.0,"gold_gain":0.0,"event_name":"Tomb of Lord Red Mask","player_choice":"Ignored","floor":39.0,"gold_loss":0.0,"damage_taken":0.0},{"damage_healed":0.0,"max_hp_gain":0.0,"max_hp_loss":0.0,"gold_gain":0.0,"event_name":"SensoryStone","player_choice":"Memory 3","floor":44.0,"gold_loss":0.0,"damage_taken":10.0}],"is_beta":false,"boss_relics":[{"not_picked":["Busted Crown","White Beast Statue"],"picked":"Orrery"},{"not_picked":["Velvet Choker","Cursed Key"],"picked":"Runic Dome"}],"items_purged_floors":[13,20,37,42],"is_endless":false,"potions_floor_spawned":[1,10,14,28,33,36,38,41],"ascension_level":20}