{"gold_per_floor":[114,114,128,14,14,14,14,14,70,70,80,90,116,128,128,227,227,245,245,39,52,64,64,64,64],"floor_reached":25,"playtime":1410,"items_purged":["Strike_B"],"score":302,"play_id":"d1ba8d73-9047-413c-9ab4-7fbd50dda1ec","local_time":"20180926173501","is_ascension_mode":true,"campfire_choices":[{"data":"Defragment","floor":6,"key":"SMITH"},{"data":"Zap","floor":8,"key":"SMITH"},{"data":"Darkness","floor":10,"key":"SMITH"},{"floor":15,"key":"REST"},{"floor":23,"key":"REST"}],"neow_cost":"NONE","seed_source_timestamp":250403155723888,"circlet_count":0,"master_deck":["Strike_B","Defend_B","Defend_B","Defend_B","Zap+1","Dualcast","AscendersBane","Darkness+1","Machine Learning","Glacier","Defragment+1","Streamline","Leap","Hologram","Core Surge","Machine Learning","Hologram","Sunder","Force Field+1","Capacitor","Storm+1"],"relics":["Cracked Core","Tiny Chest","Bottled Flame","Orrery","NlothsMask","Runic Capacitor"],"potions_floor_usage":[16,21,22,25],"damage_taken":[{"damage":2,"enemies":"Jaw Worm","floor":1,"turns":3},{"damage":1,"enemies":"Cultist","floor":3,"turns":4},{"damage":0,"enemies":"Small Slimes","floor":11,"turns":3},{"damage":28,"enemies":"Exordium Thugs","floor":12,"turns":5},{"damage":10,"enemies":"3 Sentries","floor":13,"turns":8},{"damage":1,"enemies":"3 Louse","floor":14,"turns":4},{"damage":22,"enemies":"Hexaghost","floor":16,"turns":10},{"damage":35,"enemies":"2 Thieves","floor":18,"turns":5},{"damage":13,"enemies":"Shell Parasite","floor":21,"turns":6},{"damage":4,"enemies":"Sentry and Sphere","floor":22,"turns":9},{"damage":35,"enemies":"Slavers","floor":25,"turns":2}],"seed_played":"-713777994860018062","potions_obtained":[{"floor":11,"key":"Swift Potion"},{"floor":13,"key":"EssenceOfSteel"},{"floor":14,"key":"SpeedPotion"},{"floor":21,"key":"AttackPotion"}],"is_trial":false,"path_per_floor":["M","?","M","$","?","R","?","R","T","R","M","M","E","M","R","B",null,"M","?","$","M","M","R","?"],"character_chosen":"DEFECT","items_purchased":["Defragment","Runic Capacitor"],"campfire_rested":2,"item_purchase_floors":[4,20],"current_hp_per_floor":[66,66,65,65,65,65,65,65,65,65,65,37,27,26,48,26,63,28,28,28,15,11,33,33,0],"gold":64,"neow_bonus":"REMOVE_CARD","is_prod":false,"is_daily":false,"chose_seed":false,"campfire_upgraded":3,"win_rate":0,"timestamp":1537997701,"path_taken":["M","?","M","?","?","R","?","R","T","R","?","?","E","M","R","BOSS","M","?","$","M","M","R","?","E"],"build_version":"2018-09-20","purchased_purges":1,"victory":false,"max_hp_per_floor":[75,75,75,75,75,75,75,75,75,75,75,75,75,75,75,75,75,75,75,75,75,75,75,75,75],"card_choices":[{"not_picked":["Beam Cell","Rebound"],"picked":"Darkness","floor":1},{"not_picked":["Loop","Streamline"],"picked":"Glacier","floor":3},{"not_picked":["Auto Shields","Hologram"],"picked":"Streamline","floor":11},{"not_picked":["Turbo","Tempest"],"picked":"Leap","floor":12},{"not_picked":["Doom and Gloom","Chill"],"picked":"Hologram","floor":13},{"not_picked":["Barrage","Skim","Ball Lightning"],"picked":"SKIP","floor":14},{"not_picked":["Rainbow","Hyperbeam"],"picked":"Core Surge","floor":16},{"not_picked":["Go for the Eyes","Leap"],"picked":"Machine Learning","floor":17},{"not_picked":["Stack","BootSequence"],"picked":"Hologram","floor":17},{"not_picked":["Hello World","Lockon"],"picked":"Sunder","floor":17},{"not_picked":["Turbo+1","Rebound"],"picked":"Force Field+1","floor":18},{"not_picked":["Turbo+1","Go for the Eyes+1"],"picked":"Capacitor","floor":21},{"not_picked":["Genetic Algorithm","Ball Lightning+1"],"picked":"Storm+1","floor":22}],"player_experience":399513,"relics_obtained":[{"floor":9,"key":"Tiny Chest"},{"floor":13,"key":"Bottled Flame"}],"event_choices":[{"event_name":"Transmorgrifier","player_choice":"Transform","floor":2,"damage_taken":0},{"event_name":"Liars Game","player_choice":"disagreed","floor":5,"damage_taken":0},{"event_name":"Living Wall","player_choice":"Forget","floor":7,"damage_taken":0},{"event_name":"FaceTrader","player_choice":"Trade","floor":19,"damage_taken":0}],"is_beta":false,"boss_relics":[{"not_picked":["Eternal Feather","Calling Bell"],"picked":"Orrery"}],"items_purged_floors":[4],"is_endless":false,"potions_floor_spawned":[11,13,14,21],"killed_by":"Slavers","ascension_level":10}