{"gold_per_floor":[110,110,29,41,64,93,18,28,77,110,110,125,125,136,136,212,212,232,108,125,125],"floor_reached":21,"playtime":578,"items_purged":["Strike_G","Decay"],"score":428,"play_id":"f81a2658-0f90-47aa-a41e-652acc5ca7a9","local_time":"20190819221148","is_ascension_mode":true,"campfire_choices":[{"data":"Catalyst","floor":11,"key":"SMITH"},{"data":"Deadly Poison","floor":15,"key":"SMITH"}],"neow_cost":"NONE","seed_source_timestamp":391985540200500,"circlet_count":0,"master_deck":["AscendersBane","Strike_G","Strike_G","Strike_G","Strike_G","Defend_G","Defend_G+1","Defend_G+1","Defend_G","Defend_G","Survivor","Neutralize","Neutralize","Deadly Poison+1","Catalyst+1","Backflip","Well Laid Plans","Corpse Explosion+1","Burst+1","Outmaneuver+1"],"special_seed":0,"relics":["Ring of the Serpent","NeowsBlessing","War Paint","Regal Pillow","Bronze Scales","Toxic Egg 2"],"potions_floor_usage":[10,20,21],"damage_taken":[{"damage":0.0,"enemies":"Small Slimes","floor":1.0,"turns":1.0},{"damage":0,"enemies":"Cultist","floor":4,"turns":1},{"damage":0,"enemies":"Gremlin Nob","floor":6,"turns":1},{"damage":1,"enemies":"Jaw Worm","floor":8,"turns":4},{"damage":22,"enemies":"3 Sentries","floor":10,"turns":9},{"damage":15,"enemies":"Lots of Slimes","floor":12,"turns":5},{"damage":0,"enemies":"3 Louse","floor":14,"turns":1},{"damage":4,"enemies":"Hexaghost","floor":16,"turns":7},{"damage":19,"enemies":"Shell Parasite","floor":18,"turns":5},{"damage":0,"enemies":"3 Byrds","floor":20,"turns":1},{"damage":60,"enemies":"Snecko","floor":21,"turns":8}],"seed_played":"-4053070651641828585","potions_obtained":[{"floor":4,"key":"Strength Potion"},{"floor":10,"key":"LiquidBronze"},{"floor":12,"key":"PowerPotion"},{"floor":20,"key":"Regen Potion"}],"is_trial":false,"path_per_floor":["M","?","$","M","T","E","$","M","T","E","R","M","?","M","R","B",null,"M","$","M","M"],"character_chosen":"THE_SILENT","items_purchased":["Catalyst","Outmaneuver+1"],"campfire_rested":0,"item_purchase_floors":[3,19],"current_hp_per_floor":[59,59,59,59,59,59,59,58,58,36,36,21,21,21,21,17,54,35,35,35,0],"gold":125,"neow_bonus":"THREE_ENEMY_KILL","is_prod":false,"is_daily":false,"chose_seed":false,"campfire_upgraded":2,"win_rate":0,"timestamp":1566223908,"path_taken":["M","?","$","?","?","E","$","M","T","E","R","M","?","?","R","BOSS","M","$","M","M"],"build_version":"2019-07-17","purchased_purges":2,"victory":false,"max_hp_per_floor":[66,66,66,66,66,66,66,66,66,66,66,66,66,66,66,66,66,66,66,66,66],"card_choices":[{"not_picked":["Slice","Finisher","PiercingWail"],"picked":"SKIP","floor":1.0},{"not_picked":["Bouncing Flask","Heel Hook"],"picked":"Backflip","floor":4},{"not_picked":["Terror","Backstab"],"picked":"Well Laid Plans","floor":6},{"not_picked":["Sucker Punch","Dodge and Roll","Acrobatics"],"picked":"SKIP","floor":8},{"not_picked":["Bane","Cloak And Dagger","Finisher"],"picked":"SKIP","floor":10},{"not_picked":["Quick Slash","Dagger Throw"],"picked":"Corpse Explosion+1","floor":12},{"not_picked":["Choke","Cloak And Dagger+1","Infinite Blades"],"picked":"SKIP","floor":14},{"not_picked":["Glass Knife","Storm of Steel+1"],"picked":"Burst+1","floor":16},{"not_picked":["Predator","Deflect+1","Flechettes"],"picked":"SKIP","floor":18},{"not_picked":["Outmaneuver+1","Well Laid Plans","Deadly Poison+1"],"picked":"SKIP","floor":20}],"player_experience":843912,"relics_obtained":[{"floor":5,"key":"War Paint"},{"floor":6,"key":"Regal Pillow"},{"floor":9,"key":"Bronze Scales"},{"floor":10,"key":"Toxic Egg 2"}],"event_choices":[{"damage_healed":0,"gold_gain":0,"player_choice":"2 cards matched","damage_taken":0,"max_hp_gain":0,"max_hp_loss":0,"event_name":"Match and Keep!","floor":2,"gold_loss":0,"cards_obtained":["Neutralize","Deadly Poison"]},{"damage_healed":0,"gold_gain":0,"player_choice":"Cursed","damage_taken":0,"max_hp_gain":0,"max_hp_loss":0,"event_name":"Wheel of Change","floor":13,"gold_loss":0,"cards_obtained":["Decay"]}],"is_beta":false,"boss_relics":[{"not_picked":["Ectoplasm","White Beast Statue"],"picked":"Ring of the Serpent"}],"items_purged_floors":[7,19],"is_endless":false,"potions_floor_spawned":[4,10,12,14,16,20],"killed_by":"Snecko","ascension_level":20}