{"gold_per_floor":[117,192,117,130,141,141,157,170,242,260,278,97,97,127,127,231,231,243,46,59,59,70,70,70],"floor_reached":24,"playtime":3357,"items_purged":["Strike_B","Defend_B","Normality"],"score":190,"play_id":"50fe0601-9daa-43ee-abc5-9f16dfa2d408","local_time":"20180623222553","is_ascension_mode":false,"campfire_choices":[{"data":"Blizzard","floor":6,"key":"SMITH"},{"data":"Chill","floor":13,"key":"SMITH"},{"data":"Redo","floor":15,"key":"SMITH"},{"floor":23,"key":"REST"}],"neow_cost":"NONE","seed_source_timestamp":951339582837156,"circlet_count":0,"master_deck":["Strike_B","Strike_B","Strike_B","Defend_B","Defend_B","Defend_B","Zap","Dualcast+1","Redo","Coolheaded","Blizzard+1","Chill+1","Redo+1","Loop+1","Echo Form+1","Parasite","Self Repair+1","Storm+1","Coolheaded","Capacitor+1"],"relics":["Cracked Core","Frozen Egg 2","Calling Bell","Peace Pipe","Pantograph","Oddly Smooth Stone"],"potions_floor_usage":[16,18,22,24],"damage_taken":[{"damage":1,"enemies":"Jaw Worm","floor":1,"turns":3},{"damage":1,"enemies":"2 Louse","floor":4,"turns":2},{"damage":0,"enemies":"Cultist","floor":5,"turns":4},{"damage":0,"enemies":"2 Fungi Beasts","floor":7,"turns":3},{"damage":15,"enemies":"Exordium Wildlife","floor":8,"turns":7},{"damage":3,"enemies":"Looter","floor":10,"turns":3},{"damage":1,"enemies":"Red Slaver","floor":11,"turns":4},{"damage":42,"enemies":"The Guardian","floor":16,"turns":12},{"damage":32,"enemies":"Shell Parasite","floor":18,"turns":7},{"damage":8,"enemies":"Chosen","floor":20,"turns":5},{"damage":32,"enemies":"Snecko","floor":22,"turns":9},{"damage":69,"enemies":"Book of Stabbing","floor":24,"turns":7}],"seed_played":"-8503538272261268343","potions_obtained":[{"floor":8,"key":"FairyPotion"},{"floor":10,"key":"Swift Potion"},{"floor":16,"key":"AttackPotion"},{"floor":18,"key":"GamblersBrew"},{"floor":22,"key":"Weak Potion"}],"is_trial":false,"path_per_floor":["M","?","$","M","M","R","M","M","T","M","M","$","R","?","R","B",null,"M","$","M","?","M","R"],"character_chosen":"DEFECT","items_purchased":["Loop+1","Storm+1"],"campfire_rested":1,"item_purchase_floors":[12,19],"current_hp_per_floor":[74,63,63,62,62,62,62,47,47,44,43,43,43,43,43,1,75,43,43,45,45,33,55,0],"gold":70,"neow_bonus":"UPGRADE_CARD","is_prod":false,"is_daily":false,"chose_seed":false,"campfire_upgraded":3,"win_rate":0.0,"timestamp":1529807153,"path_taken":["M","?","$","M","M","R","M","M","T","M","M","$","R","?","R","BOSS","M","$","M","?","?","R","E"],"build_version":"2018-06-21v2","purchased_purges":3,"victory":false,"max_hp_per_floor":[75,75,75,75,75,75,75,75,75,75,75,75,75,75,75,75,75,75,75,75,75,75,75,75],"card_choices":[{"not_picked":["Rebound","Streamline"],"picked":"Redo","floor":1},{"not_picked":["Ball Lightning","Rebound"],"picked":"Coolheaded","floor":4},{"not_picked":["Rip and Tear","Undo"],"picked":"Blizzard","floor":5},{"not_picked":["Barrage","Rebound","Reprogram"],"picked":"SKIP","floor":7},{"not_picked":["Doom and Gloom","Hello World","Streamline"],"picked":"SKIP","floor":8},{"not_picked":["Glacier","Coolheaded"],"picked":"Chill","floor":10},{"not_picked":["Sweeping Beam","Compile Driver"],"picked":"Redo","floor":11},{"not_picked":["Creative AI+1","Electrodynamics+1"],"picked":"Echo Form+1","floor":16},{"not_picked":["Redo+1","Reprogram"],"picked":"Self Repair+1","floor":18},{"not_picked":["Hologram+1","Go for the Eyes"],"picked":"Coolheaded","floor":20},{"not_picked":["Genetic Algorithm","FTL+1"],"picked":"Capacitor+1","floor":22}],"player_experience":35702,"relics_obtained":[{"floor":9,"key":"Frozen Egg 2"},{"floor":17,"key":"Peace Pipe"},{"floor":17,"key":"Pantograph"},{"floor":17,"key":"Oddly Smooth Stone"}],"event_choices":[{"event_name":"World of Goop","player_choice":"Gather Gold","floor":2,"damage_taken":0},{"event_name":"Dead Adventurer","player_choice":"Searched \u00272\u0027 times","floor":14,"damage_taken":0},{"event_name":"Back to Basics","player_choice":"Elegance","floor":21,"damage_taken":0}],"boss_relics":[{"not_picked":["Nuclear Battery","Inserter"],"picked":"Calling Bell"}],"items_purged_floors":[3,12,19],"is_endless":false,"potions_floor_spawned":[8,10,16,18,22],"killed_by":"Book of Stabbing","ascension_level":0}