{"gold_per_floor":[112,112,122,35,51,51,76,95,119,119,130,141,24,46,46,123,123,142,142,54,54,104,114,125,125,155,182,201,274,274,286,286,360,360,371,381,59,72,88,123,141,156,210,210,235,235,254,72,72,72,72,72,72,72,100,100],"floor_reached":56,"playtime":2732,"items_purged":["Strike_G","Defend_G","Defend_G"],"score":1902,"play_id":"4ef4777a-449e-4ca8-9c8b-68a4ed1319f2","local_time":"20190810143814","is_ascension_mode":true,"campfire_choices":[{"data":"Deadly Poison","floor":6.0,"key":"SMITH"},{"data":"Neutralize","floor":10.0,"key":"SMITH"},{"floor":15.0,"key":"REST"},{"data":"Adrenaline","floor":25.0,"key":"SMITH"},{"floor":30.0,"key":"REST"},{"floor":32.0,"key":"REST"},{"floor":49.0,"key":"RECALL"},{"data":"Backflip","floor":53.0,"key":"SMITH"}],"neow_cost":"NONE","seed_source_timestamp":0,"circlet_count":0,"master_deck":["AscendersBane","Defend_G+1","Defend_G","Defend_G","Survivor","Neutralize+1","Backflip+1","Noxious Fumes+1","Deadly Poison+1","Noxious Fumes+1","Adrenaline+1","Dagger Throw+1","Infinite Blades+1","Venomology+1","Well Laid Plans+1","Backflip+1"],"special_seed":0,"relics":["Ring of the Snake","NeowsBlessing","Frozen Egg 2","Whetstone","Odd Mushroom","Astrolabe","Tiny Chest","Calipers","Sundial","Busted Crown","TheAbacus","War Paint","PreservedInsect","Pen Nib"],"potions_floor_usage":[56,56],"damage_taken":[{"damage":0.0,"enemies":"Cultist","floor":1.0,"turns":1.0},{"damage":0.0,"enemies":"Small Slimes","floor":3.0,"turns":1.0},{"damage":0.0,"enemies":"2 Louse","floor":5.0,"turns":1.0},{"damage":30.0,"enemies":"Lagavulin","floor":7.0,"turns":8.0},{"damage":0.0,"enemies":"Looter","floor":8.0,"turns":4.0},{"damage":6.0,"enemies":"Red Slaver","floor":11.0,"turns":4.0},{"damage":8.0,"enemies":"Exordium Wildlife","floor":12.0,"turns":5.0},{"damage":7.0,"enemies":"The Mushroom Lair","floor":14.0,"turns":4.0},{"damage":21.0,"enemies":"Slime Boss","floor":16.0,"turns":8.0},{"damage":7.0,"enemies":"2 Thieves","floor":18.0,"turns":5.0},{"damage":0.0,"enemies":"Chosen","floor":23.0,"turns":4.0},{"damage":10.0,"enemies":"Shelled Parasite and Fungi","floor":24.0,"turns":9.0},{"damage":0.0,"enemies":"Gremlin Leader","floor":27.0,"turns":7.0},{"damage":17.0,"enemies":"Snake Plant","floor":28.0,"turns":8.0},{"damage":5.0,"enemies":"Snecko","floor":31.0,"turns":7.0},{"damage":41.0,"enemies":"Collector","floor":33.0,"turns":10.0},{"damage":5.0,"enemies":"3 Shapes","floor":35.0,"turns":5.0},{"damage":5.0,"enemies":"Orb Walker","floor":36.0,"turns":5.0},{"damage":0.0,"enemies":"Writhing Mass","floor":38.0,"turns":6.0},{"damage":34.0,"enemies":"Jaw Worm Horde","floor":39.0,"turns":5.0},{"damage":0.0,"enemies":"Giant Head","floor":40.0,"turns":7.0},{"damage":4.0,"enemies":"3 Darklings","floor":41.0,"turns":6.0},{"damage":0.0,"enemies":"Transient","floor":42.0,"turns":6.0},{"damage":0.0,"enemies":"4 Shapes","floor":47.0,"turns":5.0},{"damage":1.0,"enemies":"Awakened One","floor":50.0,"turns":13.0},{"damage":3.0,"enemies":"Donu and Deca","floor":51.0,"turns":11.0},{"damage":5.0,"enemies":"Shield and Spear","floor":55.0,"turns":8.0},{"damage":31,"enemies":"The Heart","floor":56,"turns":3}],"seed_played":"-5608168829612477260","potions_obtained":[{"floor":1.0,"key":"PowerPotion"},{"floor":7.0,"key":"LiquidBronze"},{"floor":8.0,"key":"SteroidPotion"},{"floor":16.0,"key":"Dexterity Potion"},{"floor":23.0,"key":"EssenceOfSteel"},{"floor":27.0,"key":"Poison Potion"},{"floor":39.0,"key":"Strength Potion"},{"floor":41.0,"key":"Swift Potion"},{"floor":55.0,"key":"Fire Potion"}],"is_trial":false,"path_per_floor":["M","T","M","$","M","R","E","M","T","R","M","M","$","?","R","B",null,"M","?","$","?","?","M","M","R","T","E","M","T","R","M","R","B",null,"M","M","$","M","M","E","M","M","T","?","T","?","M","$","R","B","B",null,"R","$","E","B"],"character_chosen":"THE_SILENT","items_purchased":["Noxious Fumes+1","Noxious Fumes+1","Well Laid Plans+1","TheAbacus","Swift Potion"],"campfire_rested":3,"item_purchase_floors":[4,13,20,37,48],"current_hp_per_floor":[59,59,59,59,59,59,29,29,29,29,23,15,15,8,27,6,51,44,44,44,44,44,44,34,34,34,34,17,17,36,31,50,9,52,61,56,56,56,22,22,18,18,18,18,18,54,54,54,54,53,50,53,53,53,48,17],"gold":100,"neow_bonus":"THREE_ENEMY_KILL","is_prod":false,"is_daily":false,"chose_seed":false,"campfire_upgraded":4,"win_rate":0,"timestamp":1565419094,"path_taken":["M","?","M","$","M","R","E","M","T","R","M","?","$","?","R","BOSS","M","?","$","?","?","?","M","R","T","E","M","?","R","M","R","BOSS","M","M","$","M","M","E","M","M","T","?","?","?","M","$","R","BOSS","BOSS","R","$","E","BOSS"],"build_version":"2019-07-17","purchased_purges":3,"victory":false,"max_hp_per_floor":[66,66,66,66,66,66,66,66,66,66,66,66,66,66,66,66,66,66,66,66,66,66,66,66,66,66,66,66,66,66,66,66,66,66,66,66,66,66,66,66,66,66,66,66,66,54,54,54,54,54,54,54,54,54,54,54],"card_choices":[{"not_picked":["Endless Agony","Dagger Spray"],"picked":"Backflip","floor":1.0},{"not_picked":["PiercingWail","Blade Dance","Prepared"],"picked":"SKIP","floor":3.0},{"not_picked":["Sucker Punch","Phantasmal Killer"],"picked":"Deadly Poison","floor":5.0},{"not_picked":["Bullet Time","Outmaneuver","Riddle With Holes"],"picked":"SKIP","floor":7.0},{"not_picked":["Dagger Throw","Prepared","All Out Attack"],"picked":"SKIP","floor":8.0},{"not_picked":["Dagger Throw","Prepared","All Out Attack"],"picked":"SKIP","floor":8.0},{"not_picked":["Setup","Acrobatics","Riddle With Holes"],"picked":"SKIP","floor":11.0},{"not_picked":["Acrobatics","Poisoned Stab","Slice"],"picked":"SKIP","floor":12.0},{"not_picked":["Malaise","Die Die Die"],"picked":"Adrenaline","floor":16.0},{"not_picked":["Blade Dance","Slice","Eviscerate"],"picked":"SKIP","floor":18.0},{"not_picked":["Expertise","Endless Agony","Infinite Blades+1"],"picked":"SKIP","floor":23.0},{"not_picked":["Expertise","Endless Agony","Infinite Blades+1"],"picked":"SKIP","floor":23.0},{"not_picked":["Backflip+1","Skewer","Heel Hook"],"picked":"SKIP","floor":24.0},{"not_picked":["Bane","Outmaneuver"],"picked":"Escape Plan","floor":27.0},{"not_picked":["Acrobatics","Cloak And Dagger","Dash"],"picked":"SKIP","floor":28.0},{"not_picked":["All Out Attack","Blade Dance"],"picked":"Backflip+1","floor":31.0},{"not_picked":["Bane"],"picked":"SKIP","floor":35.0},{"not_picked":["Cloak And Dagger+1"],"picked":"SKIP","floor":36.0},{"not_picked":["Bane"],"picked":"SKIP","floor":38.0},{"not_picked":["Outmaneuver"],"picked":"SKIP","floor":39.0},{"not_picked":["Underhanded Strike"],"picked":"SKIP","floor":40.0},{"not_picked":["Outmaneuver"],"picked":"SKIP","floor":41.0},{"not_picked":["Dagger Throw"],"picked":"SKIP","floor":42.0},{"not_picked":["Distraction"],"picked":"SKIP","floor":47.0},{"not_picked":["Dodge and Roll+1"],"picked":"SKIP","floor":55.0}],"player_experience":766765,"relics_obtained":[{"floor":2.0,"key":"Frozen Egg 2"},{"floor":9.0,"key":"Whetstone"},{"floor":14.0,"key":"Odd Mushroom"},{"floor":26.0,"key":"Tiny Chest"},{"floor":27.0,"key":"Calipers"},{"floor":29.0,"key":"Sundial"},{"floor":40.0,"key":"War Paint"},{"floor":45.0,"key":"PreservedInsect"},{"floor":55.0,"key":"Pen Nib"}],"event_choices":[{"damage_healed":0.0,"max_hp_gain":0.0,"max_hp_loss":0.0,"gold_gain":0.0,"event_name":"Mushrooms","player_choice":"Fought Mushrooms","floor":14.0,"gold_loss":0.0,"damage_taken":0.0},{"cards_removed":["Strike_G"],"damage_healed":0.0,"max_hp_gain":0.0,"max_hp_loss":0.0,"gold_gain":0.0,"event_name":"Back to Basics","player_choice":"Elegance","floor":19.0,"gold_loss":0.0,"damage_taken":0.0},{"damage_healed":0.0,"max_hp_gain":0.0,"max_hp_loss":0.0,"gold_gain":0.0,"event_name":"Cursed Tome","player_choice":"Ignored","floor":21.0,"gold_loss":0.0,"damage_taken":0.0},{"damage_healed":0.0,"max_hp_gain":0.0,"max_hp_loss":0.0,"gold_gain":50.0,"event_name":"Golden Shrine","player_choice":"Pray","floor":22.0,"gold_loss":0.0,"damage_taken":0.0},{"cards_removed":["Escape Plan"],"damage_healed":0.0,"max_hp_gain":0.0,"max_hp_loss":0.0,"gold_gain":0.0,"event_name":"Falling","player_choice":"Removed Skill","floor":44.0,"gold_loss":0.0,"damage_taken":0.0},{"damage_healed":54.0,"max_hp_gain":0.0,"max_hp_loss":12.0,"gold_gain":0.0,"event_name":"The Moai Head","player_choice":"Heal","floor":46.0,"gold_loss":0.0,"damage_taken":0.0}],"is_beta":false,"boss_relics":[{"not_picked":["Runic Dome","Snecko Eye"],"picked":"Astrolabe"},{"not_picked":["Tiny House","Black Star"],"picked":"Busted Crown"}],"items_purged_floors":[13,37,48],"is_endless":false,"potions_floor_spawned":[1,7,8,11,16,18,23,27,39,40,41,55],"killed_by":"The Heart","ascension_level":20}