{"gold_per_floor":[111,56,206,88,88,116,132,132,155,181,181,198,254,266,266,343,343,357,357,373,390,390,390,390,305,328,354,354,367,379,379,379,379],"floor_reached":33,"playtime":2383,"items_purged":["Doubt"],"score":585,"play_id":"049cfeb3-d695-4c4d-bb3b-50e9b7900c0a","local_time":"20181026160303","is_ascension_mode":true,"campfire_choices":[{"floor":8,"key":"REST"},{"data":"Beam Cell","floor":11,"key":"SMITH"},{"floor":15,"key":"REST"},{"data":"Ghostly","floor":23,"key":"SMITH"},{"data":"Ghostly","floor":28,"key":"SMITH"},{"floor":32,"key":"REST"}],"neow_cost":"NONE","seed_source_timestamp":1444928870139175,"circlet_count":0,"master_deck":["Strike_B","Strike_B+1","Strike_B+1","Defend_B","Defend_B+1","Defend_B","Defend_B","Zap","Dualcast+1","AscendersBane","Hyperbeam+1","Hologram","Glacier","Beam Cell+1","Defragment","Conserve Battery","Compile Driver","Reinforced Body","Skim","Echo Form","Ghostly+1","Ghostly","Ghostly+1","Hologram","Defragment","Clumsy","Fission","Streamline+1"],"relics":["Cracked Core","Art of War","Matryoshka","Vajra","Whetstone","Smiling Mask","Tiny Chest","Cursed Key","Ancient Tea Set","War Paint","Dream Catcher","Boot"],"potions_floor_usage":[24,27,33],"damage_taken":[{"damage":0,"enemies":"Small Slimes","floor":1,"turns":1},{"damage":32,"enemies":"Gremlin Nob","floor":6,"turns":4},{"damage":0,"enemies":"Cultist","floor":7,"turns":3},{"damage":0,"enemies":"3 Sentries","floor":10,"turns":4},{"damage":0,"enemies":"2 Louse","floor":12,"turns":2},{"damage":8,"enemies":"Gremlin Nob","floor":13,"turns":3},{"damage":9,"enemies":"Large Slime","floor":14,"turns":6},{"damage":23,"enemies":"Slime Boss","floor":16,"turns":6},{"damage":8,"enemies":"2 Thieves","floor":18,"turns":4},{"damage":1,"enemies":"Shell Parasite","floor":20,"turns":3},{"damage":0,"enemies":"Snecko","floor":21,"turns":5},{"damage":6,"enemies":"Gremlin Leader","floor":27,"turns":7},{"damage":25,"enemies":"Cultist and Chosen","floor":29,"turns":6},{"damage":1,"enemies":"Sentry and Sphere","floor":30,"turns":5},{"damage":28,"enemies":"Automaton","floor":33,"turns":10}],"seed_played":"-3015133440945809414","potions_obtained":[{"floor":6,"key":"AttackPotion"},{"floor":7,"key":"Energy Potion"},{"floor":24,"key":"Fruit Juice"},{"floor":24,"key":"Dexterity Potion"},{"floor":29,"key":"SteroidPotion"}],"is_trial":false,"path_per_floor":["M","?","?","$","?","E","M","R","T","E","R","M","E","M","R","B",null,"M","?","M","M","?","R","?","?","T","E","R","M","M","T","R"],"character_chosen":"DEFECT","items_purchased":["Glacier"],"campfire_rested":3,"item_purchase_floors":[4],"current_hp_per_floor":[64,64,64,64,64,32,32,53,53,53,53,53,45,36,57,34,62,54,35,34,34,34,34,39,39,39,33,33,8,7,7,19,0],"gold":379,"neow_bonus":"TRANSFORM_CARD","is_prod":false,"is_daily":false,"chose_seed":false,"campfire_upgraded":3,"win_rate":0,"timestamp":1540584183,"path_taken":["M","?","?","$","?","E","M","R","T","E","R","M","E","M","R","BOSS","M","?","?","M","?","R","?","?","T","E","R","M","M","?","R","BOSS"],"build_version":"2018-10-25v2","purchased_purges":1,"victory":false,"max_hp_per_floor":[71,71,71,71,71,71,71,71,71,71,71,71,71,71,71,71,71,71,35,35,35,35,35,40,40,40,40,40,40,40,40,40,40],"card_choices":[{"not_picked":["Gash","Rebound"],"picked":"Hologram","floor":1},{"not_picked":["Recycle","Turbo"],"picked":"Beam Cell","floor":6},{"not_picked":["Melter","Glacier"],"picked":"Defragment","floor":7},{"not_picked":["Double Energy","Compile Driver"],"picked":"Conserve Battery","floor":10},{"not_picked":["Scrape","Buffer"],"picked":"Compile Driver","floor":12},{"not_picked":["Barrage","Gash"],"picked":"Reinforced Body","floor":13},{"not_picked":["Barrage","Turbo"],"picked":"Skim","floor":14},{"not_picked":["Electrodynamics","Meteor Strike"],"picked":"Echo Form","floor":16},{"not_picked":["Turbo","Gash+1","Static Discharge"],"picked":"SKIP","floor":18},{"not_picked":["Melter","Conserve Battery"],"picked":"Hologram","floor":20},{"not_picked":["Compile Driver","Stack"],"picked":"Defragment","floor":21},{"not_picked":["Conserve Battery","Recycle"],"picked":"Fission","floor":27},{"not_picked":["Self Repair","Go for the Eyes","Coolheaded"],"picked":"SKIP","floor":29},{"not_picked":["Self Repair","Go for the Eyes","Coolheaded"],"picked":"SKIP","floor":29},{"not_picked":["Aggregate","Auto Shields","Ball Lightning"],"picked":"SKIP","floor":30},{"not_picked":["Blizzard","Beam Cell"],"picked":"Streamline+1","floor":32}],"player_experience":616208,"relics_obtained":[{"floor":6,"key":"Matryoshka"},{"floor":9,"key":"Vajra"},{"floor":9,"key":"Whetstone"},{"floor":10,"key":"Smiling Mask"},{"floor":13,"key":"Tiny Chest"},{"floor":26,"key":"War Paint"},{"floor":26,"key":"Dream Catcher"},{"floor":27,"key":"Boot"}],"event_choices":[{"damage_healed":0,"gold_gain":0,"player_choice":"Paid Gold","damage_taken":0,"relics_obtained":["Art of War"],"max_hp_gain":0,"max_hp_loss":0,"event_name":"WeMeetAgain","floor":2,"gold_loss":55},{"damage_healed":0,"gold_gain":150,"player_choice":"AGREE","damage_taken":0,"max_hp_gain":0,"max_hp_loss":0,"event_name":"Liars Game","floor":3,"gold_loss":0,"cards_obtained":["Doubt"]},{"damage_healed":0,"gold_gain":0,"player_choice":"Grow","damage_taken":0,"max_hp_gain":0,"max_hp_loss":0,"event_name":"Living Wall","floor":5,"gold_loss":0,"cards_upgraded":["Hyperbeam"]},{"damage_healed":0,"gold_gain":0,"player_choice":"Became a Ghost","damage_taken":0,"max_hp_gain":0,"max_hp_loss":36,"event_name":"Ghosts","floor":19,"gold_loss":0,"cards_obtained":["Ghostly","Ghostly","Ghostly"]},{"damage_healed":0,"gold_gain":0,"player_choice":"Ignored","damage_taken":0,"max_hp_gain":0,"max_hp_loss":0,"event_name":"Vampires","floor":22,"gold_loss":0},{"damage_healed":0,"gold_gain":0,"player_choice":"Got Potions","damage_taken":0,"max_hp_gain":0,"max_hp_loss":0,"event_name":"The Lab","floor":24,"gold_loss":0},{"damage_healed":0,"gold_gain":0,"player_choice":"Obtained Relic","damage_taken":0,"relics_obtained":["Ancient Tea Set"],"max_hp_gain":0,"max_hp_loss":0,"event_name":"Addict","floor":25,"gold_loss":85}],"is_beta":false,"boss_relics":[{"not_picked":["Astrolabe","FrozenCore"],"picked":"Cursed Key"}],"items_purged_floors":[4],"is_endless":false,"potions_floor_spawned":[6,7,16,29,30],"killed_by":"Automaton","ascension_level":18}