{"gold_per_floor":[111,111,27,45,63,63,79,79,79,4,25,25,60,76,76,166,166,184,234,253,253,36,36,76,76,127,148,166,206,219,219,219,313,313,332,332,357,690,690,717,717,717],"floor_reached":42,"playtime":2039,"items_purged":["Strike_G"],"score":1057,"play_id":"77e76c02-a227-4082-b54a-7de561a2a1a8","local_time":"20190816191907","is_ascension_mode":true,"campfire_choices":[{"data":"Choke","floor":6.0,"key":"SMITH"},{"data":"Blade Dance","floor":8.0,"key":"SMITH"},{"data":"Acrobatics","floor":12.0,"key":"SMITH"},{"data":"Calculated Gamble","floor":15.0,"key":"SMITH"},{"data":"Well Laid Plans","floor":23.0,"key":"SMITH"},{"floor":25.0,"key":"REST"},{"data":"Neutralize","floor":32.0,"key":"SMITH"},{"floor":41,"key":"RECALL"}],"neow_cost":"NONE","seed_source_timestamp":0,"circlet_count":0,"master_deck":["AscendersBane","Strike_G","Defend_G","Defend_G","Defend_G","Defend_G","Defend_G","Survivor","Neutralize+1","Backflip","Acrobatics+1","Corpse Explosion","Calculated Gamble+1","Burst+1","Dagger Throw+1","After Image+1","Flechettes+1","Well Laid Plans+1","Tools of the Trade+1"],"special_seed":0,"relics":["Ring of the Snake","NeowsBlessing","Tough Bandages","Smiling Mask","Astrolabe","TheAbacus","Potion Belt","Bag of Marbles","Frozen Egg 2","Empty Cage","Boot"],"potions_floor_usage":[40,40],"damage_taken":[{"damage":0.0,"enemies":"Small Slimes","floor":1.0,"turns":1.0},{"damage":0.0,"enemies":"Cultist","floor":4.0,"turns":1.0},{"damage":0.0,"enemies":"Jaw Worm","floor":5.0,"turns":1.0},{"damage":0.0,"enemies":"3 Louse","floor":7.0,"turns":4.0},{"damage":0.0,"enemies":"Red Slaver","floor":11.0,"turns":6.0},{"damage":22.0,"enemies":"3 Sentries","floor":13.0,"turns":7.0},{"damage":3.0,"enemies":"Large Slime","floor":14.0,"turns":4.0},{"damage":18.0,"enemies":"Slime Boss","floor":16.0,"turns":9.0},{"damage":4.0,"enemies":"3 Byrds","floor":18.0,"turns":3.0},{"damage":2.0,"enemies":"2 Thieves","floor":20.0,"turns":3.0},{"damage":27.0,"enemies":"Slavers","floor":24.0,"turns":7.0},{"damage":11.0,"enemies":"Chosen and Byrds","floor":27.0,"turns":6.0},{"damage":6.0,"enemies":"3 Cultists","floor":28.0,"turns":3.0},{"damage":1.0,"enemies":"Book of Stabbing","floor":29.0,"turns":8.0},{"damage":2.0,"enemies":"Snecko","floor":30.0,"turns":8.0},{"damage":0.0,"enemies":"Champ","floor":33.0,"turns":22.0},{"damage":3.0,"enemies":"3 Shapes","floor":35.0,"turns":3.0},{"damage":0.0,"enemies":"3 Darklings","floor":37.0,"turns":4.0},{"damage":6,"enemies":"Reptomancer","floor":40,"turns":10},{"damage":23,"enemies":"Nemesis","floor":42,"turns":14}],"seed_played":"6508364377981965151","potions_obtained":[{"floor":7.0,"key":"AttackPotion"},{"floor":11.0,"key":"SneckoOil"},{"floor":13.0,"key":"SteroidPotion"},{"floor":18.0,"key":"Block Potion"},{"floor":28.0,"key":"Ancient Potion"},{"floor":29.0,"key":"Energy Potion"},{"floor":33.0,"key":"Ancient Potion"},{"floor":35.0,"key":"Fire Potion"},{"floor":37.0,"key":"GamblersBrew"}],"is_trial":false,"path_per_floor":["M","?","?","M","M","R","M","R","T","$","M","R","E","M","R","B",null,"M","?","M","?","$","R","E","R","T","M","M","E","M","?","R","B",null,"M","?","M","?","?","E","R","E"],"character_chosen":"THE_SILENT","items_purchased":["TheAbacus"],"campfire_rested":1,"item_purchase_floors":[22],"current_hp_per_floor":[59,59,59,59,59,59,59,59,59,59,59,59,37,34,34,16,49,45,45,43,43,43,43,16,34,34,23,17,16,14,14,14,14,49,46,46,46,46,46,40,40,17],"gold":717,"neow_bonus":"THREE_ENEMY_KILL","is_prod":false,"is_daily":false,"chose_seed":false,"campfire_upgraded":6,"win_rate":0,"timestamp":1565954347,"path_taken":["M","?","?","M","M","R","?","R","T","?","M","R","E","?","R","BOSS","M","?","M","?","$","R","E","R","T","M","?","E","M","?","R","BOSS","M","?","M","?","?","E","R","E"],"build_version":"2019-07-17","purchased_purges":1,"victory":false,"max_hp_per_floor":[66,60,60,60,60,60,60,60,60,60,60,60,60,60,60,60,60,60,60,60,60,60,60,60,60,60,60,60,60,60,60,60,60,60,60,60,60,60,57,57,57,57],"card_choices":[{"not_picked":["Cloak And Dagger","Outmaneuver","Leg Sweep"],"picked":"SKIP","floor":1.0},{"not_picked":["Terror","Distraction"],"picked":"Backflip","floor":4.0},{"not_picked":["PiercingWail","Poisoned Stab"],"picked":"Choke","floor":5.0},{"not_picked":["Underhanded Strike","Outmaneuver"],"picked":"Blade Dance","floor":7.0},{"not_picked":["Heel Hook","Catalyst"],"picked":"Acrobatics","floor":11.0},{"not_picked":["Cloak And Dagger","Concentrate"],"picked":"Corpse Explosion","floor":13.0},{"not_picked":["Underhanded Strike","Slice"],"picked":"Calculated Gamble","floor":14.0},{"not_picked":["Corpse Explosion","A Thousand Cuts"],"picked":"Burst","floor":16.0},{"not_picked":["Distraction","Predator","Dagger Spray"],"picked":"SKIP","floor":18.0},{"not_picked":["Riddle With Holes","Bane"],"picked":"Well Laid Plans","floor":20.0},{"not_picked":["Choke","Dagger Throw+1","Dodge and Roll"],"picked":"SKIP","floor":24.0},{"not_picked":["Setup","Infinite Blades","Leg Sweep"],"picked":"SKIP","floor":27.0},{"not_picked":["Backflip","Riddle With Holes","PiercingWail+1"],"picked":"SKIP","floor":28.0},{"not_picked":["Riddle With Holes","Poisoned Stab+1","Dagger Throw"],"picked":"SKIP","floor":29.0},{"not_picked":["Bane+1","Deflect","Night Terror"],"picked":"SKIP","floor":30.0},{"not_picked":["Bane+1","Deflect","Night Terror"],"picked":"SKIP","floor":30.0},{"not_picked":["Die Die Die","A Thousand Cuts+1"],"picked":"Tools of the Trade+1","floor":33.0},{"not_picked":["Dagger Spray+1","Underhanded Strike","Leg Sweep"],"picked":"SKIP","floor":35.0},{"not_picked":["Outmaneuver","Quick Slash","Poisoned Stab+1"],"picked":"SKIP","floor":37.0},{"not_picked":["Quick Slash+1","Blade Dance+1","Underhanded Strike"],"picked":"SKIP","floor":40}],"player_experience":809313,"relics_obtained":[{"floor":13.0,"key":"Smiling Mask"},{"floor":24.0,"key":"Potion Belt"},{"floor":26.0,"key":"Bag of Marbles"},{"floor":29.0,"key":"Frozen Egg 2"},{"floor":40,"key":"Boot"}],"event_choices":[{"damage_healed":0.0,"max_hp_gain":0.0,"max_hp_loss":6.0,"gold_gain":0.0,"event_name":"Golden Idol","player_choice":"Lose Max HP","floor":2.0,"gold_loss":0.0,"damage_taken":0.0,"relics_obtained":["Golden Idol"]},{"damage_healed":0.0,"max_hp_gain":0.0,"max_hp_loss":0.0,"gold_gain":0.0,"event_name":"WeMeetAgain","player_choice":"Paid Gold","floor":3.0,"gold_loss":84.0,"damage_taken":0.0,"relics_obtained":["Tough Bandages"]},{"damage_healed":0.0,"max_hp_gain":0.0,"max_hp_loss":0.0,"gold_gain":50.0,"event_name":"Nest","player_choice":"Stole From Cult","floor":19.0,"gold_loss":0.0,"damage_taken":0.0},{"damage_healed":0.0,"max_hp_gain":0.0,"max_hp_loss":0.0,"gold_gain":0.0,"event_name":"Upgrade Shrine","player_choice":"Upgraded","floor":21.0,"gold_loss":0.0,"damage_taken":0.0,"cards_upgraded":["Burst"]},{"damage_healed":0.0,"max_hp_gain":0.0,"max_hp_loss":0.0,"gold_gain":0.0,"event_name":"The Mausoleum","player_choice":"Ignored","floor":31.0,"gold_loss":0.0,"damage_taken":0.0},{"damage_healed":0.0,"max_hp_gain":0.0,"max_hp_loss":0.0,"gold_gain":0.0,"event_name":"Mysterious Sphere","player_choice":"Ignored","floor":36.0,"gold_loss":0.0,"damage_taken":0.0},{"damage_healed":0.0,"max_hp_gain":0.0,"max_hp_loss":0.0,"gold_gain":333.0,"event_name":"The Moai Head","player_choice":"Gave Idol","floor":38.0,"relics_lost":["Golden Idol"],"gold_loss":0.0,"damage_taken":0.0},{"damage_healed":0.0,"max_hp_gain":0.0,"max_hp_loss":3.0,"gold_gain":0.0,"event_name":"Winding Halls","player_choice":"Max HP","floor":39.0,"gold_loss":0.0,"damage_taken":0.0}],"is_beta":false,"boss_relics":[{"not_picked":["Snecko Eye","Coffee Dripper"],"picked":"Astrolabe"},{"not_picked":["Cursed Key","Fusion Hammer"],"picked":"Empty Cage"}],"items_purged_floors":[10],"is_endless":false,"potions_floor_spawned":[7,11,13,18,28,29,33,35,37],"killed_by":"Nemesis","ascension_level":20}