{"gold_per_floor":[115,130,104,116,131,94,121,121,121,121,155,174,200,275,275,374,374,394,309,309,167,184,184,209,209,209,227,243,243,58,73,73,173,173,184,184,62,73,92,92,119,119,146,146,8,23,23,41,41,41],"floor_reached":51,"playtime":4379,"items_purged":["Strike_B"],"score":1056,"play_id":"9919cae1-593d-488c-a743-a19c67df2cd2","local_time":"20181001234715","is_ascension_mode":true,"campfire_choices":[{"data":"Streamline","floor":8,"key":"SMITH"},{"floor":10,"key":"REST"},{"floor":15,"key":"REST"},{"data":"Seek","floor":23,"key":"SMITH"},{"floor":25,"key":"REST"},{"floor":32,"key":"REST"},{"floor":40,"key":"REST"},{"data":"Defragment","floor":49,"key":"SMITH"}],"neow_cost":"NONE","seed_source_timestamp":40674537327738,"circlet_count":0,"master_deck":["Defend_B","Defend_B","Defend_B","Defend_B","Zap+1","Dualcast","AscendersBane","Streamline+1","Ball Lightning","Leap","Seek+1","FTL","Conserve Battery","FTL","Cold Snap","Compile Driver","Core Surge","Recycle+1","Chill","Self Repair+1","Hologram","Steam","Defragment+1","Coolheaded","Echo Form","Fission+1","Rebound+1","Streamline+1","Madness","Madness","Hologram","Auto Shields+1","Creative AI","Ball Lightning+1","Discovery"],"special_seed":0,"relics":["Cracked Core","Blue Candle","Ornamental Fan","Letter Opener","Art of War","Runic Dome","Bag of Marbles","MutagenicStrength","Bottled Flame","Sundial","Dodecahedron","Happy Flower","Astrolabe","Mummified Hand","Omamori"],"potions_floor_usage":[12,13,16,24,31,33,41,41,50,50],"damage_taken":[{"damage":1,"enemies":"Cultist","floor":1,"turns":4},{"damage":3,"enemies":"Small Slimes","floor":2,"turns":3},{"damage":0,"enemies":"2 Louse","floor":4,"turns":2},{"damage":6,"enemies":"Looter","floor":5,"turns":2},{"damage":12,"enemies":"3 Sentries","floor":7,"turns":6},{"damage":28,"enemies":"Lagavulin","floor":11,"turns":5},{"damage":2,"enemies":"Exordium Wildlife","floor":12,"turns":3},{"damage":3,"enemies":"3 Sentries","floor":13,"turns":3},{"damage":31,"enemies":"Hexaghost","floor":16,"turns":10},{"damage":11,"enemies":"Shell Parasite","floor":18,"turns":4},{"damage":0,"enemies":"3 Byrds","floor":22,"turns":3},{"damage":13,"enemies":"Book of Stabbing","floor":24,"turns":4},{"damage":23,"enemies":"Shelled Parasite and Fungi","floor":27,"turns":4},{"damage":18,"enemies":"Snecko","floor":28,"turns":4},{"damage":8,"enemies":"Sentry and Sphere","floor":31,"turns":4},{"damage":33,"enemies":"Automaton","floor":33,"turns":8},{"damage":16,"enemies":"3 Shapes","floor":35,"turns":4},{"damage":12,"enemies":"Orb Walker","floor":38,"turns":2},{"damage":17,"enemies":"Reptomancer","floor":39,"turns":6},{"damage":24,"enemies":"2 Orb Walkers","floor":41,"turns":5},{"damage":19,"enemies":"Sphere and 2 Shapes","floor":46,"turns":4},{"damage":20,"enemies":"Spire Growth","floor":48,"turns":5},{"damage":53,"enemies":"Awakened One","floor":50,"turns":17}],"seed_played":"6758928276400888160","potions_obtained":[{"floor":7,"key":"FairyPotion"},{"floor":11,"key":"Fire Potion"},{"floor":12,"key":"PowerPotion"},{"floor":13,"key":"Dexterity Potion"},{"floor":18,"key":"SteroidPotion"},{"floor":22,"key":"Swift Potion"},{"floor":27,"key":"PowerPotion"},{"floor":38,"key":"Block Potion"},{"floor":41,"key":"Dexterity Potion"}],"is_trial":false,"path_per_floor":["M","M","$","M","M","$","E","R","T","R","E","M","E","?","R","B",null,"M","?","?","$","M","R","E","R","T","M","M","T","$","M","R","B",null,"M","?","$","M","M","R","E","?","T","?","$","M","?","M","R","B"],"character_chosen":"DEFECT","items_purchased":["Ball Lightning","FTL","Chill","Defragment","Happy Flower","Cold Snap","Hologram","SteroidPotion","SpeedPotion","Discovery"],"campfire_rested":5,"item_purchase_floors":[3,6,21,30,30,37,37,37,45,45],"current_hp_per_floor":[67,64,64,64,58,58,46,46,46,68,40,38,35,24,46,15,60,49,49,49,49,49,49,46,68,68,55,47,47,47,49,71,48,68,52,43,43,31,24,46,42,42,42,42,42,23,75,65,65,22],"gold":41,"neow_bonus":"UPGRADE_CARD","is_prod":false,"is_daily":false,"chose_seed":false,"campfire_upgraded":3,"win_rate":0,"timestamp":1538452035,"path_taken":["M","M","?","M","M","$","E","R","T","R","E","M","E","?","R","BOSS","M","?","?","?","M","R","E","R","T","M","?","?","?","M","R","BOSS","M","?","$","M","M","R","E","?","T","?","$","M","?","M","R","BOSS"],"build_version":"2018-09-27","purchased_purges":1,"victory":true,"max_hp_per_floor":[75,75,75,75,75,75,75,75,75,75,75,75,75,75,75,75,75,75,75,75,75,75,75,75,75,75,75,75,75,75,75,75,75,75,75,75,75,75,75,75,75,75,75,75,75,75,75,75,75,75],"card_choices":[{"not_picked":["Barrage","Force Field"],"picked":"Streamline","floor":1},{"not_picked":["Barrage","Heatsinks","Redo"],"picked":"SKIP","floor":2},{"not_picked":["Streamline","Tempest"],"picked":"Leap","floor":4},{"not_picked":["White Noise","Sweeping Beam"],"picked":"Seek","floor":5},{"not_picked":["Redo","Turbo"],"picked":"Conserve Battery","floor":7},{"not_picked":["Skim","Multi-Cast"],"picked":"FTL","floor":11},{"not_picked":["Rebound","Chaos"],"picked":"Cold Snap","floor":12},{"not_picked":["Lockon","Ball Lightning"],"picked":"Compile Driver","floor":13},{"not_picked":["Biased Cognition","All For One"],"picked":"Core Surge","floor":16},{"not_picked":["Genetic Algorithm","Rebound"],"picked":"Recycle+1","floor":18},{"not_picked":["Undo","Coolheaded"],"picked":"Self Repair+1","floor":22},{"not_picked":["Heatsinks+1","Compile Driver"],"picked":"Hologram","floor":24},{"not_picked":["Go for the Eyes","Self Repair+1"],"picked":"Steam","floor":27},{"not_picked":["Double Energy","Leap","Tempest"],"picked":"SKIP","floor":28},{"not_picked":["Darkness","Leap"],"picked":"Coolheaded","floor":31},{"not_picked":["Fission","Creative AI"],"picked":"Echo Form","floor":33},{"not_picked":["Redo+1","Beam Cell","Gash+1"],"picked":"SKIP","floor":35},{"not_picked":["Turbo","Streamline+1"],"picked":"Auto Shields+1","floor":38},{"not_picked":["Stack","Heatsinks+1"],"picked":"Creative AI","floor":39},{"not_picked":["Redo","Heatsinks"],"picked":"Ball Lightning+1","floor":41},{"not_picked":["Sweeping Beam","Stack+1","Redo"],"picked":"SKIP","floor":46},{"not_picked":["Rebound","Redo","Barrage"],"picked":"SKIP","floor":48}],"player_experience":452600,"relics_obtained":[{"floor":7,"key":"Blue Candle"},{"floor":9,"key":"Ornamental Fan"},{"floor":11,"key":"Letter Opener"},{"floor":13,"key":"Art of War"},{"floor":24,"key":"Bottled Flame"},{"floor":26,"key":"Sundial"},{"floor":29,"key":"Dodecahedron"},{"floor":41,"key":"Mummified Hand"},{"floor":43,"key":"Omamori"}],"event_choices":[{"event_name":"World of Goop","player_choice":"Gather Gold","floor":14,"damage_taken":0},{"event_name":"Addict","player_choice":"Obtained Relic","floor":19,"damage_taken":0},{"event_name":"Drug Dealer","player_choice":"Inject Mutagens","floor":20,"damage_taken":0},{"event_name":"Winding Halls","player_choice":"Embrace Madness","floor":36,"damage_taken":0},{"event_name":"Falling","player_choice":"Removed Attack","floor":42,"damage_taken":0},{"event_name":"Mysterious Sphere","player_choice":"Ignore","floor":44,"damage_taken":0},{"event_name":"MindBloom","player_choice":"Heal","floor":47,"damage_taken":0}],"is_beta":false,"boss_relics":[{"not_picked":["Philosopher\u0027s Stone","Coffee Dripper"],"picked":"Runic Dome"},{"not_picked":["Velvet Choker","Black Star"],"picked":"Astrolabe"}],"items_purged_floors":[21],"is_endless":false,"potions_floor_spawned":[7,11,12,13,18,22,27,38,39,41,46],"ascension_level":11}