{"gold_per_floor":[110,36,50,50,50,50,50,79,79,96,96,112,112,132,132,235,235,175,120,139,139,153,153,153,164,189,189,208,208,221,149,149,246,246,261,261,261,277,291,291,291],"floor_reached":41,"playtime":3043,"items_purged":[],"score":645,"play_id":"1e367825-30dc-4533-94ee-10be9fdecc3d","local_time":"20180928194333","is_ascension_mode":true,"campfire_choices":[{"data":"Zap","floor":7.0,"key":"SMITH"},{"data":"Hologram","floor":11.0,"key":"SMITH"},{"data":"Coolheaded","floor":13.0,"key":"SMITH"},{"data":"Coolheaded","floor":15.0,"key":"SMITH"},{"data":"Hologram","floor":23,"key":"SMITH"},{"data":"Biased Cognition","floor":27,"key":"SMITH"},{"data":"Loop","floor":29,"key":"SMITH"},{"floor":32,"key":"REST"},{"floor":40,"key":"REST"}],"neow_cost":"NONE","seed_source_timestamp":0,"circlet_count":0,"master_deck":["Strike_B","Strike_B","Strike_B","Strike_B","Defend_B","Defend_B","Defend_B","Defend_B","Zap+1","Dualcast","AscendersBane","Conserve Battery","Defragment+1","Coolheaded+1","Hologram+1","Coolheaded+1","Seek","Buffer","Hologram+1","Redo+1","Biased Cognition+1","Loop+1","Ball Lightning+1","Capacitor","Amplify","Redo+1","Conserve Battery+1","Steam+1"],"special_seed":0,"relics":["Cracked Core","DataDisk","Bottled Flame","White Beast Statue","Tiny Chest","Nloth\u0027s Gift","StoneCalendar","Ancient Tea Set","Eternal Feather","The Courier"],"potions_floor_usage":[18,22,25,28,30,33,39],"damage_taken":[{"damage":0.0,"enemies":"Cultist","floor":1.0,"turns":1.0},{"damage":0.0,"enemies":"Jaw Worm","floor":3.0,"turns":1.0},{"damage":0.0,"enemies":"3 Sentries","floor":8.0,"turns":1.0},{"damage":0.0,"enemies":"Small Slimes","floor":10.0,"turns":2.0},{"damage":2.0,"enemies":"Red Slaver","floor":12.0,"turns":3.0},{"damage":0.0,"enemies":"3 Louse","floor":14.0,"turns":4.0},{"damage":39.0,"enemies":"Hexaghost","floor":16.0,"turns":12.0},{"damage":3,"enemies":"2 Thieves","floor":18,"turns":4},{"damage":0,"enemies":"Spheric Guardian","floor":20,"turns":6},{"damage":8,"enemies":"Snecko","floor":22,"turns":5},{"damage":13,"enemies":"Snake Plant","floor":25,"turns":6},{"damage":14,"enemies":"Shelled Parasite and Fungi","floor":28,"turns":6},{"damage":27,"enemies":"3 Cultists","floor":30,"turns":5},{"damage":25,"enemies":"Collector","floor":33,"turns":10},{"damage":37,"enemies":"3 Darklings","floor":35,"turns":7},{"damage":11,"enemies":"3 Shapes","floor":38,"turns":7},{"damage":59,"enemies":"Maw","floor":39,"turns":7},{"damage":51,"enemies":"2 Orb Walkers","floor":41,"turns":3}],"seed_played":"-1524908434015233481","potions_obtained":[{"floor":8.0,"key":"EssenceOfSteel"},{"floor":10.0,"key":"EssenceOfSteel"},{"floor":16.0,"key":"Regen Potion"},{"floor":18,"key":"Fire Potion"},{"floor":20,"key":"PowerPotion"},{"floor":22,"key":"Regen Potion"},{"floor":25,"key":"Energy Potion"},{"floor":28,"key":"FearPotion"},{"floor":30,"key":"Weak Potion"},{"floor":33,"key":"Dexterity Potion"},{"floor":35,"key":"FairyPotion"},{"floor":39,"key":"Energy Potion"}],"is_trial":false,"path_per_floor":["M","$","M","?","$","?","R","E","T","M","R","M","R","M","R","B",null,"M","?","M","?","M","R","T","M","T","R","M","R","M","$","R","B",null,"M","?","T","M","M","R"],"character_chosen":"DEFECT","items_purchased":["Defragment","Capacitor"],"campfire_rested":2,"item_purchase_floors":[2,31],"current_hp_per_floor":[68,68,68,73,73,73,73,73,73,73,73,71,71,71,71,32,68,65,65,65,65,71,71,71,73,73,73,66,66,39,39,63,38,70,33,70,70,59,7,43,0],"gold":291,"neow_bonus":"THREE_ENEMY_KILL","is_prod":false,"is_daily":false,"chose_seed":false,"campfire_upgraded":7,"win_rate":0,"timestamp":1538178213,"path_taken":["M","?","?","?","?","?","R","E","T","M","R","M","R","M","R","BOSS","M","?","M","?","M","R","?","M","T","R","?","R","M","$","R","BOSS","M","?","?","M","M","R","E"],"build_version":"2018-09-27","purchased_purges":0,"victory":false,"max_hp_per_floor":[75,75,75,80,80,80,80,80,80,80,80,80,80,80,80,80,80,80,80,80,80,80,80,80,80,80,80,80,80,80,80,80,80,80,80,70,70,70,70,70,70],"card_choices":[{"not_picked":["Barrage","Leap"],"picked":"Conserve Battery","floor":1.0},{"not_picked":["Steam","Doom and Gloom"],"picked":"Coolheaded","floor":3.0},{"not_picked":["Blizzard","Force Field","Melter"],"picked":"SKIP","floor":8.0},{"not_picked":["Rebound","Doom and Gloom"],"picked":"Hologram","floor":10.0},{"not_picked":["Steam","Streamline"],"picked":"Coolheaded","floor":12.0},{"not_picked":["Go for the Eyes","Chill"],"picked":"Seek","floor":14.0},{"not_picked":["Meteor Strike","All For One"],"picked":"Buffer","floor":16.0},{"not_picked":["Streamline","Doom and Gloom"],"picked":"Hologram","floor":18},{"not_picked":["Conserve Battery","Stack+1","Rebound"],"picked":"SKIP","floor":20},{"not_picked":["Compile Driver","Barrage"],"picked":"Redo+1","floor":22},{"not_picked":["Blizzard","Stack"],"picked":"Biased Cognition","floor":25},{"not_picked":["Ball Lightning","Consume"],"picked":"Loop","floor":28},{"not_picked":["Static Discharge","Buffer"],"picked":"Ball Lightning+1","floor":30},{"not_picked":["Rainbow","Reboot"],"picked":"Amplify","floor":33},{"not_picked":["Undo+1","Skim+1"],"picked":"Redo+1","floor":35},{"not_picked":["Go for the Eyes","Turbo"],"picked":"Conserve Battery+1","floor":38},{"not_picked":["Lockon","Reinforced Body"],"picked":"Steam+1","floor":39}],"player_experience":435202,"relics_obtained":[{"floor":8.0,"key":"DataDisk"},{"floor":9.0,"key":"Bottled Flame"},{"floor":24,"key":"StoneCalendar"},{"floor":26,"key":"Ancient Tea Set"},{"floor":37,"key":"The Courier"}],"event_choices":[{"event_name":"Big Fish","player_choice":"Donut","floor":4.0,"damage_taken":0.0},{"event_name":"Upgrade Shrine","player_choice":"Upgraded","floor":6.0,"damage_taken":0.0},{"event_name":"Addict","player_choice":"Obtained Relic","floor":19,"damage_taken":0},{"event_name":"N\u0027loth","player_choice":"Traded a NeowsBlessing","floor":21,"damage_taken":0},{"event_name":"The Moai Head","player_choice":"Heal","floor":36,"damage_taken":0}],"is_beta":false,"boss_relics":[{"not_picked":["FrozenCore","Fusion Hammer"],"picked":"White Beast Statue"},{"not_picked":["Tiny House","Empty Cage"],"picked":"Eternal Feather"}],"items_purged_floors":[],"is_endless":false,"potions_floor_spawned":[8,10,12,16,18,20,22,25,28,30,33,35,38,39],"killed_by":"2 Orb Walkers","ascension_level":11}