{"gold_per_floor":[117,127,127,137,212,212,228,261,284,284,318,330,353,365,377,486,498,498,96,96,96,96,96,96,96,96,96,96,96,96,96,96,96,96,96,96,96,96,96,96,96,96,96,96],"floor_reached":44,"playtime":2476,"items_purged":["Strike_B"],"score":662,"play_id":"237e7f3b-82de-47ce-99e3-91e2bb092322","local_time":"20190727224527","is_ascension_mode":true,"campfire_choices":[{"data":"Zap","floor":6.0,"key":"SMITH"},{"data":"Hologram","floor":10.0,"key":"SMITH"},{"data":"Hologram","floor":12,"key":"SMITH"},{"data":"Coolheaded","floor":15,"key":"SMITH"},{"data":"Consume","floor":23,"key":"SMITH"},{"floor":28,"key":"REST"},{"data":"Capacitor","floor":32,"key":"SMITH"},{"floor":40,"key":"RECALL"}],"neow_cost":"NONE","seed_source_timestamp":0,"circlet_count":0,"master_deck":["Strike_B+1","Strike_B","Strike_B+1","Defend_B+1","Defend_B","Defend_B","Defend_B","Zap+1","Dualcast","Ball Lightning","Sunder+1","Coolheaded+1","Hologram+1","Hologram+1","Rainbow","Consume+1","Undo+1","Capacitor+1","Rainbow","Coolheaded+1","Coolheaded+1","Go for the Eyes+1","Machine Learning+1","Rebound+1","Blizzard+1"],"special_seed":0,"relics":["Cracked Core","Orichalcum","Whetstone","MawBank","Ectoplasm","Turnip","Mercury Hourglass","Frozen Egg 2","WingedGreaves","Nuclear Battery","Mango","Singing Bowl"],"potions_floor_usage":[16,16,25,25,33,37,39,42,44],"damage_taken":[{"damage":3.0,"enemies":"Small Slimes","floor":1.0,"turns":4.0},{"damage":1.0,"enemies":"2 Louse","floor":2.0,"turns":2.0},{"damage":0.0,"enemies":"Cultist","floor":4.0,"turns":3.0},{"damage":6.0,"enemies":"Looter","floor":7.0,"turns":3.0},{"damage":10.0,"enemies":"Lagavulin","floor":8.0,"turns":6.0},{"damage":4,"enemies":"3 Sentries","floor":11,"turns":5},{"damage":0,"enemies":"Exordium Thugs","floor":13,"turns":4},{"damage":5,"enemies":"Hexaghost","floor":16,"turns":9},{"damage":0,"enemies":"Chosen","floor":18,"turns":3},{"damage":2,"enemies":"Spheric Guardian","floor":20,"turns":3},{"damage":1,"enemies":"Snecko","floor":22,"turns":3},{"damage":4,"enemies":"Snake Plant","floor":24,"turns":4},{"damage":44,"enemies":"Book of Stabbing","floor":25,"turns":6},{"damage":2,"enemies":"Slavers","floor":29,"turns":5},{"damage":2,"enemies":"Centurion and Healer","floor":30,"turns":5},{"damage":1,"enemies":"3 Cultists","floor":31,"turns":4},{"damage":1,"enemies":"Champ","floor":33,"turns":10},{"damage":2,"enemies":"3 Shapes","floor":35,"turns":3},{"damage":15,"enemies":"3 Darklings","floor":37,"turns":5},{"damage":9,"enemies":"Transient","floor":39,"turns":5},{"damage":2,"enemies":"Jaw Worm Horde","floor":41,"turns":4},{"damage":30,"enemies":"Nemesis","floor":42,"turns":7},{"damage":87,"enemies":"Giant Head","floor":44,"turns":12}],"seed_played":"-4670241110090015231","potions_obtained":[{"floor":4.0,"key":"Weak Potion"},{"floor":11,"key":"EntropicBrew"},{"floor":16,"key":"FocusPotion"},{"floor":29,"key":"Ancient Potion"},{"floor":30,"key":"LiquidBronze"},{"floor":33,"key":"SteroidPotion"},{"floor":35,"key":"SkillPotion"},{"floor":37,"key":"EssenceOfSteel"},{"floor":38,"key":"Regen Potion"},{"floor":38,"key":"Regen Potion"},{"floor":41,"key":"Poison Potion"}],"is_trial":false,"path_per_floor":["M","M","?","M","?","R","M","E","T","R","E","R","M","?","R","B",null,"M","$","M","?","M","R","M","E","T","?","R","E","M","M","R","B",null,"M","T","M","?","M","R","M","E","T","E"],"character_chosen":"DEFECT","items_purchased":["Consume","Turnip"],"campfire_rested":1,"item_purchase_floors":[19,19],"current_hp_per_floor":[72,71,55,55,44,44,38,28,28,28,24,24,24,24,24,19,66,66,66,64,64,63,63,59,15,15,15,39,37,35,34,34,33,70,68,82,67,67,73,73,71,41,41,0],"gold":96,"neow_bonus":"TEN_PERCENT_HP_BONUS","is_prod":false,"is_daily":false,"chose_seed":false,"campfire_upgraded":6,"win_rate":0,"timestamp":1564281927,"path_taken":["M","M","?","M","?","R","M","E","T","R","E","R","M","?","R","BOSS","M","$","M","?","?","R","M","E","T","?","R","E","?","M","R","BOSS","M","?","M","?","?","R","M","E","T","E"],"build_version":"2019-07-17","purchased_purges":1,"victory":false,"max_hp_per_floor":[82,82,82,82,82,82,82,82,82,82,82,82,82,82,82,82,82,82,82,82,82,82,82,82,82,82,82,82,82,82,82,82,82,82,82,96,96,96,96,96,96,96,96,96],"card_choices":[{"not_picked":["Lockon","Steam Power"],"picked":"Ball Lightning","floor":1.0},{"not_picked":["Beam Cell","Sweeping Beam"],"picked":"Sunder","floor":2.0},{"not_picked":["Chaos","Ball Lightning"],"picked":"Coolheaded","floor":4.0},{"not_picked":["Redo","Beam Cell"],"picked":"Hologram","floor":7.0},{"not_picked":["Turbo","Tempest"],"picked":"Hologram","floor":8.0},{"not_picked":["Turbo","Hologram","Rip and Tear"],"picked":"SKIP","floor":11},{"not_picked":["Barrage","Tempest"],"picked":"Rainbow","floor":13},{"not_picked":["Ball Lightning","Turbo+1","Tempest"],"picked":"SKIP","floor":18},{"not_picked":["Redo","Consume"],"picked":"Undo+1","floor":20},{"not_picked":["Auto Shields","Glacier"],"picked":"Capacitor","floor":22},{"not_picked":["Leap+1","Hologram"],"picked":"Rainbow","floor":24},{"not_picked":["Storm","Self Repair"],"picked":"Coolheaded+1","floor":25},{"not_picked":["Ball Lightning","Doom and Gloom"],"picked":"Coolheaded+1","floor":29},{"not_picked":["Hologram","Beam Cell","Sweeping Beam"],"picked":"SKIP","floor":30},{"not_picked":["Leap","Recycle"],"picked":"Go for the Eyes+1","floor":31},{"not_picked":["Reboot","Hyperbeam"],"picked":"Machine Learning+1","floor":33},{"not_picked":["Steam","Coolheaded+1","Leap"],"picked":"SKIP","floor":35},{"not_picked":["Hologram+1","Stack","Coolheaded+1"],"picked":"SKIP","floor":37},{"not_picked":["Genetic Algorithm","Redo","Streamline"],"picked":"SKIP","floor":39},{"not_picked":["Scrape+1","Double Energy"],"picked":"Rebound+1","floor":41},{"not_picked":["Force Field","White Noise"],"picked":"Blizzard+1","floor":42}],"player_experience":908749,"relics_obtained":[{"floor":8.0,"key":"Orichalcum"},{"floor":9.0,"key":"Whetstone"},{"floor":11,"key":"MawBank"},{"floor":25,"key":"Mercury Hourglass"},{"floor":26,"key":"Frozen Egg 2"},{"floor":29,"key":"WingedGreaves"},{"floor":36,"key":"Mango"},{"floor":42,"key":"Singing Bowl"}],"event_choices":[{"damage_healed":0.0,"max_hp_gain":0.0,"max_hp_loss":0.0,"gold_gain":0.0,"event_name":"Shining Light","player_choice":"Entered Light","floor":3.0,"gold_loss":0.0,"damage_taken":16.0,"cards_upgraded":["Strike_B","Defend_B"]},{"damage_healed":0.0,"max_hp_gain":0.0,"max_hp_loss":0.0,"gold_gain":75.0,"event_name":"World of Goop","player_choice":"Gather Gold","floor":5.0,"gold_loss":0.0,"damage_taken":11.0},{"damage_healed":0,"gold_gain":0,"player_choice":"Ignored","damage_taken":0,"max_hp_gain":0,"max_hp_loss":0,"event_name":"Liars Game","floor":14,"gold_loss":0},{"damage_healed":0,"gold_gain":100,"player_choice":"Pray","damage_taken":0,"max_hp_gain":0,"max_hp_loss":0,"event_name":"Golden Shrine","floor":21,"gold_loss":0},{"damage_healed":0,"gold_gain":0,"player_choice":"Ignored","damage_taken":0,"max_hp_gain":0,"max_hp_loss":0,"event_name":"NoteForYourself","floor":27,"gold_loss":0},{"damage_healed":0,"gold_gain":0,"player_choice":"Got Potions","damage_taken":0,"max_hp_gain":0,"max_hp_loss":0,"event_name":"Lab","floor":38,"gold_loss":0}],"is_beta":false,"boss_relics":[{"not_picked":["Empty Cage","Fusion Hammer"],"picked":"Ectoplasm"},{"not_picked":["Calling Bell","Lizard Tail"],"picked":"Nuclear Battery"}],"items_purged_floors":[19],"is_endless":false,"potions_floor_spawned":[4,11,16,24,29,30,33,35,37,41],"killed_by":"Giant Head","ascension_level":6}