{"gold_per_floor":[115,115,115,38,38,38,56,99,99,123,143,143,214,234,234,234],"floor_reached":16,"playtime":467,"items_purged":[],"score":220,"play_id":"a7d70635-ffc0-4fb4-ac70-0b538a5b63d1","local_time":"20190809080709","is_ascension_mode":true,"campfire_choices":[{"data":"Choke","floor":6.0,"key":"SMITH"},{"data":"Envenom","floor":12.0,"key":"SMITH"},{"floor":15.0,"key":"REST"}],"neow_cost":"PERCENT_DAMAGE","seed_source_timestamp":1091049968184100,"circlet_count":0,"master_deck":["AscendersBane","Strike_G","Strike_G","Defend_G","Defend_G","Defend_G","Defend_G","Defend_G","Survivor","Neutralize","Blade Dance+1","Expertise","Backflip","Choke+1","Envenom+1","Accuracy","Tactician","Prepared"],"special_seed":0,"relics":["Ring of the Snake","Golden Idol","Bag of Preparation","Tiny Chest"],"potions_floor_usage":[],"damage_taken":[{"damage":4.0,"enemies":"Cultist","floor":1.0,"turns":5.0},{"damage":1.0,"enemies":"Small Slimes","floor":7.0,"turns":3.0},{"damage":12.0,"enemies":"Lagavulin","floor":8.0,"turns":6.0},{"damage":0.0,"enemies":"Jaw Worm","floor":10.0,"turns":3.0},{"damage":7.0,"enemies":"3 Louse","floor":11.0,"turns":4.0},{"damage":17.0,"enemies":"Gremlin Nob","floor":13.0,"turns":4.0},{"damage":0.0,"enemies":"Gremlin Gang","floor":14.0,"turns":6.0},{"damage":26,"enemies":"Hexaghost","floor":16,"turns":9}],"seed_played":"-2371661359980850533","potions_obtained":[{"floor":7.0,"key":"SteroidPotion"},{"floor":10.0,"key":"Dexterity Potion"},{"floor":11.0,"key":"Weak Potion"}],"is_trial":false,"path_per_floor":["M","?","?","$","?","R","M","E","T","M","M","R","E","M","R","B"],"character_chosen":"THE_SILENT","items_purchased":["Choke"],"campfire_rested":1,"item_purchase_floors":[4],"current_hp_per_floor":[40,40,40,40,40,40,39,27,27,27,20,20,3,3,21,0],"gold":234,"neow_bonus":"TRANSFORM_TWO_CARDS","is_prod":false,"is_daily":false,"chose_seed":false,"campfire_upgraded":2,"win_rate":0,"timestamp":1565309229,"path_taken":["M","?","?","$","?","R","M","E","T","?","M","R","E","M","R","BOSS"],"build_version":"2019-07-17","purchased_purges":0,"victory":false,"max_hp_per_floor":[66,66,60,60,60,60,60,60,60,60,60,60,60,60,60,60],"card_choices":[{"not_picked":["Blade Dance","Cloak And Dagger"],"picked":"Backflip","floor":1.0},{"not_picked":["Blade Dance","Quick Slash","Deflect"],"picked":"SKIP","floor":7.0},{"not_picked":["Finisher","Sucker Punch"],"picked":"Envenom","floor":8.0},{"not_picked":["Prepared","Deadly Poison","Acrobatics"],"picked":"SKIP","floor":10.0},{"not_picked":["Poisoned Stab","Backflip"],"picked":"Accuracy","floor":11.0},{"not_picked":["Sucker Punch","Choke"],"picked":"Tactician","floor":13.0},{"not_picked":["Heel Hook","Crippling Poison"],"picked":"Prepared","floor":14.0}],"player_experience":758585,"relics_obtained":[{"floor":9.0,"key":"Bag of Preparation"},{"floor":13.0,"key":"Tiny Chest"}],"event_choices":[{"cards_removed":["Strike_G"],"damage_healed":0.0,"max_hp_gain":0.0,"max_hp_loss":0.0,"gold_gain":0.0,"event_name":"Living Wall","player_choice":"Forget","floor":2.0,"gold_loss":0.0,"damage_taken":0.0},{"damage_healed":0.0,"max_hp_gain":0.0,"max_hp_loss":6.0,"gold_gain":0.0,"event_name":"Golden Idol","player_choice":"Lose Max HP","floor":3.0,"gold_loss":0.0,"damage_taken":0.0,"relics_obtained":["Golden Idol"]},{"damage_healed":0.0,"max_hp_gain":0.0,"max_hp_loss":0.0,"gold_gain":0.0,"event_name":"Upgrade Shrine","player_choice":"Upgraded","floor":5.0,"gold_loss":0.0,"damage_taken":0.0,"cards_upgraded":["Blade Dance"]}],"is_beta":false,"boss_relics":[],"items_purged_floors":[],"is_endless":false,"potions_floor_spawned":[7,10,11],"killed_by":"Hexaghost","ascension_level":20}