{"gold_per_floor":[113,288,308,308,156,156,106,106,106,6,6,6,18,29,29,124,124,139,152,152],"floor_reached":20,"playtime":1707,"items_purged":["Doubt","Strike_B"],"score":219,"play_id":"22316857-c513-4b3f-8e80-fd2fc77fbd16","local_time":"20180906204742","is_ascension_mode":true,"campfire_choices":[{"data":"Coolheaded","floor":6,"key":"SMITH"},{"data":"Loop","floor":12,"key":"SMITH"},{"floor":15,"key":"REST"}],"neow_cost":"NONE","seed_source_timestamp":1068714226453914,"circlet_count":0,"master_deck":["Strike_B","Strike_B","Defend_B","Defend_B","Defend_B","Defend_B","Zap","Dualcast","Chill","Coolheaded+1","Loop+1","Conserve Battery","Buffer","Rebound"],"relics":["White Beast Statue","Bottled Lightning","Shuriken","Gambling Chip","Inserter"],"potions_floor_usage":[16,19,19,20],"damage_taken":[{"damage":5,"enemies":"Cultist","floor":1,"turns":5},{"damage":8,"enemies":"Small Slimes","floor":3,"turns":5},{"damage":3,"enemies":"Jaw Worm","floor":13,"turns":5},{"damage":14,"enemies":"Large Slime","floor":14,"turns":9},{"damage":24,"enemies":"The Guardian","floor":16,"turns":20},{"damage":0,"enemies":"Shell Parasite","floor":18,"turns":16},{"damage":42,"enemies":"3 Byrds","floor":19,"turns":8},{"damage":37,"enemies":"Centurion and Healer","floor":20,"turns":8}],"seed_played":"957086120818280662","potions_obtained":[{"floor":1,"key":"Block Potion"},{"floor":3,"key":"EssenceOfSteel"},{"floor":13,"key":"PowerPotion"},{"floor":16,"key":"SteroidPotion"},{"floor":18,"key":"Swift Potion"},{"floor":19,"key":"PowerPotion"}],"is_trial":false,"path_per_floor":["M","?","M","T","$","R","?","?","T","$","?","R","M","M","R","B",null,"M","M"],"character_chosen":"DEFECT","items_purchased":["Loop"],"campfire_rested":1,"item_purchase_floors":[5],"current_hp_per_floor":[63,63,55,55,55,55,55,48,48,48,53,53,50,36,60,36,69,69,27,0],"gold":152,"neow_bonus":"BOSS_RELIC","is_prod":false,"is_daily":false,"chose_seed":false,"campfire_upgraded":2,"win_rate":0,"timestamp":1536281262,"path_taken":["M","?","M","?","$","R","?","?","T","$","?","R","?","M","R","BOSS","M","M","M"],"build_version":"2018-09-06","purchased_purges":2,"victory":false,"max_hp_per_floor":[75,75,75,75,75,75,75,75,75,75,80,80,80,80,80,80,80,80,80,80],"card_choices":[{"not_picked":["Leap","Stack"],"picked":"Chill","floor":1},{"not_picked":["Compile Driver","Steam"],"picked":"Coolheaded","floor":3},{"not_picked":["Ball Lightning","Redo","Steam"],"picked":"SKIP","floor":13},{"not_picked":["Sweeping Beam","Meteor Strike"],"picked":"Conserve Battery","floor":14},{"not_picked":["Meteor Strike","Hyperbeam"],"picked":"Buffer","floor":16},{"not_picked":["Compile Driver","Sweeping Beam"],"picked":"Rebound","floor":18},{"not_picked":["Steam","Leap","Cold Snap"],"picked":"SKIP","floor":19}],"player_experience":324022,"relics_obtained":[{"floor":4,"key":"Bottled Lightning"},{"floor":9,"key":"Gambling Chip"}],"event_choices":[{"event_name":"Liars Game","player_choice":"agreed","floor":2,"damage_taken":0},{"event_name":"The Cleric","player_choice":"Card Removal","floor":7,"damage_taken":0},{"event_name":"Scrap Ooze","player_choice":"success","floor":8,"damage_taken":7},{"event_name":"Big Fish","player_choice":"Donut","floor":11,"damage_taken":0}],"is_beta":false,"boss_relics":[{"not_picked":["Fusion Hammer","Busted Crown"],"picked":"Inserter"}],"items_purged_floors":[5,10],"is_endless":false,"potions_floor_spawned":[1,3,13,14,16,18,19],"killed_by":"Centurion and Healer","ascension_level":7}