{"gold_per_floor":[109,124,124,142,142,142,172,215,240,106,152,232,256,279,279,374,374,394,394,418,441,454,454,468,483,506,506,400,441,441,115,115,206,206,222,172,505,605,615,615,615,640,663,688,688,688,704,716,716,716,716,716,716,134,161,161],"floor_reached":57,"playtime":2900,"items_purged":["Strike_G","Unload","Masterful Stab","Slice","Survivor"],"score":2810,"play_id":"085dc4f9-73ac-439d-9916-cc943e2a3481","local_time":"20190819121131","is_ascension_mode":true,"campfire_choices":[{"data":"Noxious Fumes","floor":6.0,"key":"SMITH"},{"data":"Catalyst","floor":15.0,"key":"SMITH"},{"data":"Footwork","floor":23.0,"key":"SMITH"},{"floor":27.0,"key":"REST"},{"data":"Calculated Gamble","floor":30.0,"key":"SMITH"},{"data":"Catalyst","floor":32.0,"key":"SMITH"},{"data":"Acrobatics","floor":40.0,"key":"SMITH"},{"floor":46.0,"key":"REST"},{"floor":49.0,"key":"RECALL"},{"data":"Well Laid Plans","floor":53.0,"key":"SMITH"}],"neow_cost":"NONE","seed_source_timestamp":353149884588300,"circlet_count":0,"master_deck":["AscendersBane","Neutralize","Noxious Fumes+1","Catalyst+1","Backflip","Well Laid Plans+1","After Image","Backstab","Catalyst+1","Acrobatics+1","Calculated Gamble+1","Catalyst","Dodge and Roll","Footwork+1","Deadly Poison","Deep Breath"],"special_seed":0,"relics":["Ring of the Snake","NeowsBlessing","Smiling Mask","Vajra","Whetstone","War Paint","Singing Bowl","Pandora\u0027s Box","Gremlin Horn","Potion Belt","Bottled Flame","TheAbacus","Calling Bell","Juzu Bracelet","Question Card","Prayer Wheel","Unceasing Top","Happy Flower","Snake Skull","Membership Card","Pear","Bronze Scales","Tingsha"],"potions_floor_usage":[56,56],"damage_taken":[{"damage":0.0,"enemies":"Cultist","floor":1.0,"turns":1.0},{"damage":0.0,"enemies":"Jaw Worm","floor":2.0,"turns":1.0},{"damage":0.0,"enemies":"Small Slimes","floor":4.0,"turns":1.0},{"damage":37.0,"enemies":"Gremlin Nob","floor":8.0,"turns":5.0},{"damage":0.0,"enemies":"2 Fungi Beasts","floor":13.0,"turns":4.0},{"damage":0.0,"enemies":"Looter","floor":14.0,"turns":5.0},{"damage":11.0,"enemies":"The Guardian","floor":16.0,"turns":10.0},{"damage":4.0,"enemies":"Chosen","floor":18.0,"turns":3.0},{"damage":16.0,"enemies":"2 Thieves","floor":20.0,"turns":3.0},{"damage":6.0,"enemies":"Snecko","floor":21.0,"turns":5.0},{"damage":6.0,"enemies":"Sentry and Sphere","floor":22.0,"turns":4.0},{"damage":6.0,"enemies":"Cultist and Chosen","floor":24.0,"turns":6.0},{"damage":3.0,"enemies":"Shelled Parasite and Fungi","floor":25.0,"turns":6.0},{"damage":21.0,"enemies":"Book of Stabbing","floor":29.0,"turns":5.0},{"damage":0.0,"enemies":"Collector","floor":33.0,"turns":5.0},{"damage":3.0,"enemies":"Orb Walker","floor":35.0,"turns":3.0},{"damage":6.0,"enemies":"Mind Bloom Boss Battle","floor":38.0,"turns":6.0},{"damage":16.0,"enemies":"3 Darklings","floor":39.0,"turns":6.0},{"damage":32.0,"enemies":"Reptomancer","floor":42.0,"turns":4.0},{"damage":6.0,"enemies":"Nemesis","floor":44.0,"turns":7.0},{"damage":0.0,"enemies":"Writhing Mass","floor":47.0,"turns":4.0},{"damage":0.0,"enemies":"Maw","floor":48.0,"turns":4.0},{"damage":12.0,"enemies":"Donu and Deca","floor":50.0,"turns":10.0},{"damage":17.0,"enemies":"Awakened One","floor":51.0,"turns":24.0},{"damage":42.0,"enemies":"Shield and Spear","floor":55.0,"turns":8.0},{"damage":52,"enemies":"The Heart","floor":56,"turns":7}],"seed_played":"8697051999996854788","potions_obtained":[{"floor":4.0,"key":"Weak Potion"},{"floor":8.0,"key":"Block Potion"},{"floor":14.0,"key":"SpeedPotion"},{"floor":16.0,"key":"SkillPotion"},{"floor":21.0,"key":"Block Potion"},{"floor":24.0,"key":"Fruit Juice"},{"floor":33.0,"key":"GhostInAJar"},{"floor":39.0,"key":"Poison Potion"},{"floor":48.0,"key":"Swift Potion"},{"floor":55,"key":"Regen Potion"}],"is_trial":false,"path_per_floor":["M","M","?","M","?","R","?","E","T","$","T","T","M","M","R","B",null,"M","T","M","M","M","R","M","M","T","R","$","E","R","$","R","B",null,"M","$","?","?","M","R","?","E","T","E","?","R","M","M","R","B","B",null,"R","$","E","B",null],"character_chosen":"THE_SILENT","items_purchased":["Well Laid Plans","Poison Potion","TheAbacus","Swift Potion","Membership Card","Pear","Bronze Scales","SpeedPotion","SpeedPotion","Explosive Potion"],"campfire_rested":2,"item_purchase_floors":[10,28,31,31,54,54,54,54,54,54],"current_hp_per_floor":[59,59,59,59,52,52,52,15,15,15,15,15,17,19,19,8,50,48,48,34,28,22,22,23,22,22,45,45,26,26,26,26,28,68,69,69,69,65,51,51,45,15,15,11,11,40,44,48,48,36,19,84,84,94,54,17],"gold":161,"neow_bonus":"THREE_ENEMY_KILL","is_prod":false,"is_daily":false,"chose_seed":false,"campfire_upgraded":7,"win_rate":0,"timestamp":1566187891,"path_taken":["M","?","?","M","?","R","?","E","T","$","?","?","M","?","R","BOSS","M","?","?","M","M","R","M","M","T","R","$","E","R","?","R","BOSS","M","$","?","?","M","R","?","E","T","E","?","R","M","M","R","BOSS","BOSS","R","$","E","BOSS"],"build_version":"2019-07-17","purchased_purges":5,"victory":true,"max_hp_per_floor":[66,66,60,60,60,60,60,60,60,60,60,60,62,64,64,64,64,66,66,68,68,68,68,75,77,77,77,77,79,79,79,79,81,81,85,85,85,87,89,89,93,95,95,97,97,97,101,105,105,105,105,105,105,115,117,117],"card_choices":[{"not_picked":["Deflect","Reflex"],"picked":"Noxious Fumes","floor":1.0},{"not_picked":["Outmaneuver","Acrobatics","Heel Hook"],"picked":"SKIP","floor":2.0},{"not_picked":["Dagger Spray","Footwork"],"picked":"Catalyst","floor":4.0},{"not_picked":["Dash","Endless Agony"],"picked":"Backflip","floor":8.0},{"not_picked":["Poisoned Stab","Dagger Throw","Dagger Spray"],"picked":"Singing Bowl","floor":13.0},{"not_picked":["Backflip","Eviscerate","Blade Dance"],"picked":"Singing Bowl","floor":14.0},{"not_picked":["Storm of Steel","Malaise"],"picked":"After Image","floor":16.0},{"not_picked":["Quick Slash","Blade Dance","Outmaneuver"],"picked":"Singing Bowl","floor":18.0},{"not_picked":["Die Die Die","Underhanded Strike","Slice+1"],"picked":"Singing Bowl","floor":20.0},{"not_picked":["Well Laid Plans","Caltrops"],"picked":"Dodge and Roll","floor":21.0},{"not_picked":["Backflip","Dodge and Roll"],"picked":"Footwork","floor":22.0},{"not_picked":["Blade Dance","Leg Sweep","Accuracy"],"picked":"Singing Bowl","floor":24.0},{"not_picked":["Expertise","Crippling Poison","Slice"],"picked":"Singing Bowl","floor":25.0},{"not_picked":["Blade Dance","Acrobatics","Deflect"],"picked":"Singing Bowl","floor":29.0},{"not_picked":["Glass Knife","Die Die Die","Bullet Time"],"picked":"Singing Bowl","floor":33.0},{"not_picked":["Choke","Acrobatics+1","All Out Attack","Bane"],"picked":"Singing Bowl","floor":35.0},{"not_picked":["Prepared","Bane","Outmaneuver","Die Die Die"],"picked":"Singing Bowl","floor":35.0},{"not_picked":["Heel Hook","Skewer","Crippling Poison","PiercingWail"],"picked":"Singing Bowl","floor":38.0},{"not_picked":["Dagger Spray","Poisoned Stab","Bane","Blade Dance+1"],"picked":"Singing Bowl","floor":39.0},{"not_picked":["Cloak And Dagger+1","Outmaneuver","Riddle With Holes+1"],"picked":"Deadly Poison","floor":39.0},{"not_picked":["Violence","Discovery","Flash of Steel","Dark Shackles"],"picked":"Singing Bowl","floor":41.0},{"not_picked":["HandOfGreed","Purity","Chrysalis","Madness"],"picked":"Singing Bowl","floor":41.0},{"not_picked":["Flash of Steel","Chrysalis","Trip"],"picked":"Deep Breath","floor":41.0},{"not_picked":["Sucker Punch+1","Cloak And Dagger","Deflect","Caltrops+1"],"picked":"Singing Bowl","floor":42.0},{"not_picked":["Backflip","Backstab","Underhanded Strike","Bane"],"picked":"Singing Bowl","floor":44.0},{"not_picked":["Cloak And Dagger","PiercingWail","Dash","Underhanded Strike+1"],"picked":"Singing Bowl","floor":47.0},{"not_picked":["Outmaneuver+1","Dagger Spray+1","Bane","Quick Slash+1"],"picked":"Singing Bowl","floor":47.0},{"not_picked":["Bane","Deadly Poison+1","Backstab+1","Venomology"],"picked":"Singing Bowl","floor":48.0},{"not_picked":["Setup","Bane","Poisoned Stab","Catalyst"],"picked":"Singing Bowl","floor":48.0},{"not_picked":["Quick Slash","Choke+1","Outmaneuver","Bane+1"],"picked":"Singing Bowl","floor":55}],"player_experience":836392,"relics_obtained":[{"floor":8.0,"key":"Vajra"},{"floor":9.0,"key":"Whetstone"},{"floor":11.0,"key":"War Paint"},{"floor":12.0,"key":"Singing Bowl"},{"floor":19.0,"key":"Gremlin Horn"},{"floor":26.0,"key":"Potion Belt"},{"floor":29.0,"key":"Bottled Flame"},{"floor":34.0,"key":"Juzu Bracelet"},{"floor":34.0,"key":"Question Card"},{"floor":34.0,"key":"Prayer Wheel"},{"floor":38.0,"key":"Unceasing Top"},{"floor":42.0,"key":"Happy Flower"},{"floor":44.0,"key":"Snake Skull"},{"floor":55,"key":"Tingsha"}],"event_choices":[{"damage_healed":0.0,"max_hp_gain":0.0,"max_hp_loss":6.0,"gold_gain":0.0,"event_name":"Golden Idol","player_choice":"Lose Max HP","floor":3.0,"gold_loss":0.0,"damage_taken":0.0,"relics_obtained":["Golden Idol"]},{"cards_removed":["Strike_G"],"damage_healed":0.0,"max_hp_gain":0.0,"max_hp_loss":0.0,"gold_gain":0.0,"event_name":"Golden Wing","player_choice":"Card Removal","floor":5.0,"gold_loss":0.0,"damage_taken":7.0},{"damage_healed":0.0,"max_hp_gain":0.0,"max_hp_loss":0.0,"gold_gain":30.0,"event_name":"Dead Adventurer","player_choice":"Searched \u00273\u0027 times","floor":7.0,"gold_loss":0.0,"damage_taken":0.0,"relics_obtained":["Smiling Mask"]},{"damage_healed":0.0,"max_hp_gain":0.0,"max_hp_loss":0.0,"gold_gain":333.0,"event_name":"The Moai Head","player_choice":"Gave Idol","floor":37.0,"relics_lost":["Golden Idol"],"gold_loss":0.0,"damage_taken":0.0},{"damage_healed":0.0,"max_hp_gain":0.0,"max_hp_loss":0.0,"gold_gain":0.0,"event_name":"MindBloom","player_choice":"Fight","floor":38.0,"gold_loss":0.0,"damage_taken":0.0},{"damage_healed":0.0,"max_hp_gain":0.0,"max_hp_loss":0.0,"gold_gain":0.0,"event_name":"SensoryStone","player_choice":"Memory 3","floor":41.0,"gold_loss":0.0,"damage_taken":10.0},{"damage_healed":0.0,"max_hp_gain":0.0,"max_hp_loss":0.0,"gold_gain":0.0,"event_name":"Mysterious Sphere","player_choice":"Ignored","floor":45.0,"gold_loss":0.0,"damage_taken":0.0}],"is_beta":false,"boss_relics":[{"not_picked":["Sozu","Eternal Feather"],"picked":"Pandora\u0027s Box"},{"not_picked":["Cursed Key","Busted Crown"],"picked":"Calling Bell"}],"items_purged_floors":[10,28,31,36,54],"is_endless":false,"potions_floor_spawned":[4,8,14,16,20,21,24,33,39,48,55],"ascension_level":20}