{"gold_per_floor":[117,117,3,3,15,50,69,95,174,174,174,88,117,135,135,213,213,228,228,228,238,138,138,169,169,169,182,182,182,232,32,32,109,109,120,140,140,240,240,240,257,290,314,340,38,38,64,74,74,74,74,74,74,74,107,107],"floor_reached":57,"playtime":2765,"items_purged":["Strike_G","Strike_G","Strike_G","Regret"],"score":3399,"play_id":"79839549-9d5f-4901-bea0-bcf3304ad559","local_time":"20190820142111","is_ascension_mode":true,"campfire_choices":[{"data":"Noxious Fumes","floor":11.0,"key":"SMITH"},{"data":"Bouncing Flask","floor":15.0,"key":"SMITH"},{"data":"Acrobatics","floor":23.0,"key":"SMITH"},{"data":"Neutralize","floor":25.0,"key":"SMITH"},{"data":"Footwork","floor":29.0,"key":"SMITH"},{"data":"Reflex","floor":32.0,"key":"SMITH"},{"data":"Calculated Gamble","floor":40.0,"key":"SMITH"},{"data":"Prepared","floor":46.0,"key":"SMITH"},{"floor":49.0,"key":"RECALL"},{"data":"Backflip","floor":53.0,"key":"SMITH"}],"neow_cost":"NONE","seed_source_timestamp":447189905161300,"circlet_count":0,"master_deck":["AscendersBane","Defend_G","Defend_G","Defend_G","Defend_G","Survivor","Neutralize+1","Escape Plan","Noxious Fumes+1","Backflip+1","Adrenaline","Noxious Fumes","Bouncing Flask+1","Grand Finale","Acrobatics+1","Footwork+1","Reflex+1","Calculated Gamble+1","Prepared+1"],"special_seed":0,"relics":["Ring of the Snake","NeowsBlessing","Happy Flower","Anchor","Pen Nib","Sundial","Thread and Needle","Cursed Key","Dream Catcher","Juzu Bracelet","Empty Cage","Ice Cream","Paper Crane","Membership Card","Turnip"],"potions_floor_usage":[56,56],"damage_taken":[{"damage":0.0,"enemies":"Small Slimes","floor":1.0,"turns":1.0},{"damage":0.0,"enemies":"Jaw Worm","floor":5.0,"turns":1.0},{"damage":0.0,"enemies":"Gremlin Nob","floor":6.0,"turns":1.0},{"damage":3.0,"enemies":"Cultist","floor":7.0,"turns":4.0},{"damage":15.0,"enemies":"3 Sentries","floor":13.0,"turns":6.0},{"damage":0.0,"enemies":"3 Louse","floor":14.0,"turns":4.0},{"damage":0.0,"enemies":"The Guardian","floor":16.0,"turns":8.0},{"damage":4.0,"enemies":"Chosen","floor":18.0,"turns":4.0},{"damage":4.0,"enemies":"3 Byrds","floor":21.0,"turns":4.0},{"damage":1.0,"enemies":"Book of Stabbing","floor":24.0,"turns":6.0},{"damage":0.0,"enemies":"Centurion and Healer","floor":27.0,"turns":2.0},{"damage":0.0,"enemies":"Colosseum Slavers","floor":28.0,"turns":5.0},{"damage":0.0,"enemies":"Automaton","floor":33.0,"turns":9.0},{"damage":0.0,"enemies":"3 Darklings","floor":35.0,"turns":3.0},{"damage":0.0,"enemies":"3 Shapes","floor":36.0,"turns":3.0},{"damage":0.0,"enemies":"Mind Bloom Boss Battle","floor":38.0,"turns":5.0},{"damage":0.0,"enemies":"Transient","floor":41.0,"turns":5.0},{"damage":0.0,"enemies":"Giant Head","floor":42.0,"turns":4.0},{"damage":0.0,"enemies":"Reptomancer","floor":44.0,"turns":2.0},{"damage":0.0,"enemies":"Nemesis","floor":47.0,"turns":3.0},{"damage":0.0,"enemies":"3 Darklings","floor":48.0,"turns":1.0},{"damage":0.0,"enemies":"Donu and Deca","floor":50.0,"turns":4.0},{"damage":49.0,"enemies":"Time Eater","floor":51.0,"turns":11.0},{"damage":0.0,"enemies":"Shield and Spear","floor":55.0,"turns":1.0},{"damage":28,"enemies":"The Heart","floor":56,"turns":6}],"seed_played":"1100299939210374111","potions_obtained":[{"floor":1.0,"key":"Strength Potion"},{"floor":14.0,"key":"PowerPotion"},{"floor":24.0,"key":"GamblersBrew"},{"floor":38.0,"key":"Swift Potion"}],"is_trial":false,"path_per_floor":["M","?","$","?","M","E","M","T","T","?","R","$","E","M","R","B",null,"M","?","?","M","$","R","E","R","T","M","?","R","?","$","R","B",null,"M","M","$","?","?","R","M","E","T","E","$","R","E","M","R","B","B",null,"R","$","E","B",null],"character_chosen":"THE_SILENT","items_purchased":["Noxious Fumes","Noxious Fumes","Reflex","Membership Card"],"campfire_rested":0,"item_purchase_floors":[3,12,31,45],"current_hp_per_floor":[59,59,59,24,24,24,21,21,21,21,21,21,6,6,6,6,51,47,47,47,43,43,43,42,42,42,42,42,42,42,42,42,42,60,60,60,60,60,60,60,60,60,60,60,60,60,60,60,60,60,11,50,50,50,50,22],"gold":107,"neow_bonus":"THREE_ENEMY_KILL","is_prod":false,"is_daily":false,"chose_seed":false,"campfire_upgraded":9,"win_rate":0,"timestamp":1566282071,"path_taken":["M","?","?","?","?","E","M","?","T","?","R","$","E","M","R","BOSS","M","?","?","M","$","R","E","R","T","M","?","R","?","?","R","BOSS","M","M","$","?","?","R","M","E","T","E","?","R","E","M","R","BOSS","BOSS","R","$","E","BOSS"],"build_version":"2019-07-17","purchased_purges":4,"victory":true,"max_hp_per_floor":[66,66,66,66,66,66,66,66,66,66,66,66,66,66,66,66,66,66,66,66,66,66,66,66,66,66,66,66,66,66,66,66,66,66,66,66,66,66,63,63,63,63,63,63,63,63,63,63,63,63,63,63,63,63,63,63],"card_choices":[{"not_picked":["Cloak And Dagger","Underhanded Strike"],"picked":"Escape Plan","floor":1.0},{"not_picked":["Setup","Backstab","Slice"],"picked":"SKIP","floor":5.0},{"not_picked":["Flying Knee","Skewer","Dagger Throw"],"picked":"SKIP","floor":6.0},{"not_picked":["Dodge and Roll","Leg Sweep"],"picked":"Backflip","floor":7.0},{"not_picked":["Flying Knee","Outmaneuver","Concentrate"],"picked":"SKIP","floor":13.0},{"not_picked":["Backflip","Well Laid Plans"],"picked":"Bouncing Flask","floor":14.0},{"not_picked":["After Image","A Thousand Cuts"],"picked":"Grand Finale","floor":16.0},{"not_picked":["Dodge and Roll","Slice","Blade Dance"],"picked":"SKIP","floor":18.0},{"not_picked":["Noxious Fumes+1","Concentrate+1","Dodge and Roll"],"picked":"SKIP","floor":21.0},{"not_picked":["Dodge and Roll","Footwork","Phantasmal Killer"],"picked":"SKIP","floor":24.0},{"not_picked":["Dodge and Roll","Phantasmal Killer"],"picked":"Footwork","floor":24.0},{"not_picked":["Flying Knee","Sucker Punch","Blade Dance"],"picked":"SKIP","floor":27.0},{"not_picked":["Outmaneuver+1","Bouncing Flask"],"picked":"Calculated Gamble","floor":35.0},{"not_picked":["Dodge and Roll","Blade Dance","Crippling Poison"],"picked":"SKIP","floor":36.0},{"not_picked":["Slice","Dagger Spray"],"picked":"Prepared","floor":38.0},{"not_picked":["Deflect","Deadly Poison+1","PiercingWail"],"picked":"SKIP","floor":41.0},{"not_picked":["Flechettes+1","Setup","Dagger Spray+1"],"picked":"SKIP","floor":42.0},{"not_picked":["Cloak And Dagger+1","Catalyst","Blade Dance"],"picked":"SKIP","floor":44.0},{"not_picked":["Eviscerate","Blur","Doppelganger"],"picked":"SKIP","floor":47.0},{"not_picked":["Catalyst","Calculated Gamble","Terror+1"],"picked":"SKIP","floor":48.0},{"not_picked":["Masterful Stab","Deflect","Prepared"],"picked":"SKIP","floor":55.0}],"player_experience":849732,"relics_obtained":[{"floor":6.0,"key":"Anchor"},{"floor":8.0,"key":"Pen Nib"},{"floor":9.0,"key":"Sundial"},{"floor":13.0,"key":"Thread and Needle"},{"floor":20.0,"key":"Dream Catcher"},{"floor":24.0,"key":"Juzu Bracelet"},{"floor":42.0,"key":"Ice Cream"},{"floor":44.0,"key":"Paper Crane"},{"floor":55.0,"key":"Turnip"}],"event_choices":[{"damage_healed":0.0,"max_hp_gain":0.0,"max_hp_loss":0.0,"gold_gain":0.0,"event_name":"Liars Game","player_choice":"Ignored","floor":2.0,"gold_loss":0.0,"damage_taken":0.0},{"damage_healed":0.0,"max_hp_gain":0.0,"max_hp_loss":0.0,"gold_gain":0.0,"event_name":"Scrap Ooze","player_choice":"Success","floor":4.0,"gold_loss":0.0,"damage_taken":35.0,"relics_obtained":["Happy Flower"]},{"damage_healed":0.0,"max_hp_gain":0.0,"max_hp_loss":0.0,"gold_gain":0.0,"cards_transformed":["Strike_G"],"event_name":"Living Wall","player_choice":"Change","floor":10.0,"gold_loss":0.0,"damage_taken":0.0,"cards_obtained":["Adrenaline"]},{"damage_healed":0.0,"max_hp_gain":0.0,"max_hp_loss":0.0,"gold_gain":0.0,"event_name":"The Library","player_choice":"Read","floor":19.0,"gold_loss":0.0,"damage_taken":0.0,"cards_obtained":["Acrobatics"]},{"damage_healed":0.0,"max_hp_gain":0.0,"max_hp_loss":0.0,"gold_gain":0.0,"event_name":"Wheel of Change","player_choice":"Relic","floor":20.0,"gold_loss":0.0,"damage_taken":0.0},{"damage_healed":0.0,"max_hp_gain":0.0,"max_hp_loss":0.0,"gold_gain":0.0,"event_name":"Colosseum","player_choice":"Fight","floor":28.0,"gold_loss":0.0,"damage_taken":0.0},{"damage_healed":0.0,"max_hp_gain":0.0,"max_hp_loss":0.0,"gold_gain":0.0,"event_name":"Colosseum","player_choice":"Fled From Nobs","floor":28.0,"gold_loss":0.0,"damage_taken":0.0},{"damage_healed":0.0,"max_hp_gain":0.0,"max_hp_loss":0.0,"gold_gain":100.0,"event_name":"The Joust","player_choice":"Bet on Murderer","floor":30.0,"gold_loss":50.0,"damage_taken":0.0},{"damage_healed":0.0,"max_hp_gain":0.0,"max_hp_loss":0.0,"gold_gain":0.0,"event_name":"MindBloom","player_choice":"Fight","floor":38.0,"gold_loss":0.0,"damage_taken":0.0},{"damage_healed":0.0,"max_hp_gain":0.0,"max_hp_loss":3.0,"gold_gain":0.0,"event_name":"Winding Halls","player_choice":"Max HP","floor":39.0,"gold_loss":0.0,"damage_taken":0.0}],"is_beta":false,"boss_relics":[{"not_picked":["Black Star","Fusion Hammer"],"picked":"Cursed Key"},{"not_picked":["Lizard Tail","WristBlade"],"picked":"Empty Cage"}],"items_purged_floors":[3,22,31,45],"is_endless":false,"potions_floor_spawned":[1,14,24,27,28,38,41,44,47],"ascension_level":20}