{"gold_per_floor":[117,133,133,58,28,28,56,56,56,81,101,101,132,143,143,219,219,238,250,150,200,75,75,139,139,139,156,156,168,18,28,28,102,102,115,115,115,89,89,89,100,128,128,151,163,201,233,278,290,302,314,326,338,6,38,38],"floor_reached":57,"playtime":5301,"items_purged":["Strike_G","Setup","Sucker Punch","All Out Attack+1","Predator"],"score":3252,"play_id":"0ec03ea5-9e18-4cba-a9be-e76a592ad6c9","local_time":"20190812094226","is_ascension_mode":true,"campfire_choices":[{"data":"Neutralize","floor":6.0,"key":"SMITH"},{"data":"Endless Agony","floor":8.0,"key":"SMITH"},{"data":"All Out Attack","floor":12.0,"key":"SMITH"},{"data":"Calculated Gamble","floor":15.0,"key":"SMITH"},{"data":"Reflex","floor":23.0,"key":"SMITH"},{"data":"Well Laid Plans","floor":32.0,"key":"SMITH"},{"floor":40.0,"key":"RECALL"},{"data":"Adrenaline","floor":45.0,"key":"SMITH"},{"data":"Tools of the Trade","floor":49.0,"key":"SMITH"},{"data":"Escape Plan","floor":53.0,"key":"SMITH"}],"neow_cost":"NONE","seed_source_timestamp":1351110598473200,"circlet_count":0,"master_deck":["AscendersBane","Survivor","Neutralize+1","Escape Plan","Endless Agony+1","Backflip+1","Well Laid Plans+1","Tools of the Trade+1","Calculated Gamble+1","Adrenaline+1","Reflex+1","Infinite Blades","Escape Plan+1","Venomology+1","Acrobatics+1"],"special_seed":0,"relics":["Ring of the Snake","NeowsBlessing","Darkstone Periapt","Mercury Hourglass","Ancient Tea Set","Bottled Tornado","Pandora\u0027s Box","Tiny Chest","Matryoshka","Calling Bell","Orichalcum","Toxic Egg 2","Mango","Lantern","MawBank","Bronze Scales","Meat on the Bone","War Paint","Torii"],"potions_floor_usage":[56,56,56],"damage_taken":[{"damage":0.0,"enemies":"Jaw Worm","floor":1.0,"turns":1.0},{"damage":0.0,"enemies":"Cultist","floor":2.0,"turns":1.0},{"damage":0.0,"enemies":"3 Sentries","floor":7.0,"turns":2.0},{"damage":6.0,"enemies":"Gremlin Nob","floor":10.0,"turns":3.0},{"damage":0.0,"enemies":"Small Slimes","floor":11.0,"turns":4.0},{"damage":7.0,"enemies":"3 Sentries","floor":13.0,"turns":5.0},{"damage":0.0,"enemies":"Gremlin Gang","floor":14.0,"turns":2.0},{"damage":23.0,"enemies":"Hexaghost","floor":16.0,"turns":14.0},{"damage":0.0,"enemies":"3 Byrds","floor":18.0,"turns":3.0},{"damage":4.0,"enemies":"Spheric Guardian","floor":19.0,"turns":4.0},{"damage":0.0,"enemies":"Book of Stabbing","floor":24.0,"turns":2.0},{"damage":0.0,"enemies":"Centurion and Healer","floor":27.0,"turns":3.0},{"damage":15.0,"enemies":"Chosen and Byrds","floor":29.0,"turns":4.0},{"damage":8.0,"enemies":"Snake Plant","floor":31.0,"turns":2.0},{"damage":0.0,"enemies":"Champ","floor":33.0,"turns":3.0},{"damage":0.0,"enemies":"Orb Walker","floor":35.0,"turns":3.0},{"damage":0.0,"enemies":"3 Shapes","floor":41.0,"turns":2.0},{"damage":0.0,"enemies":"Reptomancer","floor":42.0,"turns":2.0},{"damage":0.0,"enemies":"Spire Growth","floor":44.0,"turns":2.0},{"damage":0.0,"enemies":"Giant Head","floor":46.0,"turns":1.0},{"damage":0.0,"enemies":"Jaw Worm Horde","floor":47.0,"turns":3.0},{"damage":0.0,"enemies":"Reptomancer","floor":48.0,"turns":2.0},{"damage":0.0,"enemies":"Awakened One","floor":50.0,"turns":3.0},{"damage":2.0,"enemies":"Donu and Deca","floor":51.0,"turns":3.0},{"damage":0,"enemies":"Shield and Spear","floor":55,"turns":1},{"damage":7,"enemies":"The Heart","floor":56,"turns":5}],"seed_played":"561458051305836508","potions_obtained":[{"floor":5.0,"key":"Regen Potion"},{"floor":5.0,"key":"FearPotion"},{"floor":7.0,"key":"Swift Potion"},{"floor":10.0,"key":"GhostInAJar"},{"floor":13.0,"key":"SteroidPotion"},{"floor":24.0,"key":"Energy Potion"}],"is_trial":false,"path_per_floor":["M","M","?","$","?","R","E","R","T","E","M","R","E","M","R","B",null,"M","M","$","?","$","R","E","?","T","M","?","M","$","M","R","B",null,"M","?","?","$","?","R","M","E","T","M","R","E","M","E","R","B","B",null,"R","$","E","B",null],"character_chosen":"THE_SILENT","items_purchased":["Acrobatics+1","War Paint"],"campfire_rested":0,"item_purchase_floors":[38,54],"current_hp_per_floor":[59,59,59,59,59,59,59,59,59,53,53,53,46,46,46,23,55,55,51,51,51,51,51,51,51,51,51,51,36,36,28,28,28,71,71,71,71,71,71,71,71,71,71,71,71,71,71,71,71,71,69,74,74,74,74,67],"gold":38,"neow_bonus":"THREE_ENEMY_KILL","is_prod":false,"is_daily":false,"chose_seed":false,"campfire_upgraded":9,"win_rate":0,"timestamp":1565574146,"path_taken":["M","M","?","?","?","R","E","R","T","E","M","R","E","M","R","BOSS","M","?","$","?","?","R","E","?","T","M","?","M","$","M","R","BOSS","M","?","?","$","?","R","?","E","T","M","R","E","M","E","R","BOSS","BOSS","R","$","E","BOSS"],"build_version":"2019-07-17","purchased_purges":5,"victory":true,"max_hp_per_floor":[66,66,66,66,66,66,66,66,66,66,66,66,66,66,66,66,66,66,66,66,66,66,66,66,66,66,66,66,66,66,66,66,66,80,80,76,76,76,76,76,76,76,76,76,76,76,76,76,76,76,76,76,76,76,76,76],"card_choices":[{"not_picked":["Flying Knee","Deflect","Cloak And Dagger"],"picked":"SKIP","floor":1.0},{"not_picked":["Cloak And Dagger","Flying Knee"],"picked":"Escape Plan","floor":2.0},{"not_picked":["Dodge and Roll","Deflect"],"picked":"Backflip","floor":7.0},{"not_picked":["Dodge and Roll","Reflex"],"picked":"Well Laid Plans","floor":10.0},{"not_picked":["Cloak And Dagger","Outmaneuver"],"picked":"All Out Attack","floor":11.0},{"not_picked":["Prepared","Distraction"],"picked":"Tools of the Trade","floor":13.0},{"not_picked":["Dodge and Roll","Flechettes"],"picked":"Calculated Gamble","floor":14.0},{"not_picked":["Envenom","Malaise"],"picked":"Adrenaline","floor":16.0},{"not_picked":["Acrobatics","Skewer","Bane"],"picked":"SKIP","floor":18.0},{"not_picked":["Backflip","Poisoned Stab+1","Slice"],"picked":"SKIP","floor":19.0},{"not_picked":["Malaise","Acrobatics","Night Terror"],"picked":"SKIP","floor":24.0},{"not_picked":["Slice+1","Bane","Prepared"],"picked":"SKIP","floor":27.0},{"not_picked":["Reflex","PiercingWail","Blade Dance"],"picked":"SKIP","floor":29.0},{"not_picked":["Sucker Punch","Malaise","Terror"],"picked":"SKIP","floor":31.0},{"not_picked":["Malaise","Glass Knife"],"picked":"A Thousand Cuts","floor":33.0},{"not_picked":["Underhanded Strike","Bouncing Flask+1","Cloak And Dagger+1"],"picked":"SKIP","floor":35.0},{"not_picked":["Outmaneuver+1","Noxious Fumes+1","Flying Knee"],"picked":"SKIP","floor":41.0},{"not_picked":["Well Laid Plans+1","Blade Dance+1","Underhanded Strike"],"picked":"SKIP","floor":42.0},{"not_picked":["Calculated Gamble+1","Prepared+1","Blade Dance+1"],"picked":"SKIP","floor":44.0},{"not_picked":["PiercingWail+1","Skewer+1","Venomology+1"],"picked":"SKIP","floor":46.0},{"not_picked":["Acrobatics+1","Calculated Gamble+1","Deadly Poison+1"],"picked":"SKIP","floor":47.0},{"not_picked":["Acrobatics+1","Calculated Gamble+1","Deadly Poison+1"],"picked":"SKIP","floor":47.0},{"not_picked":["Acrobatics+1","Footwork","Dodge and Roll+1"],"picked":"SKIP","floor":48.0},{"not_picked":["All Out Attack","Slice","Sucker Punch"],"picked":"SKIP","floor":55}],"player_experience":785417,"relics_obtained":[{"floor":7.0,"key":"Darkstone Periapt"},{"floor":9.0,"key":"Mercury Hourglass"},{"floor":10.0,"key":"Ancient Tea Set"},{"floor":13.0,"key":"Bottled Tornado"},{"floor":24.0,"key":"Tiny Chest"},{"floor":26.0,"key":"Matryoshka"},{"floor":34.0,"key":"Orichalcum"},{"floor":34.0,"key":"Toxic Egg 2"},{"floor":34.0,"key":"Mango"},{"floor":42.0,"key":"Lantern"},{"floor":43.0,"key":"MawBank"},{"floor":46.0,"key":"Bronze Scales"},{"floor":48.0,"key":"Meat on the Bone"},{"floor":55,"key":"Torii"}],"event_choices":[{"damage_healed":0.0,"max_hp_gain":0.0,"max_hp_loss":0.0,"gold_gain":0.0,"cards_transformed":["Strike_G"],"event_name":"Transmorgrifier","player_choice":"Transformed","floor":3.0,"gold_loss":0.0,"damage_taken":0.0,"cards_obtained":["Endless Agony"]},{"damage_healed":0.0,"max_hp_gain":0.0,"max_hp_loss":0.0,"gold_gain":0.0,"event_name":"The Woman in Blue","player_choice":"Bought 2 Potions","floor":5.0,"gold_loss":0.0,"damage_taken":0.0},{"damage_healed":0.0,"max_hp_gain":0.0,"max_hp_loss":0.0,"gold_gain":50.0,"event_name":"Nest","player_choice":"Stole From Cult","floor":21.0,"gold_loss":0.0,"damage_taken":0.0},{"cards_removed":["Cloak And Dagger"],"damage_healed":0.0,"max_hp_gain":0.0,"max_hp_loss":0.0,"gold_gain":0.0,"event_name":"Back to Basics","player_choice":"Elegance","floor":25.0,"gold_loss":0.0,"damage_taken":0.0},{"damage_healed":0.0,"max_hp_gain":0.0,"max_hp_loss":0.0,"gold_gain":0.0,"event_name":"The Mausoleum","player_choice":"Ignored","floor":28.0,"gold_loss":0.0,"damage_taken":0.0},{"damage_healed":0.0,"max_hp_gain":0.0,"max_hp_loss":4.0,"gold_gain":0.0,"event_name":"Winding Halls","player_choice":"Max HP","floor":36.0,"gold_loss":0.0,"damage_taken":0.0},{"damage_healed":0.0,"max_hp_gain":0.0,"max_hp_loss":0.0,"gold_gain":0.0,"event_name":"Tomb of Lord Red Mask","player_choice":"Ignored","floor":37.0,"gold_loss":0.0,"damage_taken":0.0},{"cards_removed":["A Thousand Cuts"],"damage_healed":0.0,"max_hp_gain":0.0,"max_hp_loss":0.0,"gold_gain":0.0,"event_name":"Falling","player_choice":"Removed Power","floor":39.0,"gold_loss":0.0,"damage_taken":0.0}],"is_beta":false,"boss_relics":[{"not_picked":["Fusion Hammer","Empty Cage"],"picked":"Pandora\u0027s Box"},{"not_picked":["Coffee Dripper","Cursed Key"],"picked":"Calling Bell"}],"items_purged_floors":[4,20,22,30,54],"is_endless":false,"potions_floor_spawned":[7,10,13,24,27,29,42,44,47,55],"ascension_level":20}