{"gold_per_floor":[110,35,35,49,49,49,78,78,148,165,165,180,255,265,265,367,367,378,378,378,293,193,193,220,220,245,344,344,360,360,378,378,477,477,492,367,367,378,157,169,169,186,186,186,205,222,222,234,234,234],"floor_reached":51,"playtime":4366,"items_purged":["Strike_B","Defend_B","Defend_B","Defend_B"],"score":615,"play_id":"36df1885-84b0-4def-8f28-d0c986a107be","local_time":"20180705232445","is_ascension_mode":false,"campfire_choices":[{"data":"Dualcast","floor":6.0,"key":"SMITH"},{"data":"Doom and Gloom","floor":11.0,"key":"SMITH"},{"floor":15.0,"key":"REST"},{"data":"Doom and Gloom","floor":23,"key":"SMITH"},{"data":"Zap","floor":25,"key":"SMITH"},{"floor":30,"key":"REST"},{"data":"Compile Driver","floor":32,"key":"SMITH"},{"data":"Capacitor","floor":41,"key":"SMITH"},{"data":"Defend_B","floor":44,"key":"SMITH"},{"floor":47,"key":"REST"},{"floor":49,"key":"REST"}],"neow_cost":"NONE","seed_source_timestamp":0,"circlet_count":0,"master_deck":["Defend_B+1","Zap+1","Dualcast+1","Doom and Gloom+1","Doom and Gloom+1","Seek+1","Undo+1","Undo+1","Multi-Cast+1","Capacitor+1","Redo+1","White Noise+1"],"special_seed":0,"relics":["Cracked Core","Juzu Bracelet","Mercury Hourglass","Toxic Egg 2","Nuclear Battery","Blood Vial","Bottled Lightning","Lantern","Sundial","Busted Crown","Pear"],"potions_floor_usage":[33,50,50],"damage_taken":[{"damage":0.0,"enemies":"2 Louse","floor":1.0,"turns":2.0},{"damage":1.0,"enemies":"Cultist","floor":4.0,"turns":3.0},{"damage":20.0,"enemies":"3 Sentries","floor":7.0,"turns":9.0},{"damage":0.0,"enemies":"Small Slimes","floor":10.0,"turns":1.0},{"damage":3.0,"enemies":"Red Slaver","floor":12.0,"turns":2.0},{"damage":2.0,"enemies":"Large Slime","floor":14.0,"turns":4.0},{"damage":51.0,"enemies":"Hexaghost","floor":16.0,"turns":8.0},{"damage":0,"enemies":"Chosen","floor":18,"turns":4},{"damage":14,"enemies":"Book of Stabbing","floor":24,"turns":6},{"damage":0,"enemies":"Spheric Guardian","floor":29,"turns":3},{"damage":0,"enemies":"3 Cultists","floor":31,"turns":3},{"damage":16,"enemies":"Collector","floor":33,"turns":6},{"damage":0,"enemies":"Orb Walker","floor":35,"turns":2},{"damage":1,"enemies":"3 Darklings","floor":38,"turns":2},{"damage":0,"enemies":"Maw","floor":40,"turns":4},{"damage":0,"enemies":"Sphere and 2 Shapes","floor":42,"turns":2},{"damage":25,"enemies":"4 Shapes","floor":45,"turns":2},{"damage":4,"enemies":"3 Darklings","floor":46,"turns":2},{"damage":6,"enemies":"Sphere and 2 Shapes","floor":48,"turns":2},{"damage":22,"enemies":"Awakened One","floor":50,"turns":7}],"seed_played":"7225344174627305213","potions_obtained":[{"floor":7.0,"key":"Ancient Potion"},{"floor":10.0,"key":"Explosive Potion"},{"floor":12.0,"key":"FearPotion"},{"floor":18,"key":"EssenceOfSteel"},{"floor":29,"key":"FearPotion"},{"floor":38,"key":"FearPotion"},{"floor":40,"key":"Energy Potion"},{"floor":45,"key":"FocusPotion"}],"is_trial":false,"path_per_floor":["M","$","?","M","?","R","E","$","T","M","R","M","?","M","R","B",null,"M","?","?","?","$","R","E","R","T","?","T","M","R","M","R","B",null,"M","$","?","M","$","M","R","M","T","R","M","M","R","M","R","B"],"character_chosen":"DEFECT","items_purchased":["Capacitor"],"campfire_rested":4,"item_purchase_floors":[39],"current_hp_per_floor":[75,75,75,74,74,74,54,54,54,54,54,51,40,38,60,9,75,75,75,75,75,75,75,61,61,61,61,61,63,75,75,75,59,75,75,75,75,74,74,75,75,75,85,85,60,58,83,79,85,63],"gold":234,"neow_bonus":"TRANSFORM_CARD","is_prod":false,"is_daily":false,"chose_seed":false,"campfire_upgraded":7,"win_rate":0.0,"timestamp":1530847485,"path_taken":["M","$","?","?","?","R","E","$","T","M","R","M","?","M","R","BOSS","M","?","?","?","$","R","E","R","T","?","?","M","R","M","R","BOSS","M","$","?","M","$","M","R","M","T","R","M","M","R","M","R","BOSS"],"build_version":"2018-07-05","purchased_purges":4,"victory":true,"max_hp_per_floor":[75,75,75,75,75,75,75,75,75,75,75,75,75,75,75,75,75,75,75,75,75,75,75,75,75,75,75,75,75,75,75,75,75,75,75,75,75,75,75,75,75,75,85,85,85,85,85,85,85,85],"card_choices":[{"not_picked":["Compile Driver","Sweeping Beam","Streamline"],"picked":"SKIP","floor":1.0},{"not_picked":["Sweeping Beam","Hologram","Defragment"],"picked":"SKIP","floor":4.0},{"not_picked":["Stack","Barrage"],"picked":"Doom and Gloom","floor":7.0},{"not_picked":["Defragment","Coolheaded+1"],"picked":"Doom and Gloom","floor":10.0},{"not_picked":["Doom and Gloom","Heatsinks","Cold Snap"],"picked":"SKIP","floor":12.0},{"not_picked":["Hello World","Stack+1","Rebound"],"picked":"SKIP","floor":14.0},{"not_picked":["Hello World","Stack+1","Rebound"],"picked":"SKIP","floor":14.0},{"not_picked":["Thunder Strike","Buffer"],"picked":"Seek+1","floor":16.0},{"not_picked":["Beam Cell+1","Scrape+1"],"picked":"Undo+1","floor":18},{"not_picked":["Cold Snap","Rip and Tear","Chill+1"],"picked":"SKIP","floor":24},{"not_picked":["Glacier+1","Ball Lightning","Steam+1"],"picked":"SKIP","floor":29},{"not_picked":["Skim+1","Force Field+1","Streamline"],"picked":"SKIP","floor":31},{"not_picked":["Rainbow+1","Amplify+1"],"picked":"Multi-Cast+1","floor":33},{"not_picked":["Compile Driver+1"],"picked":"SKIP","floor":35},{"not_picked":["Leap+1"],"picked":"SKIP","floor":38},{"not_picked":["Cold Snap+1"],"picked":"SKIP","floor":40},{"not_picked":[],"picked":"Redo+1","floor":42},{"not_picked":[],"picked":"White Noise+1","floor":45},{"not_picked":["Stack+1"],"picked":"SKIP","floor":46},{"not_picked":["Redo+1"],"picked":"SKIP","floor":48}],"player_experience":74412,"relics_obtained":[{"floor":7.0,"key":"Mercury Hourglass"},{"floor":9.0,"key":"Toxic Egg 2"},{"floor":24,"key":"Bottled Lightning"},{"floor":26,"key":"Lantern"},{"floor":28,"key":"Sundial"},{"floor":43,"key":"Pear"}],"event_choices":[{"event_name":"Living Wall","player_choice":"Forget","floor":3.0,"damage_taken":0.0},{"event_name":"Wheel of Change","player_choice":"Relic","floor":5.0,"damage_taken":0.0},{"event_name":"World of Goop","player_choice":"Gather Gold","floor":13.0,"damage_taken":0.0},{"event_name":"Purifier","player_choice":"One Purge","floor":19,"damage_taken":0},{"event_name":"Duplicator","player_choice":"One dupe","floor":20,"damage_taken":0},{"event_name":"Addict","player_choice":"Obtained Relic","floor":21,"damage_taken":0},{"event_name":"Nest","player_choice":"Stole From Cult","floor":27,"damage_taken":0},{"event_name":"Falling","player_choice":"Removed Attack","floor":37,"damage_taken":0}],"boss_relics":[{"not_picked":["Snecko Eye","Fusion Hammer"],"picked":"Nuclear Battery"},{"not_picked":["Runic Pyramid","Eternal Feather"],"picked":"Busted Crown"}],"items_purged_floors":[],"is_endless":false,"potions_floor_spawned":[7,10,12,18,29,38,40,45],"ascension_level":0}