{"gold_per_floor":[109,121,131,151,69,69,100,112,112,112,64,96,96,113,113,189,189,199,379,379,395,406,406,123,123,146,146,156,167,177,227,227,301,301,320,320,332,343,354,354,354,354,405,405,420,452,197,216,516,516],"floor_reached":51,"playtime":6870,"items_purged":["Strike_B+1"],"score":1322,"play_id":"07b7c6fa-0157-4f05-8667-dda050cfa4be","local_time":"20181012222028","is_ascension_mode":true,"campfire_choices":[{"floor":6.0,"key":"DIG"},{"floor":10.0,"key":"REST"},{"floor":13.0,"key":"DIG"},{"floor":15.0,"key":"DIG"},{"floor":23.0,"key":"DIG"},{"floor":25.0,"key":"REST"},{"floor":27.0,"key":"DIG"},{"floor":32.0,"key":"REST"},{"floor":40,"key":"DIG"},{"floor":42,"key":"DIG"},{"floor":44,"key":"DIG"},{"floor":49,"key":"DIG"}],"neow_cost":"TEN_PERCENT_HP_LOSS","seed_source_timestamp":0,"circlet_count":0,"master_deck":["Strike_B+1","Strike_B+1","Strike_B+1","Defend_B+1","Defend_B+1","Defend_B+1","Defend_B+1","Zap+1","Dualcast+1","AscendersBane","Compile Driver","Loop","Reinforced Body","Doom and Gloom","Cold Snap","Cold Snap","Loop","Fission+1","Hologram+1","Go for the Eyes","Coolheaded+1","Hologram+1","Sunder+1","All For One+1","Capacitor","Force Field+1","Buffer","Turbo+1","Creative AI","Turbo+1"],"special_seed":0,"relics":["Cracked Core","Shovel","Potion Belt","Centennial Puzzle","Vajra","Kunai","Happy Flower","Toxic Egg 2","Snecko Eye","Molten Egg 2","Matryoshka","Smiling Mask","Blood Vial","Singing Bowl","Cursed Key","Omamori","Bag of Marbles","PreservedInsect","War Paint","Thread and Needle","Strawberry","Bronze Scales","Old Coin"],"potions_floor_usage":[48,50,50],"damage_taken":[{"damage":1.0,"enemies":"Cultist","floor":1.0,"turns":4.0},{"damage":1.0,"enemies":"2 Louse","floor":2.0,"turns":3.0},{"damage":3.0,"enemies":"Jaw Worm","floor":3.0,"turns":4.0},{"damage":2.0,"enemies":"Large Slime","floor":4.0,"turns":4.0},{"damage":26.0,"enemies":"Gremlin Nob","floor":7.0,"turns":5.0},{"damage":14.0,"enemies":"Exordium Wildlife","floor":8.0,"turns":4.0},{"damage":9.0,"enemies":"3 Sentries","floor":12.0,"turns":7.0},{"damage":0.0,"enemies":"Exordium Thugs","floor":14.0,"turns":4.0},{"damage":6.0,"enemies":"Hexaghost","floor":16.0,"turns":9.0},{"damage":6.0,"enemies":"Spheric Guardian","floor":18.0,"turns":4.0},{"damage":0.0,"enemies":"Shell Parasite","floor":21.0,"turns":3.0},{"damage":12.0,"enemies":"Snake Plant","floor":22.0,"turns":3.0},{"damage":7.0,"enemies":"3 Cultists","floor":28.0,"turns":5.0},{"damage":7.0,"enemies":"Shelled Parasite and Fungi","floor":29.0,"turns":9.0},{"damage":2.0,"enemies":"Snake Plant","floor":30.0,"turns":6.0},{"damage":4,"enemies":"Automaton","floor":33,"turns":6},{"damage":0,"enemies":"Orb Walker","floor":35,"turns":1},{"damage":0,"enemies":"3 Shapes","floor":37,"turns":5},{"damage":0,"enemies":"Transient","floor":38,"turns":5},{"damage":3,"enemies":"4 Shapes","floor":39,"turns":8},{"damage":0,"enemies":"Sphere and 2 Shapes","floor":45,"turns":7},{"damage":0,"enemies":"Giant Head","floor":46,"turns":6},{"damage":0,"enemies":"Spire Growth","floor":48,"turns":6},{"damage":0,"enemies":"Donu and Deca","floor":50,"turns":10}],"seed_played":"-6841167490617360048","potions_obtained":[{"floor":1.0,"key":"SteroidPotion"},{"floor":3.0,"key":"Fire Potion"},{"floor":8.0,"key":"SkillPotion"},{"floor":12.0,"key":"SkillPotion"},{"floor":28.0,"key":"GamblersBrew"},{"floor":29.0,"key":"Energy Potion"},{"floor":33,"key":"Block Potion"},{"floor":35,"key":"Strength Potion"},{"floor":46,"key":"FocusPotion"},{"floor":48,"key":"Fire Potion"}],"is_trial":false,"path_per_floor":["M","M","M","M","$","R","E","M","T","R","$","E","R","M","R","B",null,"M","?","?","M","M","R","$","R","T","R","M","M","M","?","R","B",null,"M","?","M","M","M","R","?","R","T","R","M","E","$","M","R","B"],"character_chosen":"DEFECT","items_purchased":["Doom and Gloom","Dexterity Potion","Fire Potion","Coolheaded+1","Matryoshka","Bronze Scales","Turbo+1"],"campfire_rested":3,"item_purchase_floors":[5,5,11,24,24,47,47],"current_hp_per_floor":[63,62,59,57,57,57,31,17,17,36,36,27,27,27,27,21,53,47,23,23,23,11,11,11,30,30,30,25,22,22,22,41,39,59,61,61,65,69,67,67,67,67,67,67,71,79,79,81,81,81],"gold":516,"neow_bonus":"ONE_RARE_RELIC","is_prod":false,"is_daily":false,"chose_seed":false,"campfire_upgraded":0,"win_rate":0,"timestamp":1539397228,"path_taken":["M","?","M","M","$","R","E","M","T","R","?","E","R","M","R","BOSS","M","?","?","M","M","R","$","R","T","R","?","M","M","?","R","BOSS","M","?","M","M","?","R","?","R","T","R","?","E","$","M","R","BOSS"],"build_version":"2018-10-11","purchased_purges":1,"victory":true,"max_hp_per_floor":[64,64,64,64,64,64,64,64,64,64,64,64,64,64,64,64,64,64,64,64,64,64,64,64,64,64,64,64,66,66,66,66,66,66,66,66,68,70,70,70,70,70,70,70,72,79,79,81,81,81],"card_choices":[{"not_picked":["Tempest","Beam Cell","Force Field"],"picked":"SKIP","floor":1.0},{"not_picked":["Turbo","Storm"],"picked":"Compile Driver","floor":2.0},{"not_picked":["Rebound","Leap"],"picked":"Loop","floor":3.0},{"not_picked":["Steam","Compile Driver"],"picked":"Reinforced Body","floor":4.0},{"not_picked":["Auto Shields","Steam"],"picked":"Cold Snap","floor":7.0},{"not_picked":["Double Energy","Undo"],"picked":"Cold Snap","floor":8.0},{"not_picked":["Doom and Gloom","Reboot"],"picked":"Loop","floor":12.0},{"not_picked":["Sweeping Beam","Coolheaded","Reprogram"],"picked":"SKIP","floor":14.0},{"not_picked":["Rainbow+1","Biased Cognition"],"picked":"Fission+1","floor":16.0},{"not_picked":["Darkness+1","Compile Driver"],"picked":"Hologram+1","floor":18.0},{"not_picked":["Chaos+1","Steam+1","Gash"],"picked":"SKIP","floor":21.0},{"not_picked":["Chaos+1","Heatsinks"],"picked":"Go for the Eyes","floor":22.0},{"not_picked":["Leap+1","Loop"],"picked":"Hologram+1","floor":28.0},{"not_picked":["Coolheaded+1","Force Field+1","Go for the Eyes+1"],"picked":"Singing Bowl","floor":29.0},{"not_picked":["Cold Snap+1","Leap+1"],"picked":"Sunder+1","floor":30.0},{"not_picked":["Thunder Strike+1","Reboot+1"],"picked":"All For One+1","floor":33},{"not_picked":["Reprogram+1","Leap+1"],"picked":"Capacitor","floor":35},{"not_picked":["Steam+1","Aggregate+1","Turbo+1"],"picked":"Singing Bowl","floor":37},{"not_picked":["Barrage+1","Go for the Eyes+1","Ball Lightning+1"],"picked":"Singing Bowl","floor":38},{"not_picked":["Fusion+1","Chill+1"],"picked":"Turbo+1","floor":39},{"not_picked":["Streamline+1","Cold Snap+1","Compile Driver+1"],"picked":"Singing Bowl","floor":45},{"not_picked":["Stack+1","Beam Cell+1"],"picked":"Creative AI","floor":46},{"not_picked":["Redo+1","Cold Snap+1","Steam Power+1"],"picked":"Singing Bowl","floor":48}],"player_experience":529749,"relics_obtained":[{"floor":6.0,"key":"Potion Belt"},{"floor":7.0,"key":"Centennial Puzzle"},{"floor":9.0,"key":"Vajra"},{"floor":12.0,"key":"Kunai"},{"floor":13.0,"key":"Happy Flower"},{"floor":15.0,"key":"Toxic Egg 2"},{"floor":23.0,"key":"Molten Egg 2"},{"floor":26.0,"key":"Smiling Mask"},{"floor":26.0,"key":"Blood Vial"},{"floor":27.0,"key":"Singing Bowl"},{"floor":40,"key":"Omamori"},{"floor":42,"key":"Bag of Marbles"},{"floor":43,"key":"PreservedInsect"},{"floor":43,"key":"War Paint"},{"floor":44,"key":"Thread and Needle"},{"floor":46,"key":"Strawberry"},{"floor":49,"key":"Old Coin"}],"event_choices":[{"event_name":"Knowing Skull","player_choice":"GOLD POTION GOLD ","floor":19.0,"damage_taken":0.0},{"event_name":"Back to Basics","player_choice":"Simplicity","floor":20.0,"damage_taken":0.0},{"event_name":"Nest","player_choice":"Stole From Cult","floor":31.0,"damage_taken":0.0},{"event_name":"Match and Keep!","player_choice":"2 cards matched","floor":36,"damage_taken":0},{"event_name":"Tomb of Lord Red Mask","player_choice":"Ignored","floor":41,"damage_taken":0}],"is_beta":false,"boss_relics":[{"not_picked":["FrozenCore","Lizard Tail"],"picked":"Snecko Eye"},{"not_picked":["Runic Dome","Astrolabe"],"picked":"Cursed Key"}],"items_purged_floors":[47],"is_endless":false,"potions_floor_spawned":[1,3,8,12,28,29,33,35,46,48],"ascension_level":15}