{"gold_per_floor":[109,109,109,123,123,152,170,170,197,197,197,45,74,74,74,170,170,187,286,118,118,118,143,143,159,183,183,210,85,85,113,113,113],"floor_reached":33,"playtime":1778,"items_purged":["Strike_B","Strike_B","Dualcast"],"score":412,"play_id":"c01cba39-c252-4784-8be4-e72e4e5caf20","local_time":"20180906132912","is_ascension_mode":true,"campfire_choices":[{"data":"Zap","floor":8,"key":"SMITH"},{"floor":11,"key":"REST"},{"floor":15,"key":"REST"},{"floor":24,"key":"REST"},{"floor":27,"key":"REST"},{"floor":32,"key":"REST"}],"neow_cost":"NONE","seed_source_timestamp":1042332051905228,"circlet_count":0,"master_deck":["Defend_B","Defend_B","Defend_B","Defend_B","Zap+1","BootSequence","Chill","Melter","Self Repair","Tempest","Echo Form","Hyperbeam","Leap","Decay","Beam Cell"],"relics":["Cracked Core","Bag of Marbles","Juzu Bracelet","Happy Flower","Blood Vial","Mercury Hourglass","Nuclear Battery","Bag of Preparation","Bronze Scales","Lantern","Orichalcum"],"potions_floor_usage":[6,13,13,33,33],"damage_taken":[{"damage":0,"enemies":"2 Louse","floor":1,"turns":4},{"damage":7,"enemies":"Small Slimes","floor":4,"turns":3},{"damage":31,"enemies":"3 Sentries","floor":6,"turns":12},{"damage":0,"enemies":"Jaw Worm","floor":7,"turns":3},{"damage":24,"enemies":"Gremlin Nob","floor":13,"turns":4},{"damage":25,"enemies":"Slime Boss","floor":16,"turns":11},{"damage":24,"enemies":"2 Thieves","floor":18,"turns":3},{"damage":30,"enemies":"Gremlin Leader","floor":23,"turns":5},{"damage":11,"enemies":"Shell Parasite","floor":25,"turns":3},{"damage":62,"enemies":"Book of Stabbing","floor":28,"turns":6},{"damage":21,"enemies":"Slavers","floor":31,"turns":2},{"damage":46,"enemies":"Collector","floor":33,"turns":5}],"seed_played":"2030515543562594633","potions_obtained":[{"floor":4,"key":"SkillPotion"},{"floor":6,"key":"Swift Potion"},{"floor":7,"key":"Poison Potion"},{"floor":25,"key":"LiquidBronze"},{"floor":28,"key":"FocusPotion"}],"is_trial":false,"path_per_floor":["M","?","?","M","?","E","M","R","T","?","R","$","E","?","R","B",null,"M","?","$","?","?","E","R","M","T","R","E","$","?","E","R"],"character_chosen":"DEFECT","items_purchased":["Self Repair","Hyperbeam"],"campfire_rested":5,"item_purchase_floors":[12,20],"current_hp_per_floor":[68,68,73,66,59,28,28,28,28,21,45,45,30,30,54,38,70,55,55,55,55,55,34,58,56,56,80,25,25,25,13,37,0],"gold":113,"neow_bonus":"RANDOM_COMMON_RELIC","is_prod":false,"is_daily":false,"chose_seed":false,"campfire_upgraded":1,"win_rate":0,"timestamp":1536254952,"path_taken":["M","?","?","M","?","E","M","R","T","?","R","?","E","?","R","BOSS","M","?","$","?","?","E","R","M","T","R","E","?","?","E","R","BOSS"],"build_version":"2018-08-30","purchased_purges":3,"victory":false,"max_hp_per_floor":[75,75,80,80,80,80,80,80,80,80,80,80,80,80,80,80,80,80,80,80,80,80,80,80,80,80,80,80,80,80,80,80,80],"card_choices":[{"not_picked":["Barrage","Reinforced Body","Force Field"],"picked":"SKIP","floor":1},{"not_picked":["Turbo","Tempest"],"picked":"BootSequence","floor":4},{"not_picked":["Tempest","Ball Lightning"],"picked":"Chill","floor":6},{"not_picked":["Undo","Sweeping Beam"],"picked":"Melter","floor":7},{"not_picked":["Aggregate","Streamline"],"picked":"Tempest","floor":13},{"not_picked":["Amplify","Multi-Cast"],"picked":"Echo Form","floor":16},{"not_picked":["Compile Driver+1","Cold Snap","Ball Lightning"],"picked":"SKIP","floor":18},{"not_picked":["Melter","Redo+1","Chill"],"picked":"SKIP","floor":23},{"not_picked":["Compile Driver","Barrage+1","Glacier+1"],"picked":"SKIP","floor":25},{"not_picked":["Stack","Electrodynamics"],"picked":"Leap","floor":28},{"not_picked":["Streamline","Chill"],"picked":"Beam Cell","floor":31}],"player_experience":311462,"relics_obtained":[{"floor":6,"key":"Juzu Bracelet"},{"floor":9,"key":"Happy Flower"},{"floor":13,"key":"Mercury Hourglass"},{"floor":23,"key":"Bag of Preparation"},{"floor":26,"key":"Bronze Scales"},{"floor":28,"key":"Lantern"},{"floor":31,"key":"Orichalcum"}],"event_choices":[{"event_name":"Liars Game","player_choice":"disagreed","floor":2,"damage_taken":0},{"event_name":"Big Fish","player_choice":"Donut","floor":3,"damage_taken":0},{"event_name":"Golden Wing","player_choice":"Card Removal","floor":5,"damage_taken":0},{"event_name":"Scrap Ooze","player_choice":"success","floor":10,"damage_taken":7},{"event_name":"Golden Idol","player_choice":"Ignored","floor":14,"damage_taken":0},{"event_name":"Nest","player_choice":"Stole From Cult","floor":19,"damage_taken":0},{"event_name":"Back to Basics","player_choice":"Elegance","floor":21,"damage_taken":0},{"event_name":"Match and Keep!","player_choice":"0 cards matched","floor":22,"damage_taken":0},{"event_name":"Forgotten Altar","player_choice":"Smashed Altar","floor":30,"damage_taken":0}],"is_beta":false,"boss_relics":[{"not_picked":["Ectoplasm","Philosopher\u0027s Stone"],"picked":"Nuclear Battery"}],"items_purged_floors":[12,20,29],"is_endless":false,"potions_floor_spawned":[4,6,7,25,28],"killed_by":"Collector","ascension_level":7}