{"gold_per_floor":[114,114,114,131,56,56,82,95,118,150,169,17,17,28,28,102,102,115,3,22,22,22,22,57,70,70,82,82],"floor_reached":28,"playtime":528,"items_purged":["Strike_G"],"score":546,"play_id":"4f803f00-bf0b-42d2-b8b2-bc3125eebf82","local_time":"20190820143809","is_ascension_mode":true,"campfire_choices":[{"data":"Deadly Poison","floor":6.0,"key":"SMITH"},{"floor":13.0,"key":"REST"},{"data":"Catalyst","floor":15.0,"key":"SMITH"},{"data":"Well Laid Plans","floor":23.0,"key":"SMITH"}],"neow_cost":"NONE","seed_source_timestamp":451142560802000,"circlet_count":0,"master_deck":["AscendersBane","Strike_G","Strike_G","Strike_G","Defend_G","Defend_G","Defend_G","Defend_G","Defend_G","Survivor","Neutralize","Deadly Poison+1","Backflip","Catalyst","Catalyst+1","Corpse Explosion","Well Laid Plans+1","Burst"],"special_seed":0,"relics":["Ring of the Snake","NeowsBlessing","CultistMask","Regal Pillow","Oddly Smooth Stone","Bottled Lightning","Cursed Key","Darkstone Periapt"],"potions_floor_usage":[],"damage_taken":[{"damage":0.0,"enemies":"Jaw Worm","floor":1.0,"turns":1.0},{"damage":0.0,"enemies":"Small Slimes","floor":4.0,"turns":1.0},{"damage":0.0,"enemies":"3 Sentries","floor":7.0,"turns":1.0},{"damage":1.0,"enemies":"Cultist","floor":8.0,"turns":5.0},{"damage":60.0,"enemies":"Gremlin Nob","floor":10.0,"turns":6.0},{"damage":1.0,"enemies":"3 Louse","floor":11.0,"turns":5.0},{"damage":1.0,"enemies":"Blue Slaver","floor":14.0,"turns":3.0},{"damage":34.0,"enemies":"The Guardian","floor":16.0,"turns":8.0},{"damage":14.0,"enemies":"Shell Parasite","floor":18.0,"turns":3.0},{"damage":3.0,"enemies":"3 Byrds","floor":20.0,"turns":2.0},{"damage":21.0,"enemies":"Slavers","floor":24.0,"turns":2.0},{"damage":11.0,"enemies":"Shelled Parasite and Fungi","floor":25.0,"turns":3.0},{"damage":0,"enemies":"3 Cultists","floor":27,"turns":3},{"damage":6,"enemies":"Snecko","floor":28,"turns":2}],"seed_played":"-8214613252584775661","potions_obtained":[{"floor":4.0,"key":"SpeedPotion"},{"floor":7.0,"key":"GamblersBrew"},{"floor":8.0,"key":"PowerPotion"},{"floor":24.0,"key":"Explosive Potion"}],"is_trial":false,"path_per_floor":["M","?","?","M","?","R","E","M","T","E","M","$","R","M","R","B",null,"M","$","M","?","T","R","E","M","T","M","M"],"character_chosen":"THE_SILENT","items_purchased":["Corpse Explosion","Well Laid Plans"],"campfire_rested":1,"item_purchase_floors":[12,19],"current_hp_per_floor":[59,64,64,64,64,64,64,63,63,3,2,2,38,37,37,3,54,40,40,37,37,37,37,16,5,5,5,0],"gold":82,"neow_bonus":"THREE_ENEMY_KILL","is_prod":false,"is_daily":false,"chose_seed":false,"campfire_upgraded":3,"win_rate":0,"timestamp":1566283089,"path_taken":["M","?","?","?","?","R","E","M","T","E","M","$","R","M","R","BOSS","M","$","M","?","?","R","E","M","T","?","M"],"build_version":"2019-07-17","purchased_purges":1,"victory":false,"max_hp_per_floor":[66,71,71,71,71,71,71,71,71,71,71,71,71,71,71,71,71,71,71,71,71,71,71,71,71,71,71,71],"card_choices":[{"not_picked":["Finisher","Flying Knee"],"picked":"Deadly Poison","floor":1.0},{"not_picked":["Concentrate","Flying Knee"],"picked":"Backflip","floor":4.0},{"not_picked":["Cloak And Dagger","Backstab","Dagger Spray"],"picked":"SKIP","floor":7.0},{"not_picked":["Skewer","Slice","Finisher"],"picked":"SKIP","floor":8.0},{"not_picked":["Dagger Spray","Crippling Poison"],"picked":"Catalyst","floor":10.0},{"not_picked":["Distraction","Footwork"],"picked":"Catalyst","floor":11.0},{"not_picked":["Bane","Heel Hook","Quick Slash"],"picked":"SKIP","floor":14.0},{"not_picked":["Infinite Blades","Dagger Spray","PiercingWail"],"picked":"SKIP","floor":18.0},{"not_picked":["Sucker Punch","Slice","Underhanded Strike"],"picked":"SKIP","floor":20.0},{"not_picked":["Dagger Spray","Well Laid Plans","Dash"],"picked":"SKIP","floor":24.0},{"not_picked":["Well Laid Plans","Dagger Spray","Skewer"],"picked":"SKIP","floor":25.0},{"not_picked":["Dagger Throw","Flying Knee+1"],"picked":"Burst","floor":27}],"player_experience":852497,"relics_obtained":[{"floor":7.0,"key":"Regal Pillow"},{"floor":9.0,"key":"Oddly Smooth Stone"},{"floor":10.0,"key":"Bottled Lightning"},{"floor":24.0,"key":"Darkstone Periapt"}],"event_choices":[{"damage_healed":0.0,"max_hp_gain":5.0,"max_hp_loss":0.0,"gold_gain":0.0,"event_name":"Big Fish","player_choice":"Donut","floor":2.0,"gold_loss":0.0,"damage_taken":0.0},{"damage_healed":0.0,"max_hp_gain":0.0,"max_hp_loss":0.0,"gold_gain":0.0,"event_name":"FaceTrader","player_choice":"Trade","floor":3.0,"gold_loss":0.0,"damage_taken":0.0,"relics_obtained":["CultistMask"]},{"cards_removed":["Strike_G"],"damage_healed":0.0,"max_hp_gain":0.0,"max_hp_loss":0.0,"gold_gain":0.0,"event_name":"The Cleric","player_choice":"Card Removal","floor":5.0,"gold_loss":75.0,"damage_taken":0.0},{"damage_healed":0.0,"max_hp_gain":0.0,"max_hp_loss":0.0,"gold_gain":0.0,"event_name":"Cursed Tome","player_choice":"Ignored","floor":21.0,"gold_loss":0.0,"damage_taken":0.0}],"is_beta":false,"boss_relics":[{"not_picked":["HoveringKite","Orrery"],"picked":"Cursed Key"}],"items_purged_floors":[19],"is_endless":false,"potions_floor_spawned":[4,7,8,10,16,18,20,24],"killed_by":"Snecko","ascension_level":20}