{"gold_per_floor":[114,114,130,0,19,19,53,53,53,53,53,71,82,97,97,172,172,190,240,240,257,257,257,274,289,337,43,43,43,43,56,56,129,129,139,155,255,255,273,273,287,305,305,305,163,189,206,241,241,241,241,241,241,11,36,36],"floor_reached":57,"playtime":2605,"items_purged":["Strike_B","Defend_B"],"score":2928,"play_id":"e7ac16b4-c160-46dc-ac57-8acc4bcfc5a6","local_time":"20190814153934","is_ascension_mode":true,"campfire_choices":[{"floor":6.0,"key":"REST"},{"data":"Consume","floor":8.0,"key":"SMITH"},{"data":"Fission","floor":11.0,"key":"SMITH"},{"data":"Zap","floor":15.0,"key":"SMITH"},{"data":"Coolheaded","floor":23.0,"key":"SMITH"},{"data":"Coolheaded","floor":28.0,"key":"SMITH"},{"data":"Hologram","floor":32.0,"key":"SMITH"},{"data":"Heatsinks","floor":40.0,"key":"SMITH"},{"data":"Capacitor","floor":44.0,"key":"SMITH"},{"floor":49.0,"key":"RECALL"},{"floor":53.0,"key":"DIG"}],"neow_cost":"PERCENT_DAMAGE","seed_source_timestamp":1546736948167200,"circlet_count":0,"master_deck":["AscendersBane","Defend_B+1","Zap+1","Dualcast","Consume+1","Ball Lightning","Coolheaded+1","Fission+1","Capacitor+1","Hologram","Electrodynamics","Hologram+1","Turbo","Heatsinks+1","Coolheaded+1","Turbo+1","Compile Driver","Rainbow+1","Loop+1","Static Discharge+1","Gash+1","Deep Breath+1","Impatience+1","Double Energy+1","Capacitor","White Noise+1"],"special_seed":0,"relics":["Turnip","Cables","Nuclear Battery","Toxic Egg 2","Symbiotic Virus","Nloth\u0027s Gift","Astrolabe","Shovel","Letter Opener","Pear","Bottled Lightning","Bottled Tornado","Runic Capacitor","Kunai"],"potions_floor_usage":[56,56],"damage_taken":[{"damage":1.0,"enemies":"Cultist","floor":1.0,"turns":3.0},{"damage":11.0,"enemies":"Jaw Worm","floor":3.0,"turns":4.0},{"damage":10.0,"enemies":"Small Slimes","floor":5.0,"turns":4.0},{"damage":12.0,"enemies":"Lagavulin","floor":7.0,"turns":7.0},{"damage":3.0,"enemies":"Looter","floor":12.0,"turns":2.0},{"damage":1.0,"enemies":"Exordium Thugs","floor":13.0,"turns":4.0},{"damage":0.0,"enemies":"Blue Slaver","floor":14.0,"turns":3.0},{"damage":2.0,"enemies":"Hexaghost","floor":16.0,"turns":8.0},{"damage":0.0,"enemies":"3 Byrds","floor":18.0,"turns":2.0},{"damage":1.0,"enemies":"Spheric Guardian","floor":21.0,"turns":3.0},{"damage":2.0,"enemies":"Centurion and Healer","floor":24.0,"turns":4.0},{"damage":0.0,"enemies":"3 Cultists","floor":25.0,"turns":2.0},{"damage":18.0,"enemies":"Shelled Parasite and Fungi","floor":31.0,"turns":5.0},{"damage":13.0,"enemies":"Collector","floor":33.0,"turns":7.0},{"damage":0.0,"enemies":"3 Darklings","floor":35.0,"turns":3.0},{"damage":13.0,"enemies":"Orb Walker","floor":36.0,"turns":2.0},{"damage":3.0,"enemies":"Mind Bloom Boss Battle","floor":37.0,"turns":6.0},{"damage":10.0,"enemies":"Writhing Mass","floor":39.0,"turns":5.0},{"damage":0.0,"enemies":"3 Darklings","floor":41.0,"turns":2.0},{"damage":0.0,"enemies":"Transient","floor":42.0,"turns":6.0},{"damage":0.0,"enemies":"Reptomancer","floor":46.0,"turns":2.0},{"damage":4.0,"enemies":"Writhing Mass","floor":47.0,"turns":2.0},{"damage":0.0,"enemies":"Giant Head","floor":48.0,"turns":4.0},{"damage":4.0,"enemies":"Time Eater","floor":50.0,"turns":8.0},{"damage":0.0,"enemies":"Awakened One","floor":51.0,"turns":15.0},{"damage":0.0,"enemies":"Shield and Spear","floor":55.0,"turns":2.0},{"damage":42,"enemies":"The Heart","floor":56,"turns":6}],"seed_played":"3185865023509562233","potions_obtained":[{"floor":3.0,"key":"Explosive Potion"},{"floor":5.0,"key":"FairyPotion"},{"floor":13.0,"key":"Strength Potion"},{"floor":18.0,"key":"Energy Potion"},{"floor":21.0,"key":"Ancient Potion"},{"floor":35.0,"key":"GamblersBrew"},{"floor":42.0,"key":"PowerPotion"},{"floor":47.0,"key":"Ancient Potion"}],"is_trial":false,"path_per_floor":["M","?","M","$","M","R","E","R","T","?","R","M","M","M","R","B",null,"M","?","?","M","?","R","M","M","T","$","R","T","?","M","R","B",null,"M","M","?","?","M","R","M","M","T","R","$","E","M","E","R","B","B",null,"R","$","E","B",null],"character_chosen":"DEFECT","items_purchased":["Coolheaded","Toxic Egg 2","Turbo+1","Capacitor","Runic Capacitor"],"campfire_rested":1,"item_purchase_floors":[4,27,27,45,54],"current_hp_per_floor":[45,24,13,13,3,24,12,12,12,35,35,32,31,31,31,29,61,61,61,41,40,40,40,38,38,38,38,38,38,38,20,20,7,59,59,46,43,33,23,23,23,23,23,23,23,33,29,29,29,25,25,71,71,71,71,29],"gold":36,"neow_bonus":"REMOVE_TWO","is_prod":false,"is_daily":false,"chose_seed":false,"campfire_upgraded":8,"win_rate":0,"timestamp":1565768374,"path_taken":["M","?","M","$","M","R","E","R","T","?","R","M","M","M","R","BOSS","M","?","?","?","?","R","M","M","T","$","R","?","?","M","R","BOSS","M","M","?","?","M","R","?","M","T","R","$","E","M","E","R","BOSS","BOSS","R","$","E","BOSS"],"build_version":"2019-07-17","purchased_purges":2,"victory":true,"max_hp_per_floor":[71,71,71,71,71,71,71,71,71,71,71,71,71,71,71,71,71,71,71,76,76,76,76,76,76,76,76,76,76,76,76,76,76,76,76,76,76,76,76,76,76,76,76,76,76,86,86,86,86,86,86,86,86,86,86,86],"card_choices":[{"not_picked":["Redo","Compile Driver"],"picked":"Consume","floor":1.0},{"not_picked":["Static Discharge","Leap"],"picked":"Ball Lightning","floor":3.0},{"not_picked":["Darkness","Gash","Tempest"],"picked":"SKIP","floor":5.0},{"not_picked":["Hologram","Cold Snap"],"picked":"Fission","floor":7.0},{"not_picked":["Force Field","Conserve Battery"],"picked":"Capacitor","floor":12.0},{"not_picked":["Redo","Sweeping Beam","Beam Cell"],"picked":"SKIP","floor":13.0},{"not_picked":["Redo","Sweeping Beam","Beam Cell"],"picked":"SKIP","floor":13.0},{"not_picked":["Melter","Gash"],"picked":"Hologram","floor":14.0},{"not_picked":["Amplify","All For One"],"picked":"Electrodynamics","floor":16.0},{"not_picked":["Cold Snap","Rip and Tear"],"picked":"Hologram","floor":18.0},{"not_picked":["Reprogram","Heatsinks"],"picked":"Turbo","floor":21.0},{"not_picked":["Streamline","Capacitor"],"picked":"Heatsinks","floor":24.0},{"not_picked":["Sunder+1","Conserve Battery+1"],"picked":"Coolheaded","floor":25.0},{"not_picked":["Sweeping Beam","Streamline"],"picked":"Compile Driver","floor":31.0},{"not_picked":["Electrodynamics","All For One"],"picked":"Rainbow+1","floor":33.0},{"not_picked":["Rebound+1","Coolheaded+1","Ball Lightning"],"picked":"SKIP","floor":35.0},{"not_picked":["Blizzard+1","FTL","Beam Cell+1"],"picked":"SKIP","floor":36.0},{"not_picked":["Secret Technique+1","Finesse+1"],"picked":"Deep Breath+1","floor":38.0},{"not_picked":["Enlightenment+1","Blind+1"],"picked":"Impatience+1","floor":38.0},{"not_picked":["Go for the Eyes","Force Field+1","Ball Lightning"],"picked":"SKIP","floor":39.0},{"not_picked":["Barrage","Reinforced Body+1","Stack+1"],"picked":"SKIP","floor":41.0},{"not_picked":["Cold Snap","Hologram+1"],"picked":"Double Energy+1","floor":42.0},{"not_picked":["Multi-Cast+1","Tempest+1","All For One"],"picked":"SKIP","floor":46.0},{"not_picked":["Conserve Battery+1","Ball Lightning","Chill+1"],"picked":"SKIP","floor":47.0},{"not_picked":["Gash","Undo+1","All For One"],"picked":"SKIP","floor":48.0},{"not_picked":["Scrape","Self Repair"],"picked":"White Noise+1","floor":55.0}],"player_experience":800952,"relics_obtained":[{"floor":7.0,"key":"Turnip"},{"floor":9.0,"key":"Cables"},{"floor":29.0,"key":"Symbiotic Virus"},{"floor":37.0,"key":"Shovel"},{"floor":43.0,"key":"Letter Opener"},{"floor":46.0,"key":"Pear"},{"floor":48.0,"key":"Bottled Lightning"},{"floor":53.0,"key":"Bottled Tornado"},{"floor":55.0,"key":"Kunai"}],"event_choices":[{"damage_healed":0.0,"max_hp_gain":0.0,"max_hp_loss":0.0,"gold_gain":0.0,"event_name":"Shining Light","player_choice":"Entered Light","floor":2.0,"gold_loss":0.0,"damage_taken":21.0,"cards_upgraded":["Strike_B","Defend_B"]},{"damage_healed":23.0,"max_hp_gain":0.0,"max_hp_loss":0.0,"gold_gain":0.0,"event_name":"Big Fish","player_choice":"Banana","floor":10.0,"gold_loss":0.0,"damage_taken":0.0},{"damage_healed":0.0,"max_hp_gain":0.0,"max_hp_loss":0.0,"gold_gain":50.0,"event_name":"Nest","player_choice":"Stole From Cult","floor":19.0,"gold_loss":0.0,"damage_taken":0.0},{"damage_healed":0.0,"max_hp_gain":5.0,"max_hp_loss":0.0,"gold_gain":0.0,"event_name":"Forgotten Altar","player_choice":"Shed Blood","floor":20.0,"gold_loss":0.0,"damage_taken":25.0},{"damage_healed":0.0,"max_hp_gain":0.0,"max_hp_loss":0.0,"gold_gain":0.0,"event_name":"Ghosts","player_choice":"Ignored","floor":22.0,"gold_loss":0.0,"damage_taken":0.0},{"damage_healed":0.0,"max_hp_gain":0.0,"max_hp_loss":0.0,"gold_gain":0.0,"event_name":"N\u0027loth","player_choice":"Traded Relic","floor":30.0,"relics_lost":["Cracked Core"],"gold_loss":0.0,"damage_taken":0.0,"relics_obtained":["Nloth\u0027s Gift"]},{"damage_healed":0.0,"max_hp_gain":0.0,"max_hp_loss":0.0,"gold_gain":0.0,"event_name":"MindBloom","player_choice":"Fight","floor":37.0,"gold_loss":0.0,"damage_taken":0.0},{"damage_healed":0.0,"max_hp_gain":0.0,"max_hp_loss":0.0,"gold_gain":0.0,"event_name":"SensoryStone","player_choice":"Memory 3","floor":38.0,"gold_loss":0.0,"damage_taken":10.0}],"is_beta":false,"boss_relics":[{"not_picked":["Pandora\u0027s Box","FrozenCore"],"picked":"Nuclear Battery"},{"not_picked":["Snecko Eye","White Beast Statue"],"picked":"Astrolabe"}],"items_purged_floors":[4,45],"is_endless":false,"potions_floor_spawned":[3,5,13,18,21,31,33,35,42,47,48,55],"ascension_level":20}