{"gold_per_floor":[113,143,143,158,158,190,190,5,5,19,36,36,36,52,52,126,126,146,163,37,37,47,47,47],"floor_reached":24,"playtime":495,"items_purged":["Strike_G"],"score":442,"play_id":"70517c07-c1f1-4da2-bef5-3af21a97a8cc","local_time":"20190816135820","is_ascension_mode":true,"campfire_choices":[{"data":"Poisoned Stab","floor":7.0,"key":"SMITH"},{"data":"Deadly Poison","floor":13.0,"key":"SMITH"},{"data":"Noxious Fumes","floor":15.0,"key":"SMITH"},{"data":"Neutralize","floor":23,"key":"SMITH"}],"neow_cost":"NONE","seed_source_timestamp":102818377056900,"circlet_count":0,"master_deck":["AscendersBane","Strike_G","Strike_G","Strike_G","Strike_G","Defend_G","Defend_G","Defend_G","Defend_G","Defend_G","Survivor","Neutralize+1","Poisoned Stab+1","Deflect","Deadly Poison+1","Well Laid Plans","Noxious Fumes+1","Adrenaline","Backflip","Purity"],"special_seed":0,"relics":["Ring of the Snake","NeowsBlessing","Tiny Chest","CultistMask","The Courier","Ice Cream","Runic Pyramid"],"potions_floor_usage":[24],"damage_taken":[{"damage":0.0,"enemies":"Small Slimes","floor":1.0,"turns":1.0},{"damage":0.0,"enemies":"Jaw Worm","floor":4.0,"turns":1.0},{"damage":0.0,"enemies":"3 Sentries","floor":6.0,"turns":1.0},{"damage":11.0,"enemies":"Cultist","floor":10.0,"turns":4.0},{"damage":2.0,"enemies":"Lots of Slimes","floor":11.0,"turns":5.0},{"damage":4.0,"enemies":"Exordium Wildlife","floor":14.0,"turns":4.0},{"damage":27.0,"enemies":"The Guardian","floor":16.0,"turns":9.0},{"damage":4.0,"enemies":"Spheric Guardian","floor":18.0,"turns":4.0},{"damage":8.0,"enemies":"3 Byrds","floor":19.0,"turns":5.0},{"damage":10,"enemies":"Centurion and Healer","floor":22,"turns":7},{"damage":34,"enemies":"Shelled Parasite and Fungi","floor":24,"turns":3}],"seed_played":"-2473697299605506800","potions_obtained":[{"floor":1.0,"key":"FearPotion"},{"floor":10.0,"key":"SteroidPotion"},{"floor":22,"key":"Poison Potion"}],"is_trial":false,"path_per_floor":["M","?","?","M","$","E","R","$","T","M","M","T","R","M","R","B",null,"M","M","$","?","M","R","M"],"character_chosen":"THE_SILENT","items_purchased":["Deflect","Deadly Poison","Well Laid Plans","Backflip","Purity"],"campfire_rested":0,"item_purchase_floors":[8,8,8,20,20],"current_hp_per_floor":[59,54,54,54,54,54,54,54,54,43,41,41,41,37,37,10,52,48,40,40,40,30,30,0],"gold":47,"neow_bonus":"THREE_ENEMY_KILL","is_prod":false,"is_daily":false,"chose_seed":false,"campfire_upgraded":4,"win_rate":0,"timestamp":1565935100,"path_taken":["M","?","?","?","?","E","R","$","T","M","M","?","R","M","R","BOSS","M","M","$","?","M","R","M"],"build_version":"2019-07-17","purchased_purges":1,"victory":false,"max_hp_per_floor":[66,66,66,66,66,66,66,66,66,66,66,66,66,66,66,66,66,66,66,66,66,66,66,66],"card_choices":[{"not_picked":["Masterful Stab","Flechettes","Sucker Punch"],"picked":"SKIP","floor":1.0},{"not_picked":["Eviscerate","Dodge and Roll","PiercingWail"],"picked":"SKIP","floor":4.0},{"not_picked":["Heel Hook","Outmaneuver"],"picked":"Poisoned Stab","floor":6.0},{"not_picked":["Bane","Quick Slash","Deflect"],"picked":"SKIP","floor":10.0},{"not_picked":["Flying Knee","Prepared","Setup"],"picked":"SKIP","floor":11.0},{"not_picked":["Choke","Dagger Throw"],"picked":"Noxious Fumes","floor":14.0},{"not_picked":["Storm of Steel","Envenom"],"picked":"Adrenaline","floor":16.0},{"not_picked":["Dodge and Roll","Heel Hook+1","Dagger Spray"],"picked":"SKIP","floor":18.0},{"not_picked":["Sucker Punch","Well Laid Plans+1","Blade Dance+1"],"picked":"SKIP","floor":19.0},{"not_picked":["Backflip","Dodge and Roll","Setup"],"picked":"SKIP","floor":22}],"player_experience":807673,"relics_obtained":[{"floor":6.0,"key":"The Courier"},{"floor":9.0,"key":"Ice Cream"}],"event_choices":[{"damage_healed":0.0,"max_hp_gain":0.0,"max_hp_loss":0.0,"gold_gain":0.0,"event_name":"Scrap Ooze","player_choice":"Success","floor":2.0,"gold_loss":0.0,"damage_taken":5.0,"relics_obtained":["Tiny Chest"]},{"damage_healed":0.0,"max_hp_gain":0.0,"max_hp_loss":0.0,"gold_gain":0.0,"event_name":"FaceTrader","player_choice":"Trade","floor":3.0,"gold_loss":0.0,"damage_taken":0.0,"relics_obtained":["CultistMask"]},{"damage_healed":0,"gold_gain":0,"player_choice":"Ignored","damage_taken":0,"max_hp_gain":0,"max_hp_loss":0,"event_name":"Ghosts","floor":21,"gold_loss":0}],"is_beta":false,"boss_relics":[{"not_picked":["Snecko Eye","HoveringKite"],"picked":"Runic Pyramid"}],"items_purged_floors":[8],"is_endless":false,"potions_floor_spawned":[1,10,22],"killed_by":"Shelled Parasite and Fungi","ascension_level":20}