{"gold_per_floor":[218,235,245,265,168,203,203,233,258,292,303,323,323,337,337,433,433,451,451,462,482,1,1],"floor_reached":23,"playtime":1241,"items_purged":["Strike_B"],"score":272,"play_id":"6dcbab98-e28a-4350-88d6-d0ee1b71874f","local_time":"20190714105358","is_ascension_mode":true,"campfire_choices":[{"floor":7,"key":"REST"},{"data":"Zap","floor":13,"key":"SMITH"},{"data":"Lockon","floor":15,"key":"SMITH"}],"neow_cost":"NONE","seed_source_timestamp":231554092212500,"circlet_count":0,"master_deck":["Strike_B","Strike_B","Strike_B","Defend_B","Defend_B","Defend_B","Defend_B","Zap+1","Dualcast","Gash","Coolheaded","Loop","Lockon+1","Compile Driver","Creative AI","Gash","Gash","Seek","Rebound","Glacier","Core Surge","Consume","Gash"],"relics":["Cracked Core","Shuriken","Bronze Scales","Blood Vial","Dream Catcher","Inserter","Enchiridion","Toxic Egg 2","Happy Flower"],"potions_floor_usage":[14,16],"damage_taken":[{"damage":0,"enemies":"Cultist","floor":1,"turns":4},{"damage":4,"enemies":"Jaw Worm","floor":2,"turns":3},{"damage":0,"enemies":"Small Slimes","floor":3,"turns":3},{"damage":9,"enemies":"Blue Slaver","floor":4,"turns":4},{"damage":35,"enemies":"Gremlin Nob","floor":6,"turns":4},{"damage":19,"enemies":"Lagavulin","floor":8,"turns":7},{"damage":17,"enemies":"3 Sentries","floor":10,"turns":6},{"damage":2,"enemies":"Exordium Wildlife","floor":11,"turns":4},{"damage":0,"enemies":"2 Fungi Beasts","floor":12,"turns":3},{"damage":4,"enemies":"Exordium Thugs","floor":14,"turns":4},{"damage":5,"enemies":"Hexaghost","floor":16,"turns":7},{"damage":14,"enemies":"3 Byrds","floor":18,"turns":3},{"damage":12,"enemies":"Chosen","floor":20,"turns":3},{"damage":15,"enemies":"Snake Plant","floor":21,"turns":4},{"damage":47,"enemies":"Gremlin Leader","floor":23,"turns":3}],"seed_played":"-3228719708472460945","potions_obtained":[{"floor":3,"key":"Strength Potion"},{"floor":6,"key":"SteroidPotion"},{"floor":10,"key":"Block Potion"},{"floor":12,"key":"Poison Potion"},{"floor":16,"key":"Strength Potion"}],"is_trial":false,"path_per_floor":["M","M","M","M","$","E","R","E","T","E","M","M","R","M","R","B",null,"M","?","M","M","$","E"],"character_chosen":"DEFECT","items_purchased":["Compile Driver","Consume","Gash","Toxic Egg 2","Happy Flower"],"campfire_rested":1,"item_purchase_floors":[5,22,22,22,22],"current_hp_per_floor":[75,71,71,62,62,27,49,30,30,15,15,17,17,15,15,12,75,61,45,35,22,22,0],"gold":1,"neow_bonus":"HUNDRED_GOLD","is_prod":false,"is_daily":false,"chose_seed":false,"campfire_upgraded":2,"win_rate":0,"timestamp":1563116038,"path_taken":["M","M","M","?","$","E","R","E","T","E","M","M","R","M","R","BOSS","M","?","M","M","$","E"],"build_version":"2019-07-05","purchased_purges":1,"victory":false,"max_hp_per_floor":[75,75,75,75,75,75,75,75,75,75,75,75,75,75,75,75,75,75,75,75,75,75,75],"card_choices":[{"not_picked":["Reprogram","Turbo"],"picked":"Gash","floor":1},{"not_picked":["Chaos","Undo"],"picked":"Coolheaded","floor":2},{"not_picked":["Coolheaded","Conserve Battery"],"picked":"Loop","floor":3},{"not_picked":["Melter","Redo"],"picked":"Lockon","floor":4},{"not_picked":["Hello World","Storm","Recycle"],"picked":"SKIP","floor":6},{"not_picked":["Reprogram","Force Field","Compile Driver"],"picked":"SKIP","floor":8},{"not_picked":["Blizzard","Compile Driver"],"picked":"Creative AI","floor":10},{"not_picked":["Redo","Go for the Eyes"],"picked":"Gash","floor":11},{"not_picked":["Beam Cell","Force Field"],"picked":"Gash","floor":12},{"not_picked":["Ball Lightning","Compile Driver","Blizzard"],"picked":"SKIP","floor":14},{"not_picked":["Hyperbeam","Meteor Strike"],"picked":"Seek","floor":16},{"not_picked":["Coolheaded","Stack"],"picked":"Rebound","floor":18},{"not_picked":["Reprogram","Rebound+1"],"picked":"Glacier","floor":20},{"not_picked":["Beam Cell","Rebound"],"picked":"Core Surge","floor":21}],"player_experience":850947,"relics_obtained":[{"floor":6,"key":"Shuriken"},{"floor":8,"key":"Bronze Scales"},{"floor":9,"key":"Blood Vial"},{"floor":10,"key":"Dream Catcher"},{"floor":19,"key":"Enchiridion"}],"event_choices":[{"damage_healed":0,"gold_gain":0,"player_choice":"Obtained Book","damage_taken":16,"max_hp_gain":0,"max_hp_loss":0,"event_name":"Cursed Tome","floor":19,"gold_loss":0}],"is_beta":false,"boss_relics":[{"not_picked":["Nuclear Battery","Fusion Hammer"],"picked":"Inserter"}],"items_purged_floors":[5],"is_endless":false,"potions_floor_spawned":[3,6,10,12,16],"killed_by":"Gremlin Leader","ascension_level":3}