{"gold_per_floor":[119,135,60,70,20,20,20,35,59,70,88,88,58,76,76,180,180,180,180,42,42,42,42,42,42,42,42,42,42,42,42,42,42,42,42,42,42,42,42,42,42,42,42,0,0,0,0,0,0,0],"floor_reached":51,"playtime":4592,"items_purged":["Strike_B","Strike_B"],"score":934,"play_id":"836046d9-d34d-4e12-91d0-120a28bab144","local_time":"20180726181720","is_ascension_mode":true,"campfire_choices":[{"data":"Zap","floor":6,"key":"SMITH"},{"data":"Genetic Algorithm","floor":12,"key":"SMITH"},{"data":"Dualcast","floor":15,"key":"SMITH"},{"floor":24,"key":"REST"},{"data":"Storm","floor":27,"key":"SMITH"},{"data":"Blizzard","floor":29,"key":"SMITH"},{"floor":32,"key":"REST"},{"data":"Hologram","floor":41,"key":"SMITH"},{"data":"Loop","floor":45,"key":"SMITH"},{"floor":49,"key":"REST"}],"neow_cost":"NONE","seed_source_timestamp":582721565914102,"circlet_count":0,"master_deck":["Defend_B","Defend_B","Defend_B","Zap+1","Dualcast+1","Glacier","Loop+1","Genetic Algorithm+1","Storm+1","Double Energy","Electrodynamics","Coolheaded","Blizzard+1","Cold Snap","Leap+1","Tempest","White Noise+1","Creative AI","Leap+1","Cold Snap+1","Tempest","Secret Technique","Madness","Madness","Hologram+1"],"relics":["Cracked Core","Potion Belt","Bronze Scales","Ectoplasm","Bag of Preparation","Calipers","Juzu Bracelet","Sozu","Incense Burner","Happy Flower","Toxic Egg 2","Ancient Tea Set","Red Mask","Mango"],"potions_floor_usage":[11,16,16,18,19,25,50],"damage_taken":[{"damage":2,"enemies":"Jaw Worm","floor":1,"turns":3},{"damage":1,"enemies":"Cultist","floor":2,"turns":4},{"damage":3,"enemies":"Small Slimes","floor":4,"turns":4},{"damage":11,"enemies":"Exordium Thugs","floor":8,"turns":7},{"damage":15,"enemies":"3 Louse","floor":10,"turns":3},{"damage":2,"enemies":"Red Slaver","floor":11,"turns":4},{"damage":0,"enemies":"Looter","floor":14,"turns":3},{"damage":3,"enemies":"The Guardian","floor":16,"turns":10},{"damage":6,"enemies":"Spheric Guardian","floor":18,"turns":4},{"damage":4,"enemies":"Shell Parasite","floor":19,"turns":6},{"damage":29,"enemies":"Book of Stabbing","floor":23,"turns":7},{"damage":0,"enemies":"Slavers","floor":25,"turns":2},{"damage":7,"enemies":"Snake Plant","floor":28,"turns":3},{"damage":18,"enemies":"Slaver and Parasite","floor":30,"turns":5},{"damage":0,"enemies":"Cultist and Chosen","floor":31,"turns":5},{"damage":0,"enemies":"Collector","floor":33,"turns":10},{"damage":0,"enemies":"Flame Bruiser 1 Orb","floor":35,"turns":4},{"damage":0,"enemies":"Orb Walker","floor":36,"turns":3},{"damage":9,"floor":37,"turns":4},{"damage":0,"enemies":"2 Orb Walkers","floor":40,"turns":3},{"damage":0,"enemies":"Giant Head","floor":42,"turns":9},{"damage":0,"enemies":"Spire Growth","floor":46,"turns":5},{"damage":16,"enemies":"4 Shapes","floor":47,"turns":4},{"damage":10,"enemies":"Time Eater","floor":50,"turns":12}],"seed_played":"5599418120616678208","potions_obtained":[{"floor":1,"key":"Energy Potion"},{"floor":2,"key":"Dexterity Potion"},{"floor":8,"key":"Poison Potion"},{"floor":13,"key":"AttackPotion"},{"floor":13,"key":"Block Potion"},{"floor":16,"key":"Strength Potion"},{"floor":19,"key":"FairyPotion"},{"floor":23,"key":"AttackPotion"},{"floor":30,"key":"Swift Potion"},{"floor":33,"key":"Dexterity Potion"}],"is_trial":false,"path_per_floor":["M","M","$","M","?","R","?","M","T","M","M","R","?","M","R","B",null,"M","M","$","?","?","E","R","E","T","R","M","R","M","M","R","B",null,"M","M","?","?","?","E","R","E","T","?","R","M","M","T","R","B"],"character_chosen":"DEFECT","items_purchased":["Blizzard"],"campfire_rested":3,"item_purchase_floors":[20],"current_hp_per_floor":[73,72,72,69,69,69,69,58,58,43,41,41,41,41,41,38,75,69,65,65,65,65,36,58,58,58,58,51,51,33,33,55,55,75,75,75,66,66,57,57,57,57,57,57,57,57,41,55,81,71],"gold":0,"neow_bonus":"RANDOM_COMMON_RELIC","is_prod":false,"is_daily":false,"chose_seed":false,"campfire_upgraded":7,"win_rate":0,"timestamp":1532643440,"path_taken":["M","M","$","M","?","R","?","M","T","M","?","R","?","M","R","BOSS","M","M","$","?","?","E","R","E","T","R","M","R","M","M","R","BOSS","M","M","?","?","?","E","R","E","T","?","R","M","M","?","R","BOSS"],"build_version":"2018-07-19v2","purchased_purges":2,"victory":true,"max_hp_per_floor":[75,75,75,75,75,75,75,75,75,75,75,75,75,75,75,75,75,75,75,75,75,75,75,75,75,75,75,75,75,75,75,75,75,75,75,75,75,75,75,75,75,75,75,75,75,75,75,89,89,89],"card_choices":[{"not_picked":["Barrage","Steam"],"picked":"Glacier","floor":1},{"not_picked":["Steam","Rip and Tear"],"picked":"Loop","floor":2},{"not_picked":["Ball Lightning","Stack","Rebound"],"picked":"SKIP","floor":4},{"not_picked":["Double Energy","Hello World"],"picked":"Genetic Algorithm","floor":8},{"not_picked":["Self Repair","Gash"],"picked":"Storm","floor":10},{"not_picked":["Turbo","Gash"],"picked":"Double Energy","floor":11},{"not_picked":["Sweeping Beam","Gash","Cold Snap"],"picked":"SKIP","floor":14},{"not_picked":["Biased Cognition","Seek"],"picked":"Electrodynamics","floor":16},{"not_picked":["Coolheaded","Rebound+1","Aggregate"],"picked":"SKIP","floor":18},{"not_picked":["Steam","Stack"],"picked":"Coolheaded","floor":19},{"not_picked":["Double Energy+1","Turbo"],"picked":"Cold Snap","floor":23},{"not_picked":["Scrape","Double Energy","Barrage"],"picked":"SKIP","floor":25},{"not_picked":["Static Discharge","Hologram"],"picked":"Leap+1","floor":28},{"not_picked":["Sweeping Beam+1","Static Discharge"],"picked":"Tempest","floor":30},{"not_picked":["Aggregate","Streamline"],"picked":"White Noise+1","floor":31},{"not_picked":["Biased Cognition","Meteor Strike"],"picked":"Creative AI","floor":33},{"not_picked":["Barrage+1","Stack+1"],"picked":"Leap+1","floor":35},{"not_picked":["Turbo+1","Stack+1"],"picked":"Cold Snap+1","floor":36},{"not_picked":["Barrage","Streamline+1"],"picked":"Tempest","floor":37},{"not_picked":["Dramatic Entrance","Panacea"],"picked":"Secret Technique","floor":38},{"not_picked":["Lockon","Compile Driver+1"],"picked":"Hologram","floor":40},{"not_picked":["Streamline+1","Leap","Hyperbeam"],"picked":"SKIP","floor":42},{"not_picked":["Beam Cell","Gash","Skim+1"],"picked":"SKIP","floor":46},{"not_picked":["Rebound","Doom and Gloom+1","Gash+1"],"picked":"SKIP","floor":47}],"player_experience":164587,"relics_obtained":[{"floor":9,"key":"Bronze Scales"},{"floor":23,"key":"Bag of Preparation"},{"floor":25,"key":"Calipers"},{"floor":26,"key":"Juzu Bracelet"},{"floor":37,"key":"Incense Burner"},{"floor":40,"key":"Happy Flower"},{"floor":42,"key":"Toxic Egg 2"},{"floor":43,"key":"Ancient Tea Set"},{"floor":48,"key":"Mango"}],"event_choices":[{"event_name":"The Cleric","player_choice":"Card Removal","floor":5,"damage_taken":0},{"event_name":"Bonfire Elementals","player_choice":"BASIC","floor":7,"damage_taken":0},{"event_name":"The Woman in Blue","player_choice":"Bought 2 Potions","floor":13,"damage_taken":0},{"event_name":"The Mausoleum","player_choice":"No","floor":21,"damage_taken":0},{"event_name":"Purifier","player_choice":"One Purge","floor":22,"damage_taken":0},{"event_name":"Mysterious Sphere","player_choice":"Fight","floor":37,"damage_taken":0},{"event_name":"SensoryStone","player_choice":"Memory 1","floor":38,"damage_taken":0},{"event_name":"Winding Halls","player_choice":"Embrace Madness","floor":39,"damage_taken":0},{"event_name":"Tomb of Lord Red Mask","player_choice":"Paid","floor":44,"damage_taken":0}],"is_beta":false,"boss_relics":[{"not_picked":["Orrery","Snecko Eye"],"picked":"Ectoplasm"},{"not_picked":["Tiny House","Cursed Key"],"picked":"Sozu"}],"items_purged_floors":[3,20],"is_endless":false,"potions_floor_spawned":[1,2,8,16,19,23,30,33,35,37],"ascension_level":3}