{"gold_per_floor":[109,109,125,145,163,196,196,207,207,224,248,248,282,298,298,298],"floor_reached":16,"playtime":2872,"items_purged":[],"score":200,"play_id":"a259cf18-f597-41c8-b453-3294eaa1c325","local_time":"20190821140203","is_ascension_mode":true,"campfire_choices":[{"floor":7,"key":"REST"},{"floor":12,"key":"REST"},{"floor":15,"key":"REST"}],"neow_cost":"NONE","seed_source_timestamp":269753761067500,"circlet_count":0,"master_deck":["AscendersBane","Strike_G","Strike_G","Strike_G","Strike_G","Strike_G","Defend_G","Defend_G","Defend_G","Defend_G","Defend_G","Survivor","Neutralize","Dagger Spray","Dodge and Roll","Dodge and Roll","Poisoned Stab","Flying Knee","Terror","Sucker Punch","Dash"],"relics":["Velvet Choker","CultistMask","Ancient Tea Set","Pear","Odd Mushroom","Prayer Wheel"],"potions_floor_usage":[11],"damage_taken":[{"damage":0,"enemies":"2 Louse","floor":1,"turns":3},{"damage":7,"enemies":"Cultist","floor":3,"turns":5},{"damage":0,"enemies":"Small Slimes","floor":4,"turns":4},{"damage":32,"enemies":"Exordium Thugs","floor":5,"turns":9},{"damage":9,"enemies":"3 Sentries","floor":6,"turns":10},{"damage":4,"enemies":"Blue Slaver","floor":8,"turns":5},{"damage":2,"enemies":"2 Fungi Beasts","floor":10,"turns":4},{"damage":5,"enemies":"The Mushroom Lair","floor":11,"turns":3},{"damage":31,"enemies":"Gremlin Nob","floor":13,"turns":5},{"damage":9,"enemies":"Gremlin Gang","floor":14,"turns":6},{"damage":45,"enemies":"Slime Boss","floor":16,"turns":11}],"seed_played":"6102224064622729140","potions_obtained":[{"floor":3,"key":"Strength Potion"},{"floor":6,"key":"SteroidPotion"},{"floor":14,"key":"LiquidBronze"}],"is_trial":false,"path_per_floor":["M","?","M","M","M","E","R","M","T","M","?","R","E","M","R","B"],"character_chosen":"THE_SILENT","items_purchased":[],"campfire_rested":3,"item_purchase_floors":[],"current_hp_per_floor":[59,59,52,52,20,11,30,26,36,34,29,51,20,11,33,0],"gold":298,"neow_bonus":"BOSS_RELIC","is_prod":false,"is_daily":false,"chose_seed":false,"campfire_upgraded":0,"win_rate":0,"timestamp":1566367323,"path_taken":["M","?","M","M","M","E","R","M","T","?","?","R","E","M","R","BOSS"],"build_version":"2019-07-17","purchased_purges":0,"victory":false,"max_hp_per_floor":[66,66,66,66,66,66,66,66,76,76,76,76,76,76,76,76],"card_choices":[{"not_picked":["Distraction","Blade Dance"],"picked":"Dagger Spray","floor":1},{"not_picked":["Expertise","Outmaneuver"],"picked":"Dodge and Roll","floor":3},{"not_picked":["Underhanded Strike","PiercingWail"],"picked":"Dodge and Roll","floor":4},{"not_picked":["PiercingWail","Caltrops"],"picked":"Poisoned Stab","floor":5},{"not_picked":["Accuracy","Dodge and Roll"],"picked":"Flying Knee","floor":6},{"not_picked":["Quick Slash","Dodge and Roll","Bane"],"picked":"SKIP","floor":8},{"not_picked":["Concentrate","Underhanded Strike"],"picked":"Terror","floor":10},{"not_picked":["Grand Finale","Quick Slash"],"picked":"Sucker Punch","floor":11},{"not_picked":["Dodge and Roll","Outmaneuver","Finisher"],"picked":"SKIP","floor":13},{"not_picked":["Poisoned Stab","Finisher"],"picked":"Dash","floor":14},{"not_picked":["Flying Knee","Bane","Acrobatics"],"picked":"SKIP","floor":14}],"player_experience":888317,"relics_obtained":[{"floor":6,"key":"Ancient Tea Set"},{"floor":9,"key":"Pear"},{"floor":11,"key":"Odd Mushroom"},{"floor":13,"key":"Prayer Wheel"}],"event_choices":[{"damage_healed":0,"gold_gain":0,"player_choice":"Trade","damage_taken":0,"relics_obtained":["CultistMask"],"max_hp_gain":0,"max_hp_loss":0,"event_name":"FaceTrader","floor":2,"gold_loss":0},{"damage_healed":0,"gold_gain":0,"player_choice":"Fought Mushrooms","damage_taken":0,"max_hp_gain":0,"max_hp_loss":0,"event_name":"Mushrooms","floor":11,"gold_loss":0}],"is_beta":false,"boss_relics":[],"items_purged_floors":[],"is_endless":false,"potions_floor_spawned":[3,6,8,14],"killed_by":"Slime Boss","ascension_level":15}