{"gold_per_floor":[112,125,142,142,152,152,172,172,172,203,203,216,216,231,231,231],"floor_reached":16,"playtime":816,"items_purged":[],"score":182,"play_id":"e96348ce-bd23-477c-a41e-c6e02d6316cf","local_time":"20190822083206","is_ascension_mode":true,"campfire_choices":[{"data":"Dash","floor":6,"key":"SMITH"},{"floor":8,"key":"REST"},{"data":"After Image","floor":11,"key":"SMITH"},{"floor":13,"key":"REST"},{"data":"Blade Dance","floor":15,"key":"SMITH"}],"neow_cost":"NONE","seed_source_timestamp":338416989005600,"circlet_count":0,"master_deck":["AscendersBane","Strike_G","Strike_G","Strike_G","Strike_G","Strike_G","Defend_G","Defend_G","Defend_G","Defend_G","Defend_G","Survivor","Neutralize","Night Terror","Blade Dance+1","Sucker Punch","Dash+1","After Image+1","Slice+1","Riddle With Holes+1","Deflect"],"relics":["Ring of the Snake","Molten Egg 2","Vajra"],"potions_floor_usage":[2,16],"damage_taken":[{"damage":1,"enemies":"Small Slimes","floor":1,"turns":4},{"damage":1,"enemies":"Cultist","floor":2,"turns":6},{"damage":9,"enemies":"2 Louse","floor":3,"turns":5},{"damage":0,"enemies":"2 Fungi Beasts","floor":5,"turns":4},{"damage":16,"enemies":"Large Slime","floor":7,"turns":8},{"damage":17,"enemies":"3 Sentries","floor":10,"turns":12},{"damage":18,"enemies":"Exordium Thugs","floor":12,"turns":6},{"damage":14,"enemies":"Lots of Slimes","floor":14,"turns":5},{"damage":21,"enemies":"Hexaghost","floor":16,"turns":14}],"seed_played":"-1534631697424220928","potions_obtained":[{"floor":1,"key":"SneckoOil"},{"floor":4,"key":"Energy Potion"},{"floor":4,"key":"AttackPotion"},{"floor":14,"key":"EssenceOfSteel"}],"is_trial":false,"path_per_floor":["M","M","M","?","M","R","M","R","T","E","R","M","R","M","R","B"],"character_chosen":"THE_SILENT","items_purchased":[],"campfire_rested":2,"item_purchase_floors":[],"current_hp_per_floor":[58,57,48,48,48,48,32,51,51,34,34,16,35,21,21,0],"gold":231,"neow_bonus":"ONE_RANDOM_RARE_CARD","is_prod":false,"is_daily":false,"chose_seed":false,"campfire_upgraded":3,"win_rate":0,"timestamp":1566433926,"path_taken":["M","M","M","?","M","R","M","R","T","E","R","?","R","M","R","BOSS"],"build_version":"2019-07-17","purchased_purges":0,"victory":false,"max_hp_per_floor":[66,66,66,66,66,66,66,66,66,66,66,66,66,66,66,66],"card_choices":[{"not_picked":["Finisher","Underhanded Strike","Dagger Throw"],"picked":"SKIP","floor":1},{"not_picked":["Prepared","Flechettes"],"picked":"Blade Dance","floor":2},{"not_picked":["Dodge and Roll","Backflip"],"picked":"Sucker Punch","floor":3},{"not_picked":["Tactician","Dagger Spray"],"picked":"Dash","floor":5},{"not_picked":["Eviscerate","Reflex"],"picked":"After Image","floor":7},{"not_picked":["Dodge and Roll","Poisoned Stab+1"],"picked":"Slice+1","floor":10},{"not_picked":["Underhanded Strike+1","Sucker Punch+1"],"picked":"Riddle With Holes+1","floor":12},{"not_picked":["Deadly Poison","Bane+1"],"picked":"Deflect","floor":14}],"player_experience":895228,"relics_obtained":[{"floor":9,"key":"Molten Egg 2"},{"floor":10,"key":"Vajra"}],"event_choices":[{"damage_healed":0,"gold_gain":0,"player_choice":"Got Potions","damage_taken":0,"max_hp_gain":0,"max_hp_loss":0,"event_name":"Lab","floor":4,"gold_loss":0}],"is_beta":false,"boss_relics":[],"items_purged_floors":[],"is_endless":false,"potions_floor_spawned":[1,10,12,14],"killed_by":"Hexaghost","ascension_level":15}