{"gold_per_floor":[210,224,234,252,265,265,89,89,89,89,89,89,123,3,3,75,75,88,117,130,130,144,144,176,176,199,215,215,21,31,46,46,122,122,137,157,157,174,190,190,190,190,190,208,208],"floor_reached":45,"playtime":3054,"items_purged":["Strike_B"],"score":743,"play_id":"35d90644-65de-491d-b871-6833cd88b0f2","local_time":"20181008155041","is_ascension_mode":true,"campfire_choices":[{"data":"Consume","floor":6,"key":"SMITH"},{"floor":8,"key":"REST"},{"data":"Zap","floor":11,"key":"SMITH"},{"data":"Loop","floor":15,"key":"SMITH"},{"floor":23,"key":"REST"},{"floor":28,"key":"REST"},{"floor":32,"key":"REST"},{"floor":40,"key":"REST"}],"neow_cost":"NONE","seed_source_timestamp":0,"circlet_count":0,"master_deck":["Strike_B","Strike_B","Defend_B","Defend_B","Defend_B","Defend_B","Zap+1","Dualcast","AscendersBane","Consume+1","Conserve Battery","BootSequence","Chill","Melter","Coolheaded","Ball Lightning","Beam Cell","Loop+1","Electrodynamics","Streamline","BootSequence","Coolheaded","Hologram","Buffer","Capacitor","Apotheosis","Creative AI","Hologram","Undo","Cold Snap+1"],"special_seed":0,"relics":["Cracked Core","Ornamental Fan","Gambling Chip","Velvet Choker","Red Mask","The Courier","Enchiridion","Oddly Smooth Stone","Cursed Key"],"potions_floor_usage":[3,24,33],"damage_taken":[{"damage":7,"enemies":"Jaw Worm","floor":1,"turns":4},{"damage":0,"enemies":"2 Louse","floor":2,"turns":3},{"damage":10,"enemies":"Small Slimes","floor":3,"turns":4},{"damage":8,"enemies":"2 Fungi Beasts","floor":4,"turns":4},{"damage":2,"enemies":"Red Slaver","floor":5,"turns":4},{"damage":18,"enemies":"Gremlin Nob","floor":13,"turns":4},{"damage":10,"enemies":"Hexaghost","floor":16,"turns":10},{"damage":0,"enemies":"Spheric Guardian","floor":18,"turns":2},{"damage":45,"enemies":"Masked Bandits","floor":19,"turns":4},{"damage":14,"enemies":"Chosen","floor":20,"turns":5},{"damage":0,"enemies":"Shelled Parasite and Fungi","floor":22,"turns":7},{"damage":18,"enemies":"Book of Stabbing","floor":24,"turns":7},{"damage":4,"enemies":"Centurion and Healer","floor":27,"turns":6},{"damage":15,"enemies":"Snake Plant","floor":30,"turns":5},{"damage":0,"enemies":"Sentry and Sphere","floor":31,"turns":3},{"damage":23,"enemies":"Collector","floor":33,"turns":8},{"damage":0,"enemies":"3 Darklings","floor":35,"turns":3},{"damage":0,"enemies":"3 Shapes","floor":36,"turns":3},{"damage":25,"enemies":"Spire Growth","floor":38,"turns":6},{"damage":3,"enemies":"3 Darklings","floor":39,"turns":6},{"damage":7,"enemies":"Transient","floor":44,"turns":5},{"damage":54,"enemies":"Reptomancer","floor":45,"turns":2}],"seed_played":"-2177686998558950779","potions_obtained":[{"floor":1,"key":"Weak Potion"},{"floor":2,"key":"Ancient Potion"},{"floor":5,"key":"SteroidPotion"},{"floor":20,"key":"Block Potion"},{"floor":22,"key":"Regen Potion"},{"floor":30,"key":"PowerPotion"},{"floor":33,"key":"FearPotion"},{"floor":35,"key":"SpeedPotion"}],"is_trial":false,"path_per_floor":["M","M","M","M","M","R","$","R","T","?","R","?","E","$","R","B",null,"M","?","M","?","M","R","E","?","T","M","R","$","M","M","R","B",null,"M","M","T","M","M","R","?","T","T","M"],"character_chosen":"DEFECT","items_purchased":["Coolheaded","Ball Lightning","Beam Cell","Loop","Capacitor","Apotheosis"],"campfire_rested":5,"item_purchase_floors":[7,7,14,14,29,29],"current_hp_per_floor":[57,57,47,39,37,37,37,58,58,63,63,63,45,45,45,35,66,66,21,7,7,7,29,26,10,10,6,28,28,13,13,35,12,60,60,60,60,35,32,54,54,54,54,47,0],"gold":208,"neow_bonus":"HUNDRED_GOLD","is_prod":false,"is_daily":false,"chose_seed":false,"campfire_upgraded":3,"win_rate":0,"timestamp":1539028241,"path_taken":["M","M","M","M","M","R","$","R","T","?","R","?","E","?","R","BOSS","M","?","M","?","?","R","E","?","T","M","R","$","?","M","R","BOSS","M","M","?","M","?","R","?","?","T","M","?"],"build_version":"2018-10-04v2","purchased_purges":1,"victory":false,"max_hp_per_floor":[71,71,71,71,71,71,71,71,71,76,76,76,76,76,76,76,76,76,76,76,76,76,76,76,76,76,76,76,76,76,76,76,76,76,76,76,76,76,76,76,76,76,76,76,76],"card_choices":[{"not_picked":["FTL","Ball Lightning"],"picked":"Consume","floor":1},{"not_picked":["Fusion","Doom and Gloom"],"picked":"Conserve Battery","floor":2},{"not_picked":["Static Discharge","Stack"],"picked":"BootSequence","floor":3},{"not_picked":["Gash","Sweeping Beam"],"picked":"Chill","floor":4},{"not_picked":["Stack","Barrage"],"picked":"Melter","floor":5},{"not_picked":["Scrape","Sweeping Beam","Redo"],"picked":"SKIP","floor":13},{"not_picked":["Machine Learning","Thunder Strike"],"picked":"Electrodynamics","floor":16},{"not_picked":["Recycle","Redo"],"picked":"Streamline","floor":18},{"not_picked":["Steam Power","Aggregate"],"picked":"BootSequence","floor":19},{"not_picked":["Turbo","Gash"],"picked":"Coolheaded","floor":20},{"not_picked":["Beam Cell","Turbo+1"],"picked":"Hologram","floor":22},{"not_picked":["Genetic Algorithm","Barrage"],"picked":"Buffer","floor":24},{"not_picked":["Redo","Genetic Algorithm","Sweeping Beam"],"picked":"SKIP","floor":27},{"not_picked":["Consume+1","Sweeping Beam","Turbo"],"picked":"SKIP","floor":30},{"not_picked":["Beam Cell","Barrage","Steam"],"picked":"SKIP","floor":31},{"not_picked":["Core Surge","Machine Learning"],"picked":"Creative AI","floor":33},{"not_picked":["Compile Driver","Auto Shields","Steam"],"picked":"SKIP","floor":35},{"not_picked":["Doom and Gloom","Compile Driver","Go for the Eyes"],"picked":"SKIP","floor":36},{"not_picked":["Cold Snap+1","Stack"],"picked":"Hologram","floor":38},{"not_picked":["Recycle","Rebound+1"],"picked":"Undo","floor":39},{"not_picked":["Genetic Algorithm","Melter"],"picked":"Cold Snap+1","floor":44}],"player_experience":489347,"relics_obtained":[{"floor":9,"key":"Ornamental Fan"},{"floor":13,"key":"Gambling Chip"},{"floor":19,"key":"Red Mask"},{"floor":24,"key":"The Courier"},{"floor":25,"key":"Enchiridion"},{"floor":26,"key":"Oddly Smooth Stone"}],"event_choices":[{"event_name":"Big Fish","player_choice":"Donut","floor":10,"damage_taken":0},{"event_name":"Liars Game","player_choice":"disagreed","floor":12,"damage_taken":0},{"event_name":"Masked Bandits","player_choice":"Fought Bandits","floor":19,"damage_taken":0},{"event_name":"The Woman in Blue","player_choice":"Bought 0 Potions","floor":21,"damage_taken":0},{"event_name":"Cursed Tome","player_choice":"Obtained Book","floor":25,"damage_taken":0},{"event_name":"Falling","player_choice":"Removed Attack","floor":41,"damage_taken":0}],"is_beta":false,"boss_relics":[{"not_picked":["Empty Cage","Pandora\u0027s Box"],"picked":"Velvet Choker"},{"not_picked":["Astrolabe","Lizard Tail"],"picked":"Cursed Key"}],"items_purged_floors":[7],"is_endless":false,"potions_floor_spawned":[1,2,5,20,22,30,33,35,36],"killed_by":"Reptomancer","ascension_level":14}