{"gold_per_floor":[14,14,14,32,32,32,82,99,99,99,116,116,132,143,143,243,243,261,311,311,196,216,216,234,234,234,254,266,246,246,265,265,369,669,684,684,703,449,449,449,449,449,449,224,224],"floor_reached":45,"playtime":2400,"items_purged":["Strike_B","Strike_B","Defend_B"],"score":644,"play_id":"715bfa37-efc4-4b75-9196-5cadb1d2f82b","local_time":"20180902010749","is_ascension_mode":true,"campfire_choices":[{"data":"Static Discharge","floor":6,"key":"SMITH"},{"data":"Zap","floor":10,"key":"SMITH"},{"data":"Genetic Algorithm","floor":12,"key":"SMITH"},{"floor":15,"key":"REST"},{"data":"Sunder","floor":23,"key":"SMITH"},{"data":"Strike_B","floor":25,"key":"PURGE"},{"data":"Defend_B","floor":30,"key":"PURGE"},{"floor":32,"key":"REST"},{"floor":40,"key":"REST"}],"neow_cost":"NO_GOLD","seed_source_timestamp":651625983175911,"circlet_count":0,"master_deck":["Strike_B","Defend_B","Zap+1","Dualcast","Coolheaded","Static Discharge+1","Genetic Algorithm+1","Chill","BootSequence","Core Surge","Undo+1","Sunder+1","Capacitor","Glacier","Echo Form","Parasite","Parasite","Doubt","Loop+1","Bandage Up","Apotheosis","Purity","Loop","Lockon","Decay","Doubt","Defragment","Hologram"],"relics":["Cracked Core","Turnip","Peace Pipe","Velvet Choker","Nloth\u0027s Gift","Matryoshka","DataDisk","Happy Flower","Calling Bell","Ancient Tea Set","Blue Candle","Old Coin","Anchor","Blood Vial"],"potions_floor_usage":[14,16,33,45],"damage_taken":[{"damage":0,"enemies":"Cultist","floor":1,"turns":4},{"damage":0,"enemies":"Small Slimes","floor":4,"turns":4},{"damage":11,"enemies":"Jaw Worm","floor":8,"turns":4},{"damage":4,"enemies":"2 Fungi Beasts","floor":11,"turns":4},{"damage":16,"enemies":"Large Slime","floor":13,"turns":4},{"damage":9,"enemies":"Exordium Thugs","floor":14,"turns":5},{"damage":43,"enemies":"Slime Boss","floor":16,"turns":8},{"damage":1,"enemies":"Chosen","floor":18,"turns":6},{"damage":4,"enemies":"3 Byrds","floor":22,"turns":4},{"damage":5,"enemies":"Snecko","floor":24,"turns":4},{"damage":0,"enemies":"Centurion and Healer","floor":27,"turns":7},{"damage":13,"enemies":"Shelled Parasite and Fungi","floor":28,"turns":5},{"damage":0,"enemies":"Snake Plant","floor":31,"turns":7},{"damage":65,"enemies":"Automaton","floor":33,"turns":17},{"damage":17,"enemies":"3 Shapes","floor":35,"turns":4},{"damage":35,"enemies":"3 Darklings","floor":37,"turns":11},{"damage":84,"enemies":"Sphere and 2 Shapes","floor":45,"turns":3}],"seed_played":"3721185567888161030","potions_obtained":[{"floor":4,"key":"Poison Potion"},{"floor":13,"key":"FairyPotion"},{"floor":14,"key":"AttackPotion"},{"floor":27,"key":"Ancient Potion"},{"floor":29,"key":"EssenceOfSteel"},{"floor":31,"key":"Swift Potion"},{"floor":33,"key":"EssenceOfSteel"},{"floor":35,"key":"GamblersBrew"},{"floor":37,"key":"SkillPotion"}],"is_trial":false,"path_per_floor":["M","?","?","M","?","R","?","M","T","R","M","R","M","M","R","B",null,"M","?","T","$","M","R","M","R","T","M","M","?","R","M","R","B",null,"M","?","M","$","?","R","?","?","T","$"],"character_chosen":"DEFECT","items_purchased":["Sunder","Loop","Lockon","Defragment","Hologram"],"campfire_rested":3,"item_purchase_floors":[21,38,38,44,44],"current_hp_per_floor":[68,73,73,73,73,73,73,62,62,62,58,58,42,33,57,14,64,63,63,63,63,59,59,54,54,54,54,41,41,41,41,65,8,62,45,35,6,6,6,30,30,80,80,80,0],"gold":224,"neow_bonus":"ONE_RARE_RELIC","is_prod":false,"is_daily":false,"chose_seed":false,"campfire_upgraded":4,"win_rate":0,"timestamp":1535864869,"path_taken":["M","?","?","M","?","R","?","M","T","R","M","R","M","M","R","BOSS","M","?","?","$","M","R","M","R","T","M","M","?","R","?","R","BOSS","M","?","M","$","?","R","?","?","T","?","?"],"build_version":"2018-08-30","purchased_purges":3,"victory":false,"max_hp_per_floor":[75,80,80,80,80,80,80,80,80,80,80,80,80,80,80,80,80,80,80,80,80,80,80,80,80,80,80,80,80,80,80,80,80,80,80,80,80,80,80,80,80,80,80,80,80],"card_choices":[{"not_picked":["Steam","Go for the Eyes"],"picked":"Coolheaded","floor":1},{"not_picked":["Turbo","Leap"],"picked":"Static Discharge","floor":4},{"not_picked":["Sweeping Beam","Compile Driver"],"picked":"Genetic Algorithm","floor":8},{"not_picked":["Barrage","Darkness","Stack"],"picked":"SKIP","floor":11},{"not_picked":["Turbo","Force Field"],"picked":"Chill","floor":13},{"not_picked":["Fusion","Double Energy"],"picked":"BootSequence","floor":14},{"not_picked":["Fission","Meteor Strike"],"picked":"Core Surge","floor":16},{"not_picked":["Sweeping Beam","Fusion"],"picked":"Undo+1","floor":18},{"not_picked":["Doom and Gloom","Darkness","Sweeping Beam"],"picked":"SKIP","floor":22},{"not_picked":["Go for the Eyes","Barrage"],"picked":"Capacitor","floor":24},{"not_picked":["Rip and Tear","Darkness","Steam Power"],"picked":"SKIP","floor":27},{"not_picked":["All For One","Go for the Eyes"],"picked":"Glacier","floor":28},{"not_picked":["Static Discharge","Sweeping Beam","Chaos+1"],"picked":"SKIP","floor":31},{"not_picked":["Multi-Cast","Rainbow"],"picked":"Echo Form","floor":33},{"not_picked":["Steam+1","Aggregate"],"picked":"Loop+1","floor":35},{"not_picked":["Blind","HandOfGreed"],"picked":"Bandage Up","floor":36},{"not_picked":["Metamorphosis","Master of Strategy"],"picked":"Apotheosis","floor":36},{"not_picked":["Good Instincts","Trip"],"picked":"Purity","floor":36},{"not_picked":["Go for the Eyes","Steam+1","Compile Driver"],"picked":"SKIP","floor":37}],"player_experience":297051,"relics_obtained":[{"floor":9,"key":"Peace Pipe"},{"floor":20,"key":"Matryoshka"},{"floor":26,"key":"DataDisk"},{"floor":26,"key":"Happy Flower"},{"floor":34,"key":"Ancient Tea Set"},{"floor":34,"key":"Blue Candle"},{"floor":34,"key":"Old Coin"},{"floor":43,"key":"Anchor"},{"floor":43,"key":"Blood Vial"}],"event_choices":[{"event_name":"Big Fish","player_choice":"Donut","floor":2,"damage_taken":0},{"event_name":"The Cleric","player_choice":"Leave","floor":3,"damage_taken":0},{"event_name":"FaceTrader","player_choice":"Trade","floor":5,"damage_taken":0},{"event_name":"Liars Game","player_choice":"disagreed","floor":7,"damage_taken":0},{"event_name":"N\u0027loth","player_choice":"Traded a SsserpentHead","floor":19,"damage_taken":0},{"event_name":"The Woman in Blue","player_choice":"Bought 1 Potion","floor":29,"damage_taken":0},{"event_name":"SensoryStone","player_choice":"Memory 3","floor":36,"damage_taken":0},{"event_name":"Falling","player_choice":"Removed Skill","floor":39,"damage_taken":0},{"event_name":"Wheel of Change","player_choice":"Curse","floor":41,"damage_taken":0},{"event_name":"MindBloom","player_choice":"Heal","floor":42,"damage_taken":0}],"is_beta":false,"boss_relics":[{"not_picked":["Coffee Dripper","Empty Cage"],"picked":"Velvet Choker"},{"not_picked":["Busted Crown","FrozenCore"],"picked":"Calling Bell"}],"items_purged_floors":[21,38,44],"is_endless":false,"potions_floor_spawned":[4,13,14,27,31,33,35,37],"killed_by":"Sphere and 2 Shapes","ascension_level":7}