{"gold_per_floor":[109,109,128,128,138,138,170,181,207,207,238,238,252,125,125,202,202,221,221,43,54,54,54,88,99,99,114,114,134,134],"floor_reached":30,"playtime":848,"items_purged":["Strike_B"],"score":570,"play_id":"ad2f6862-80b8-4801-a52a-4422e58d374f","local_time":"20190814104610","is_ascension_mode":true,"campfire_choices":[{"data":"Zap","floor":6.0,"key":"SMITH"},{"data":"Coolheaded","floor":10.0,"key":"SMITH"},{"data":"Turbo","floor":15.0,"key":"SMITH"},{"data":"Defragment","floor":23.0,"key":"SMITH"}],"neow_cost":"NONE","seed_source_timestamp":0,"circlet_count":0,"master_deck":["AscendersBane","Strike_B","Strike_B","Strike_B","Defend_B","Defend_B","Defend_B","Defend_B","Zap+1","Dualcast","Ball Lightning+1","White Noise","Compile Driver","Chill+1","Coolheaded+1","Loop","Turbo+1","Compile Driver","Biased Cognition","Core Surge","Defragment+1","Skim","Ghostly","Ghostly","Ghostly"],"special_seed":0,"relics":["Runic Pyramid","DataDisk","Strawberry","Juzu Bracelet","Runic Dome","Bottled Tornado","Bronze Scales"],"potions_floor_usage":[30,30,30],"damage_taken":[{"damage":2.0,"enemies":"Cultist","floor":1.0,"turns":4.0},{"damage":7.0,"enemies":"Jaw Worm","floor":3.0,"turns":3.0},{"damage":11.0,"enemies":"Small Slimes","floor":5.0,"turns":4.0},{"damage":11.0,"enemies":"Gremlin Nob","floor":7.0,"turns":3.0},{"damage":0.0,"enemies":"2 Fungi Beasts","floor":8.0,"turns":3.0},{"damage":1.0,"enemies":"3 Sentries","floor":11.0,"turns":8.0},{"damage":8.0,"enemies":"Exordium Wildlife","floor":13.0,"turns":4.0},{"damage":6.0,"enemies":"Slime Boss","floor":16.0,"turns":5.0},{"damage":14.0,"enemies":"Shell Parasite","floor":18.0,"turns":4.0},{"damage":1.0,"enemies":"3 Byrds","floor":21.0,"turns":4.0},{"damage":0.0,"enemies":"Gremlin Leader","floor":24.0,"turns":6.0},{"damage":0.0,"enemies":"Snake Plant","floor":25.0,"turns":4.0},{"damage":13.0,"enemies":"Centurion and Healer","floor":27.0,"turns":5.0},{"damage":0.0,"enemies":"3 Cultists","floor":29.0,"turns":5.0},{"damage":19,"enemies":"Book of Stabbing","floor":30,"turns":1}],"seed_played":"69837835122299706","potions_obtained":[{"floor":3.0,"key":"Ancient Potion"},{"floor":5.0,"key":"AttackPotion"},{"floor":11.0,"key":"Fire Potion"},{"floor":13.0,"key":"Energy Potion"},{"floor":16.0,"key":"Dexterity Potion"},{"floor":18.0,"key":"Weak Potion"},{"floor":24.0,"key":"EntropicBrew"}],"is_trial":false,"path_per_floor":["M","?","M","?","M","R","E","M","T","R","E","?","M","$","R","B",null,"M","?","$","M","?","R","E","M","T","M","?","M","E"],"character_chosen":"DEFECT","items_purchased":["Compile Driver","Core Surge"],"campfire_rested":0,"item_purchase_floors":[14,20],"current_hp_per_floor":[62,67,60,60,49,49,38,38,45,45,44,19,11,11,11,5,64,50,50,50,49,25,25,25,25,25,12,12,12,0],"gold":134,"neow_bonus":"BOSS_RELIC","is_prod":false,"is_daily":false,"chose_seed":false,"campfire_upgraded":4,"win_rate":0,"timestamp":1565750770,"path_taken":["M","?","M","?","?","R","E","M","T","R","E","?","M","$","R","BOSS","M","?","$","M","?","R","E","M","T","M","?","M","E"],"build_version":"2019-07-17","purchased_purges":1,"victory":false,"max_hp_per_floor":[71,76,76,76,76,76,76,76,83,83,83,83,83,83,83,83,83,83,83,83,83,88,88,88,88,88,88,44,44,44],"card_choices":[{"not_picked":["Conserve Battery","Stack"],"picked":"Ball Lightning","floor":1.0},{"not_picked":["Go for the Eyes","Rebound"],"picked":"White Noise","floor":3.0},{"not_picked":["Conserve Battery","FTL"],"picked":"Chill","floor":5.0},{"not_picked":["BootSequence","Scrape"],"picked":"Coolheaded","floor":7.0},{"not_picked":["Conserve Battery","Gash","Go for the Eyes"],"picked":"SKIP","floor":8.0},{"not_picked":["Coolheaded","Steam Power"],"picked":"Loop","floor":11.0},{"not_picked":["Streamline","Fusion"],"picked":"Turbo","floor":13.0},{"not_picked":["Echo Form","Thunder Strike"],"picked":"Biased Cognition","floor":16.0},{"not_picked":["Steam","Rebound","Sweeping Beam"],"picked":"SKIP","floor":18.0},{"not_picked":["Coolheaded","Hologram"],"picked":"Defragment","floor":21.0},{"not_picked":["Streamline","Coolheaded"],"picked":"Skim","floor":24.0},{"not_picked":["Sweeping Beam+1","Redo","Go for the Eyes+1"],"picked":"SKIP","floor":25.0},{"not_picked":["Reinforced Body","Sweeping Beam","White Noise"],"picked":"SKIP","floor":27.0},{"not_picked":["Reinforced Body","Sweeping Beam","White Noise"],"picked":"SKIP","floor":27.0},{"not_picked":["Sweeping Beam","Buffer","Fusion"],"picked":"SKIP","floor":29.0}],"player_experience":799169,"relics_obtained":[{"floor":7.0,"key":"DataDisk"},{"floor":9.0,"key":"Strawberry"},{"floor":11.0,"key":"Juzu Bracelet"},{"floor":24.0,"key":"Bottled Tornado"},{"floor":26.0,"key":"Bronze Scales"}],"event_choices":[{"damage_healed":0.0,"max_hp_gain":5.0,"max_hp_loss":0.0,"gold_gain":0.0,"event_name":"Big Fish","player_choice":"Donut","floor":2.0,"gold_loss":0.0,"damage_taken":0.0},{"damage_healed":0.0,"max_hp_gain":0.0,"max_hp_loss":0.0,"gold_gain":0.0,"event_name":"Match and Keep!","player_choice":"1 cards matched","floor":4.0,"gold_loss":0.0,"damage_taken":0.0,"cards_obtained":["Compile Driver"]},{"damage_healed":0.0,"max_hp_gain":0.0,"max_hp_loss":0.0,"gold_gain":0.0,"event_name":"Shining Light","player_choice":"Entered Light","floor":12.0,"gold_loss":0.0,"damage_taken":25.0,"cards_upgraded":["Chill","Ball Lightning"]},{"damage_healed":0.0,"max_hp_gain":0.0,"max_hp_loss":0.0,"gold_gain":0.0,"event_name":"Vampires","player_choice":"Ignored","floor":19.0,"gold_loss":0.0,"damage_taken":0.0},{"damage_healed":0.0,"max_hp_gain":5.0,"max_hp_loss":0.0,"gold_gain":0.0,"event_name":"Forgotten Altar","player_choice":"Shed Blood","floor":22.0,"gold_loss":0.0,"damage_taken":29.0},{"damage_healed":0.0,"max_hp_gain":0.0,"max_hp_loss":44.0,"gold_gain":0.0,"event_name":"Ghosts","player_choice":"Became a Ghost","floor":28.0,"gold_loss":0.0,"damage_taken":0.0,"cards_obtained":["Ghostly","Ghostly","Ghostly"]}],"is_beta":false,"boss_relics":[{"not_picked":["Busted Crown","Eternal Feather"],"picked":"Runic Dome"}],"items_purged_floors":[14],"is_endless":false,"potions_floor_spawned":[3,5,11,13,16,18,24,27],"killed_by":"Book of Stabbing","ascension_level":20}