{"gold_per_floor":[114,9,9,27,27,68,68,111,187,208,221,221,235,273,273,372,372,386,410,423,98,0,0,0],"floor_reached":24,"playtime":1210,"items_purged":["Injury"],"score":378,"play_id":"36511c71-bd2f-489f-85e1-7fdb4c7346be","local_time":"20190821210324","is_ascension_mode":true,"campfire_choices":[{"floor":7,"key":"REST"},{"floor":12,"key":"REST"},{"data":"Bouncing Flask","floor":15,"key":"SMITH"},{"floor":23,"key":"REST"}],"neow_cost":"NONE","seed_source_timestamp":296697505864000,"circlet_count":0,"master_deck":["AscendersBane","Survivor","Neutralize","Well Laid Plans","Bouncing Flask+1","Sucker Punch","Bouncing Flask","Terror","Calculated Gamble","Escape Plan","Cloak And Dagger","Footwork","Malaise","Acrobatics","Envenom","Sucker Punch","Finisher","Caltrops","Reflex","Heel Hook","Predator","Choke","Well Laid Plans","Blur","Dash","Mayhem","Good Instincts"],"relics":["Ring of the Snake","Bronze Scales","Golden Idol","Centennial Puzzle","Tingsha","Pantograph","Smiling Mask","Pandora\u0027s Box"],"potions_floor_usage":[6,24],"damage_taken":[{"damage":0,"enemies":"2 Louse","floor":1,"turns":4},{"damage":6,"enemies":"Jaw Worm","floor":4,"turns":5},{"damage":20,"enemies":"Gremlin Nob","floor":6,"turns":4},{"damage":17,"enemies":"Lagavulin","floor":8,"turns":5},{"damage":0,"enemies":"Small Slimes","floor":10,"turns":3},{"damage":0,"enemies":"2 Fungi Beasts","floor":11,"turns":3},{"damage":13,"enemies":"3 Louse","floor":13,"turns":3},{"damage":16,"enemies":"Gremlin Nob","floor":14,"turns":4},{"damage":8,"enemies":"The Guardian","floor":16,"turns":8},{"damage":11,"enemies":"3 Byrds","floor":18,"turns":2},{"damage":16,"enemies":"Shell Parasite","floor":19,"turns":4},{"damage":20,"enemies":"Shelled Parasite and Fungi","floor":20,"turns":5},{"damage":37,"enemies":"Gremlin Leader","floor":24,"turns":5}],"seed_played":"5299261893491474253","potions_obtained":[{"floor":1,"key":"Block Potion"},{"floor":8,"key":"Ancient Potion"},{"floor":11,"key":"PowerPotion"}],"is_trial":false,"path_per_floor":["M","$","?","M","?","E","R","E","T","M","M","R","M","E","R","B",null,"M","M","M","$","?","R","E"],"character_chosen":"THE_SILENT","items_purchased":["Bouncing Flask","Sucker Punch","Mayhem","Good Instincts"],"campfire_rested":3,"item_purchase_floors":[2,2,21,21],"current_hp_per_floor":[59,59,59,53,53,33,52,35,35,35,35,54,41,25,25,42,60,49,33,13,13,13,32,0],"gold":0,"neow_bonus":"RANDOM_COMMON_RELIC","is_prod":false,"is_daily":false,"chose_seed":false,"campfire_upgraded":1,"win_rate":0,"timestamp":1566392604,"path_taken":["M","$","?","M","?","E","R","E","T","M","M","R","M","E","R","BOSS","M","M","M","$","?","R","E"],"build_version":"2019-07-17","purchased_purges":1,"victory":false,"max_hp_per_floor":[66,66,66,66,66,66,66,66,66,66,66,66,66,66,66,66,66,66,66,66,66,66,66,66],"card_choices":[{"not_picked":["Endless Agony","PiercingWail"],"picked":"Well Laid Plans","floor":1},{"not_picked":["Terror","Slice"],"picked":"Bouncing Flask","floor":4},{"not_picked":["Finisher","Blade Dance"],"picked":"Terror","floor":6},{"not_picked":["Bane","Well Laid Plans"],"picked":"Calculated Gamble","floor":8},{"not_picked":["Bane","Accuracy","Sucker Punch"],"picked":"SKIP","floor":10},{"not_picked":["Deadly Poison","Slice"],"picked":"Escape Plan","floor":11},{"not_picked":["Backstab","Deadly Poison"],"picked":"Cloak And Dagger","floor":13},{"not_picked":["A Thousand Cuts","Outmaneuver"],"picked":"Footwork","floor":14},{"not_picked":["Envenom","Burst"],"picked":"Malaise","floor":16},{"not_picked":["Deadly Poison+1","Dagger Throw","Quick Slash"],"picked":"SKIP","floor":18},{"not_picked":["Flying Knee","Eviscerate"],"picked":"Blur","floor":19},{"not_picked":["Blade Dance+1","Accuracy"],"picked":"Dash","floor":20}],"player_experience":894018,"relics_obtained":[{"floor":6,"key":"Centennial Puzzle"},{"floor":8,"key":"Tingsha"},{"floor":9,"key":"Pantograph"},{"floor":14,"key":"Smiling Mask"}],"event_choices":[{"damage_healed":0,"gold_gain":0,"player_choice":"Take Wound","damage_taken":0,"relics_obtained":["Golden Idol"],"max_hp_gain":0,"max_hp_loss":0,"event_name":"Golden Idol","floor":3,"gold_loss":0,"cards_obtained":["Injury"]},{"damage_healed":0,"gold_gain":0,"player_choice":"Ignored","damage_taken":0,"max_hp_gain":0,"max_hp_loss":0,"event_name":"Golden Wing","floor":5,"gold_loss":0},{"damage_healed":0,"gold_gain":0,"player_choice":"Paid Fearfully","damage_taken":0,"max_hp_gain":0,"max_hp_loss":0,"event_name":"Masked Bandits","floor":22,"gold_loss":98}],"is_beta":false,"boss_relics":[{"not_picked":["Runic Dome","Eternal Feather"],"picked":"Pandora\u0027s Box"}],"items_purged_floors":[21],"is_endless":false,"potions_floor_spawned":[1,8,11,13,16,19,20],"killed_by":"Gremlin Leader","ascension_level":15}