{"gold_per_floor":[118,138,157,169,185,185,211,64,64,64,83,94,94,94,94,173,173,192,74,54,71,81,81,99,127,127,127,142,142,152,52,52,129,129,139,151,151,151,167,200,200,234,234,247,247,274,74,107,107,107,107,107,107,51,81,81],"floor_reached":57,"playtime":2829,"items_purged":["Strike_G","Decay","Riddle With Holes+1"],"score":3113,"play_id":"04f180be-fc70-499d-bbbe-f5152697d54a","local_time":"20190813102112","is_ascension_mode":true,"campfire_choices":[{"data":"Deadly Poison","floor":6.0,"key":"SMITH"},{"data":"Riddle With Holes","floor":13.0,"key":"SMITH"},{"data":"Well Laid Plans","floor":15.0,"key":"SMITH"},{"data":"Tactician","floor":23.0,"key":"SMITH"},{"floor":29.0,"key":"REST"},{"data":"Acrobatics","floor":32.0,"key":"SMITH"},{"data":"Envenom","floor":41.0,"key":"SMITH"},{"floor":45.0,"key":"RECALL"},{"data":"Eviscerate","floor":49,"key":"SMITH"},{"data":"Backflip","floor":53,"key":"SMITH"}],"neow_cost":"NONE","seed_source_timestamp":1442220640057900,"circlet_count":0,"master_deck":["AscendersBane","Survivor","Neutralize","Backflip+1","Deadly Poison+1","Well Laid Plans+1","Acrobatics+1","Envenom+1","Catalyst+1","Backflip+1","Expertise+1","Tactician+1","Concentrate","Eviscerate+1"],"special_seed":0,"relics":["Busted Crown","Mercury Hourglass","The Specimen","Astrolabe","Girya","Sundial","Pandora\u0027s Box","Mango","Gremlin Horn","Bronze Scales","Tough Bandages","Bird Faced Urn"],"potions_floor_usage":[50,55,56,56,56],"damage_taken":[{"damage":1.0,"enemies":"Cultist","floor":1.0,"turns":4.0},{"damage":3.0,"enemies":"Small Slimes","floor":2.0,"turns":5.0},{"damage":7.0,"enemies":"2 Louse","floor":3.0,"turns":4.0},{"damage":6.0,"enemies":"Exordium Wildlife","floor":4.0,"turns":7.0},{"damage":2.0,"enemies":"2 Fungi Beasts","floor":5.0,"turns":5.0},{"damage":33.0,"enemies":"Lagavulin","floor":7.0,"turns":11.0},{"damage":0.0,"enemies":"3 Louse","floor":11.0,"turns":1.0},{"damage":2.0,"enemies":"Red Slaver","floor":12.0,"turns":3.0},{"damage":2.0,"enemies":"The Guardian","floor":16.0,"turns":10.0},{"damage":0.0,"enemies":"3 Byrds","floor":18.0,"turns":4.0},{"damage":13.0,"enemies":"2 Thieves","floor":21.0,"turns":5.0},{"damage":9.0,"enemies":"Snake Plant","floor":22.0,"turns":3.0},{"damage":1.0,"enemies":"Cultist and Chosen","floor":24.0,"turns":5.0},{"damage":1.0,"enemies":"Gremlin Leader","floor":25.0,"turns":5.0},{"damage":19.0,"enemies":"Snecko","floor":28.0,"turns":4.0},{"damage":0.0,"enemies":"3 Cultists","floor":30.0,"turns":5.0},{"damage":4.0,"enemies":"Automaton","floor":33.0,"turns":7.0},{"damage":6.0,"enemies":"3 Darklings","floor":35.0,"turns":3.0},{"damage":9.0,"enemies":"3 Shapes","floor":36.0,"turns":4.0},{"damage":0.0,"enemies":"Maw","floor":39.0,"turns":3.0},{"damage":0.0,"enemies":"Giant Head","floor":40.0,"turns":3.0},{"damage":0.0,"enemies":"Nemesis","floor":42.0,"turns":1.0},{"damage":0.0,"enemies":"4 Shapes","floor":44.0,"turns":3.0},{"damage":0,"enemies":"Reptomancer","floor":46,"turns":1},{"damage":0,"enemies":"Giant Head","floor":48,"turns":2},{"damage":27,"enemies":"Time Eater","floor":50,"turns":6},{"damage":0,"enemies":"Awakened One","floor":51,"turns":3},{"damage":14,"enemies":"Shield and Spear","floor":55,"turns":5},{"damage":26,"enemies":"The Heart","floor":56,"turns":6}],"seed_played":"-3098194321440921641","potions_obtained":[{"floor":2.0,"key":"Block Potion"},{"floor":7.0,"key":"Explosive Potion"},{"floor":12.0,"key":"GamblersBrew"},{"floor":14.0,"key":"AttackPotion"},{"floor":14.0,"key":"SteroidPotion"},{"floor":24.0,"key":"LiquidBronze"},{"floor":30.0,"key":"Strength Potion"},{"floor":44.0,"key":"Regen Potion"},{"floor":46,"key":"EntropicBrew"},{"floor":55,"key":"Fruit Juice"}],"is_trial":false,"path_per_floor":["M","M","M","M","M","R","E","$","T","$","M","M","R","?","R","B",null,"M","$","?","M","M","R","M","E","T","?","M","R","M","$","R","B",null,"M","M","?","?","M","E","R","E","T","M","R","E","$","E","R","B","B",null,"R","$","E","B",null],"character_chosen":"THE_SILENT","items_purchased":["Well Laid Plans","Acrobatics","Tactician","Eviscerate","SkillPotion"],"campfire_rested":1,"item_purchase_floors":[8,8,19,47,54],"current_hp_per_floor":[58,55,48,42,40,40,7,7,7,7,7,5,5,5,5,3,50,50,50,50,37,28,28,27,26,26,26,7,26,26,26,26,22,55,49,40,40,40,40,54,54,54,54,54,54,54,54,54,54,42,42,68,68,68,59,52],"gold":81,"neow_bonus":"BOSS_RELIC","is_prod":false,"is_daily":false,"chose_seed":false,"campfire_upgraded":8,"win_rate":0,"timestamp":1565662872,"path_taken":["M","M","M","M","M","R","E","?","T","$","M","?","R","?","R","BOSS","M","?","?","M","M","R","?","E","T","?","M","R","M","$","R","BOSS","M","M","?","?","M","E","R","E","T","M","R","E","$","E","R","BOSS","BOSS","R","$","E","BOSS"],"build_version":"2019-07-17","purchased_purges":3,"victory":true,"max_hp_per_floor":[66,66,66,66,66,66,66,66,66,66,66,66,66,66,66,66,66,66,66,66,66,66,66,66,66,66,66,66,66,66,66,66,66,66,66,66,63,63,63,77,77,77,77,77,77,77,77,77,77,77,77,77,77,77,82,82],"card_choices":[{"not_picked":[],"picked":"Backflip","floor":1.0},{"not_picked":["Dagger Spray"],"picked":"SKIP","floor":2.0},{"not_picked":["Flying Knee"],"picked":"SKIP","floor":3.0},{"not_picked":["Endless Agony"],"picked":"SKIP","floor":4.0},{"not_picked":[],"picked":"Deadly Poison","floor":5.0},{"not_picked":["Skewer"],"picked":"SKIP","floor":7.0},{"not_picked":[],"picked":"Riddle With Holes","floor":11.0},{"not_picked":["Sucker Punch"],"picked":"SKIP","floor":12.0},{"not_picked":[],"picked":"Envenom","floor":16.0},{"not_picked":["Flechettes"],"picked":"SKIP","floor":18.0},{"not_picked":[],"picked":"Concentrate","floor":21.0},{"not_picked":["Flechettes"],"picked":"SKIP","floor":22.0},{"not_picked":["Poisoned Stab"],"picked":"SKIP","floor":24.0},{"not_picked":["Prepared+1"],"picked":"SKIP","floor":25.0},{"not_picked":["Skewer"],"picked":"SKIP","floor":28.0},{"not_picked":["Accuracy"],"picked":"SKIP","floor":30.0},{"not_picked":["Prepared"],"picked":"SKIP","floor":35.0},{"not_picked":["Blade Dance"],"picked":"SKIP","floor":36.0},{"not_picked":["Underhanded Strike"],"picked":"SKIP","floor":39.0},{"not_picked":["PiercingWail"],"picked":"SKIP","floor":40.0},{"not_picked":["Dagger Spray"],"picked":"SKIP","floor":42.0},{"not_picked":["Well Laid Plans"],"picked":"SKIP","floor":44.0},{"not_picked":["Heel Hook"],"picked":"SKIP","floor":46},{"not_picked":["Reflex+1"],"picked":"SKIP","floor":48},{"not_picked":["Venomology"],"picked":"SKIP","floor":55}],"player_experience":793959,"relics_obtained":[{"floor":7.0,"key":"Mercury Hourglass"},{"floor":9.0,"key":"The Specimen"},{"floor":25.0,"key":"Girya"},{"floor":26.0,"key":"Sundial"},{"floor":40.0,"key":"Mango"},{"floor":42.0,"key":"Gremlin Horn"},{"floor":46,"key":"Bronze Scales"},{"floor":48,"key":"Tough Bandages"},{"floor":55,"key":"Bird Faced Urn"}],"event_choices":[{"damage_healed":0.0,"max_hp_gain":0.0,"max_hp_loss":0.0,"gold_gain":0.0,"event_name":"Lab","player_choice":"Got Potions","floor":14.0,"gold_loss":0.0,"damage_taken":0.0},{"damage_healed":0.0,"max_hp_gain":0.0,"max_hp_loss":0.0,"gold_gain":0.0,"event_name":"The Woman in Blue","player_choice":"Bought 1 Potion","floor":20.0,"gold_loss":0.0,"damage_taken":0.0},{"damage_healed":0.0,"max_hp_gain":0.0,"max_hp_loss":0.0,"gold_gain":0.0,"event_name":"Forgotten Altar","player_choice":"Smashed Altar","floor":27.0,"gold_loss":0.0,"damage_taken":0.0,"cards_obtained":["Decay"]},{"damage_healed":0.0,"max_hp_gain":0.0,"max_hp_loss":3.0,"gold_gain":0.0,"event_name":"Winding Halls","player_choice":"Max HP","floor":37.0,"gold_loss":0.0,"damage_taken":0.0},{"damage_healed":0.0,"max_hp_gain":0.0,"max_hp_loss":0.0,"gold_gain":0.0,"event_name":"SensoryStone","player_choice":"Memory 1","floor":38.0,"gold_loss":0.0,"damage_taken":0.0}],"is_beta":false,"boss_relics":[{"not_picked":["White Beast Statue","Black Star"],"picked":"Astrolabe"},{"not_picked":["Lizard Tail","Eternal Feather"],"picked":"Pandora\u0027s Box"}],"items_purged_floors":[19,31,47],"is_endless":false,"potions_floor_spawned":[2,7,12,16,18,24,30,44,46,48,55],"ascension_level":20}