{"gold_per_floor":[113,113,113,124,138,138,166,178,260,273,273,41,41,56,56,128,128,146,146,228,123,134,134,150,180,180,180,130,130,130,130,130,207,207,218,228,228,247,247,247,247],"floor_reached":41,"playtime":2450,"items_purged":["Strike_B"],"score":802,"play_id":"9ee25bb9-978c-4896-8225-062c45b04614","local_time":"20181024180418","is_ascension_mode":true,"campfire_choices":[{"data":"Streamline","floor":6,"key":"SMITH"},{"data":"Fission","floor":11,"key":"SMITH"},{"data":"Defragment","floor":13,"key":"SMITH"},{"data":"Zap","floor":15,"key":"SMITH"},{"floor":23,"key":"REST"},{"data":"Hologram","floor":27,"key":"SMITH"},{"data":"Conserve Battery","floor":29,"key":"SMITH"},{"floor":32,"key":"REST"},{"floor":40,"key":"REST"}],"neow_cost":"NONE","seed_source_timestamp":1279258185934300,"circlet_count":0,"master_deck":["Strike_B+1","Strike_B+1","Strike_B","Defend_B","Defend_B","Defend_B","Defend_B","Zap+1","Dualcast","AscendersBane","Cold Snap","Streamline+1","Fission+1","Rebound","Conserve Battery+1","Ball Lightning","Defragment+1","Electrodynamics","Self Repair","Ball Lightning","Hologram+1","Echo Form+1"],"special_seed":0,"relics":["Cracked Core","Emotion Chip","Bag of Preparation","Pear","PreservedInsect","Busted Crown","Question Card","Vajra","Toxic Egg 2","Nilry\u0027s Codex","Eternal Feather"],"potions_floor_usage":[8,16,24,25,33,34],"damage_taken":[{"damage":8,"enemies":"Small Slimes","floor":1,"turns":5},{"damage":0,"enemies":"Cultist","floor":4,"turns":3},{"damage":2,"enemies":"Jaw Worm","floor":5,"turns":3},{"damage":23,"enemies":"3 Sentries","floor":7,"turns":6},{"damage":3,"enemies":"Gremlin Gang","floor":8,"turns":5},{"damage":4,"enemies":"Looter","floor":10,"turns":3},{"damage":6,"enemies":"3 Louse","floor":14,"turns":4},{"damage":4,"enemies":"Hexaghost","floor":16,"turns":9},{"damage":11,"enemies":"2 Thieves","floor":18,"turns":3},{"damage":14,"enemies":"Shell Parasite","floor":22,"turns":3},{"damage":12,"enemies":"Cultist and Chosen","floor":24,"turns":3},{"damage":11,"enemies":"Gremlin Leader","floor":25,"turns":4},{"damage":31,"enemies":"Champ","floor":33,"turns":15},{"damage":18,"enemies":"3 Darklings","floor":35,"turns":5},{"damage":8,"enemies":"Orb Walker","floor":36,"turns":3},{"damage":44,"enemies":"Writhing Mass","floor":38,"turns":7},{"damage":76,"enemies":"Giant Head","floor":41,"turns":6}],"seed_played":"5088556005333243491","potions_obtained":[{"floor":1,"key":"SteroidPotion"},{"floor":3,"key":"Swift Potion"},{"floor":3,"key":"Energy Potion"},{"floor":5,"key":"FocusPotion"},{"floor":10,"key":"GamblersBrew"},{"floor":22,"key":"LiquidBronze"},{"floor":25,"key":"SpeedPotion"},{"floor":33,"key":"Fruit Juice"},{"floor":36,"key":"Fire Potion"}],"is_trial":false,"path_per_floor":["M","?","?","M","M","R","E","M","T","M","R","$","R","M","R","B",null,"M","?","T","$","M","R","M","E","T","R","?","R","?","?","R","B",null,"M","M","?","M","?","R"],"character_chosen":"DEFECT","items_purchased":["Defragment","PreservedInsect","Ball Lightning"],"campfire_rested":3,"item_purchase_floors":[12,12,21],"current_hp_per_floor":[63,63,63,63,61,61,38,35,45,41,41,41,41,35,35,31,74,63,63,63,63,56,82,77,66,66,66,66,66,40,19,46,22,80,69,61,61,24,24,63,0],"gold":247,"neow_bonus":"TEN_PERCENT_HP_BONUS","is_prod":false,"is_daily":false,"chose_seed":false,"campfire_upgraded":6,"win_rate":0,"timestamp":1540418658,"path_taken":["M","?","?","M","M","R","E","M","T","M","R","$","R","M","R","BOSS","M","?","?","$","M","R","M","E","T","R","?","R","?","?","R","BOSS","M","M","?","M","?","R","E"],"build_version":"2018-10-18","purchased_purges":1,"victory":false,"max_hp_per_floor":[78,78,78,78,78,78,78,78,88,88,88,88,88,88,88,88,88,88,88,88,88,88,88,88,88,88,88,88,88,93,93,93,93,98,98,98,93,93,93,93,93],"card_choices":[{"not_picked":["Rip and Tear","Sweeping Beam"],"picked":"Cold Snap","floor":1},{"not_picked":["Coolheaded","White Noise"],"picked":"Streamline","floor":4},{"not_picked":["Ball Lightning","BootSequence"],"picked":"Fission","floor":5},{"not_picked":["Barrage","Turbo"],"picked":"Rebound","floor":7},{"not_picked":["Redo","Turbo"],"picked":"Conserve Battery","floor":8},{"not_picked":["Leap","Fission"],"picked":"Ball Lightning","floor":10},{"not_picked":["Barrage","Go for the Eyes","Turbo"],"picked":"SKIP","floor":14},{"not_picked":["Rainbow","Echo Form"],"picked":"Electrodynamics","floor":16},{"not_picked":[],"picked":"Self Repair","floor":18},{"not_picked":["Redo","Go for the Eyes"],"picked":"SKIP","floor":22},{"not_picked":["Force Field","Skim"],"picked":"SKIP","floor":24},{"not_picked":["Fusion"],"picked":"Hologram","floor":25},{"not_picked":["Core Surge"],"picked":"Echo Form","floor":33},{"not_picked":["Turbo+1","Gash+1"],"picked":"SKIP","floor":35},{"not_picked":["Lockon","Turbo+1"],"picked":"SKIP","floor":36},{"not_picked":["Heatsinks","Stack+1"],"picked":"SKIP","floor":38}],"player_experience":595976,"relics_obtained":[{"floor":7,"key":"Bag of Preparation"},{"floor":9,"key":"Pear"},{"floor":20,"key":"Question Card"},{"floor":25,"key":"Vajra"},{"floor":26,"key":"Toxic Egg 2"},{"floor":31,"key":"Nilry\u0027s Codex"}],"event_choices":[{"damage_healed":0,"gold_gain":0,"player_choice":"Gave Potion","damage_taken":0,"relics_obtained":["Emotion Chip"],"max_hp_gain":0,"max_hp_loss":0,"event_name":"WeMeetAgain","floor":2,"gold_loss":0},{"damage_healed":0,"gold_gain":0,"player_choice":"Got Potions","damage_taken":0,"max_hp_gain":0,"max_hp_loss":0,"event_name":"The Lab","floor":3,"gold_loss":0},{"damage_healed":0,"gold_gain":0,"player_choice":"Upgraded Two","damage_taken":0,"max_hp_gain":0,"max_hp_loss":0,"event_name":"Designer","floor":28,"gold_loss":50,"cards_upgraded":["Strike_B","Strike_B"]},{"damage_healed":0,"gold_gain":0,"player_choice":"Shed Blood","damage_taken":31,"max_hp_gain":5,"max_hp_loss":0,"event_name":"Forgotten Altar","floor":30,"gold_loss":0},{"damage_healed":0,"gold_gain":0,"player_choice":"Obtained Book","damage_taken":21,"max_hp_gain":0,"max_hp_loss":0,"event_name":"Cursed Tome","floor":31,"gold_loss":0},{"damage_healed":0,"gold_gain":0,"player_choice":"Max HP","damage_taken":0,"max_hp_gain":0,"max_hp_loss":5,"event_name":"Winding Halls","floor":37,"gold_loss":0},{"damage_healed":0,"gold_gain":0,"player_choice":"Forge","damage_taken":0,"max_hp_gain":0,"max_hp_loss":0,"event_name":"Accursed Blacksmith","floor":39,"gold_loss":0,"cards_upgraded":["Echo Form"]}],"is_beta":false,"boss_relics":[{"not_picked":["Runic Dome","Astrolabe"],"picked":"Busted Crown"},{"not_picked":["Velvet Choker","White Beast Statue"],"picked":"Eternal Feather"}],"items_purged_floors":[21],"is_endless":false,"potions_floor_spawned":[1,4,5,10,22,25,33,36],"killed_by":"Giant Head","ascension_level":18}