{"gold_per_floor":[116,116,116,127,24,54,54,80,80,80,1,28,28,59,59,130,130,143,43,57,77,77,77,112,112,112,175,36,61,73,86,86,162,162,178,191,10,26,26,54,13,45,45,59,59,0,0,20,20,20,20,20,20,20,49,49],"floor_reached":56,"playtime":2610,"items_purged":["Strike_B","Strike_B","Steam Power"],"score":2228,"play_id":"f24f9088-d576-4144-8747-7d8d7b284c24","local_time":"20190812230528","is_ascension_mode":true,"campfire_choices":[{"data":"Sunder","floor":7.0,"key":"SMITH"},{"data":"Zap","floor":10.0,"key":"SMITH"},{"data":"Dualcast","floor":13.0,"key":"SMITH"},{"data":"Hologram","floor":15.0,"key":"SMITH"},{"data":"Turbo","floor":23.0,"key":"SMITH"},{"data":"Electrodynamics","floor":25.0,"key":"SMITH"},{"data":"Coolheaded","floor":32.0,"key":"SMITH"},{"data":"Defragment","floor":45.0,"key":"SMITH"},{"data":"Loop","floor":47.0,"key":"SMITH"},{"floor":49.0,"key":"RECALL"},{"data":"Skim","floor":53.0,"key":"SMITH"}],"neow_cost":"NONE","seed_source_timestamp":0,"circlet_count":0,"master_deck":["AscendersBane","Zap+1","Dualcast+1","Sunder+1","Hologram+1","Cold Snap","Compile Driver","Electrodynamics+1","Conserve Battery","Thunder Strike","Turbo+1","Compile Driver","Glacier","Rip and Tear","Reboot","Chill","Hologram","Coolheaded+1","Core Surge","Skim+1","Turbo","Defragment+1","Ball Lightning","Hologram","Reboot","Loop+1","Chaos+1","Compile Driver"],"special_seed":0,"relics":["Cracked Core","NeowsBlessing","FossilizedHelix","Singing Bowl","Letter Opener","Coffee Dripper","Oddly Smooth Stone","Blue Candle","Tiny Chest","Mummified Hand","Pandora\u0027s Box","Mercury Hourglass","Orichalcum","Juzu Bracelet","Red Mask","DataDisk"],"potions_floor_usage":[56],"damage_taken":[{"damage":0.0,"enemies":"Small Slimes","floor":1.0,"turns":1.0},{"damage":0.0,"enemies":"Jaw Worm","floor":4.0,"turns":1.0},{"damage":0.0,"enemies":"3 Sentries","floor":6.0,"turns":1.0},{"damage":0.0,"enemies":"Gremlin Nob","floor":8.0,"turns":3.0},{"damage":8.0,"enemies":"3 Sentries","floor":12.0,"turns":5.0},{"damage":10.0,"enemies":"Lagavulin","floor":14.0,"turns":4.0},{"damage":21.0,"enemies":"The Guardian","floor":16.0,"turns":11.0},{"damage":0.0,"enemies":"3 Byrds","floor":18.0,"turns":2.0},{"damage":0.0,"enemies":"Spheric Guardian","floor":20.0,"turns":3.0},{"damage":8.0,"enemies":"Snake Plant","floor":21.0,"turns":3.0},{"damage":15.0,"enemies":"Book of Stabbing","floor":24.0,"turns":4.0},{"damage":4.0,"enemies":"Slavers","floor":27.0,"turns":3.0},{"damage":0.0,"enemies":"Book of Stabbing","floor":29.0,"turns":3.0},{"damage":0.0,"enemies":"Chosen and Byrds","floor":30.0,"turns":4.0},{"damage":0.0,"enemies":"Snecko","floor":31.0,"turns":4.0},{"damage":16.0,"enemies":"Champ","floor":33.0,"turns":16.0},{"damage":0.0,"enemies":"3 Darklings","floor":35.0,"turns":3.0},{"damage":0.0,"enemies":"3 Shapes","floor":36.0,"turns":2.0},{"damage":0.0,"enemies":"Jaw Worm Horde","floor":38.0,"turns":2.0},{"damage":0.0,"enemies":"Giant Head","floor":40.0,"turns":5.0},{"damage":32.0,"enemies":"Nemesis","floor":42.0,"turns":7.0},{"damage":0.0,"enemies":"Sphere and 2 Shapes","floor":44.0,"turns":1.0},{"damage":0.0,"enemies":"4 Shapes","floor":48.0,"turns":1.0},{"damage":19.0,"enemies":"Time Eater","floor":50.0,"turns":11.0},{"damage":13.0,"enemies":"Awakened One","floor":51.0,"turns":12.0},{"damage":0.0,"enemies":"Shield and Spear","floor":55.0,"turns":4.0},{"damage":69,"enemies":"The Heart","floor":56,"turns":5}],"seed_played":"-1183788080044307504","potions_obtained":[{"floor":1.0,"key":"SkillPotion"},{"floor":4.0,"key":"Poison Potion"},{"floor":16.0,"key":"LiquidBronze"},{"floor":27.0,"key":"Dexterity Potion"},{"floor":33.0,"key":"Weak Potion"}],"is_trial":false,"path_per_floor":["M","?","?","M","$","E","R","E","T","R","$","E","R","E","R","B",null,"M","$","M","M","?","R","E","R","T","E","$","E","M","M","R","B",null,"M","M","$","M","?","E","$","E","T","M","R","?","R","M","R","B","B",null,"R","$","E","B"],"character_chosen":"DEFECT","items_purchased":["Hologram","Electrodynamics","GamblersBrew","Hologram","Ball Lightning","Loop"],"campfire_rested":0,"item_purchase_floors":[5,11,28,28,37,41],"current_hp_per_floor":[64,64,57,57,57,57,57,57,57,57,57,51,51,41,41,20,60,60,60,60,54,54,54,39,39,39,35,35,37,37,39,39,23,65,65,65,65,65,79,79,79,49,49,51,51,51,51,51,51,32,19,67,67,67,67,0],"gold":49,"neow_bonus":"THREE_ENEMY_KILL","is_prod":false,"is_daily":false,"chose_seed":false,"campfire_upgraded":10,"win_rate":0,"timestamp":1565622328,"path_taken":["M","?","?","M","$","E","R","E","T","R","$","E","R","E","R","BOSS","M","$","M","M","?","R","E","R","T","E","$","E","M","M","R","BOSS","M","M","$","M","?","E","?","E","T","M","R","?","R","M","R","BOSS","BOSS","R","$","E","BOSS"],"build_version":"2019-07-17","purchased_purges":3,"victory":false,"max_hp_per_floor":[71,71,71,71,71,71,71,71,71,71,71,73,73,73,73,73,73,73,73,73,75,75,75,75,75,75,75,75,77,77,79,79,79,79,79,79,79,79,79,79,79,81,81,83,83,83,83,83,83,83,83,83,83,83,83,83],"card_choices":[{"not_picked":["Beam Cell","Melter"],"picked":"Sunder","floor":1.0},{"not_picked":["Scrape","Steam","Rebound"],"picked":"SKIP","floor":4.0},{"not_picked":["Gash","Streamline"],"picked":"Cold Snap","floor":6.0},{"not_picked":["Auto Shields","Conserve Battery"],"picked":"Compile Driver","floor":8.0},{"not_picked":["Hologram","Stack","Go for the Eyes"],"picked":"Singing Bowl","floor":12.0},{"not_picked":["Fusion","Go for the Eyes"],"picked":"Conserve Battery","floor":14.0},{"not_picked":["Meteor Strike","Buffer"],"picked":"Thunder Strike","floor":16.0},{"not_picked":["Leap","Compile Driver"],"picked":"Turbo","floor":18.0},{"not_picked":["Rebound+1","Go for the Eyes"],"picked":"Compile Driver","floor":20.0},{"not_picked":["Blizzard","Stack","Compile Driver"],"picked":"Singing Bowl","floor":21.0},{"not_picked":["Cold Snap","Force Field"],"picked":"Reboot","floor":24.0},{"not_picked":["Leap+1","Thunder Strike"],"picked":"Chill","floor":27.0},{"not_picked":["Rebound","Undo","Doom and Gloom"],"picked":"Singing Bowl","floor":29.0},{"not_picked":["Compile Driver","Gash"],"picked":"Coolheaded","floor":30.0},{"not_picked":["Stack","Sweeping Beam","Compile Driver"],"picked":"Singing Bowl","floor":31.0},{"not_picked":["Electrodynamics","Reboot"],"picked":"Core Surge","floor":33.0},{"not_picked":["Steam Power","Leap+1"],"picked":"Turbo","floor":35.0},{"not_picked":["Redo+1","Beam Cell"],"picked":"Defragment","floor":36.0},{"not_picked":["Redo+1","Chaos+1"],"picked":"Hologram","floor":38.0},{"not_picked":["Melter","Steam"],"picked":"Reboot","floor":40.0},{"not_picked":["Darkness+1","Sweeping Beam","Redo"],"picked":"Singing Bowl","floor":42.0},{"not_picked":["Doom and Gloom","Undo","Beam Cell"],"picked":"Singing Bowl","floor":44.0},{"not_picked":["Barrage","Cold Snap"],"picked":"Chaos+1","floor":48.0},{"not_picked":["Heatsinks","Chaos"],"picked":"Compile Driver","floor":55.0}],"player_experience":791077,"relics_obtained":[{"floor":6.0,"key":"FossilizedHelix"},{"floor":8.0,"key":"Singing Bowl"},{"floor":14.0,"key":"Letter Opener"},{"floor":24.0,"key":"Oddly Smooth Stone"},{"floor":26.0,"key":"Blue Candle"},{"floor":27.0,"key":"Tiny Chest"},{"floor":29.0,"key":"Mummified Hand"},{"floor":40.0,"key":"Mercury Hourglass"},{"floor":42.0,"key":"Orichalcum"},{"floor":43.0,"key":"Juzu Bracelet"},{"floor":55.0,"key":"DataDisk"}],"event_choices":[{"damage_healed":0.0,"max_hp_gain":0.0,"max_hp_loss":0.0,"gold_gain":0.0,"event_name":"Liars Game","player_choice":"Ignored","floor":2.0,"gold_loss":0.0,"damage_taken":0.0},{"cards_removed":["Strike_B"],"damage_healed":0.0,"max_hp_gain":0.0,"max_hp_loss":0.0,"gold_gain":0.0,"event_name":"Golden Wing","player_choice":"Card Removal","floor":3.0,"gold_loss":0.0,"damage_taken":7.0},{"damage_healed":0.0,"max_hp_gain":0.0,"max_hp_loss":0.0,"gold_gain":0.0,"cards_transformed":["Strike_B","Defend_B"],"event_name":"Drug Dealer","player_choice":"Became Test Subject","floor":22.0,"gold_loss":0.0,"damage_taken":0.0,"cards_obtained":["Glacier","Rip and Tear"]},{"cards_removed":["Darkness"],"damage_healed":14.0,"max_hp_gain":0.0,"max_hp_loss":0.0,"gold_gain":0.0,"event_name":"Bonfire Elementals","player_choice":"Offered Uncommon","floor":39.0,"gold_loss":0.0,"damage_taken":0.0},{"damage_healed":0.0,"max_hp_gain":0.0,"max_hp_loss":0.0,"gold_gain":0.0,"event_name":"Tomb of Lord Red Mask","player_choice":"Paid","floor":46.0,"gold_loss":59.0,"damage_taken":0.0,"relics_obtained":["Red Mask"]}],"is_beta":false,"boss_relics":[{"not_picked":["Calling Bell","Snecko Eye"],"picked":"Coffee Dripper"},{"not_picked":["Nuclear Battery","Eternal Feather"],"picked":"Pandora\u0027s Box"}],"items_purged_floors":[5,19,37],"is_endless":false,"potions_floor_spawned":[1,4,8,16,20,21,27,33,40,48],"killed_by":"The Heart","ascension_level":20}