{"gold_per_floor":[19,36,36,36,46,46,75,92,117,117,117,152,152,183,183,258,258,271,271,271,291,291,291,316,316,316,335,335,369,8,37,37,109,109,120,130,22,32,82,114,114,36,36,36,53,53,71,89,89,89,89,89,89,39,72,72],"floor_reached":57,"playtime":2429,"items_purged":["Strike_B","Strike_B","Strike_B"],"score":3137,"play_id":"08a4fe7c-2034-4c6a-b9c6-28f296cf7aac","local_time":"20190817002650","is_ascension_mode":true,"campfire_choices":[{"data":"Dualcast","floor":6.0,"key":"SMITH"},{"data":"Buffer","floor":11.0,"key":"SMITH"},{"data":"Defragment","floor":15.0,"key":"SMITH"},{"data":"Echo Form","floor":23.0,"key":"SMITH"},{"data":"Electrodynamics","floor":25.0,"key":"SMITH"},{"data":"Thunder Strike","floor":28.0,"key":"SMITH"},{"floor":32.0,"key":"REST"},{"data":"Defragment","floor":41.0,"key":"SMITH"},{"floor":44.0,"key":"RECALL"},{"data":"Defragment","floor":46.0,"key":"SMITH"},{"data":"Defragment","floor":49.0,"key":"SMITH"},{"data":"Coolheaded","floor":53.0,"key":"SMITH"}],"neow_cost":"NO_GOLD","seed_source_timestamp":105876754931100,"circlet_count":0,"master_deck":["AscendersBane","Defend_B","Defend_B","Defend_B","Defend_B","Zap","Dualcast+1","Electrodynamics+1","Auto Shields","BootSequence","Zap","Redo","Thunder Strike+1","Ball Lightning","Lockon","Streamline","Buffer+1","Double Energy","Defragment+1","Echo Form+1","Chill","Ball Lightning","Meteor Strike","Defragment+1","Conserve Battery","Creative AI","Thunder Strike","FTL","Defragment+1","Coolheaded+1","Coolheaded+1","Leap+1","Defragment+1","Stack+1","Coolheaded","Coolheaded"],"special_seed":0,"relics":["Cracked Core","Blood Vial","Smiling Mask","Centennial Puzzle","Snecko Eye","Enchiridion","Mercury Hourglass","Lantern","Cables","Incense Burner","Happy Flower","Bottled Flame","Nuclear Battery","Regal Pillow","Bottled Lightning","Du-Vu Doll"],"potions_floor_usage":[],"damage_taken":[{"damage":10.0,"enemies":"2 Louse","floor":1.0,"turns":2.0},{"damage":0.0,"enemies":"Cultist","floor":2.0,"turns":3.0},{"damage":2.0,"enemies":"Small Slimes","floor":5.0,"turns":3.0},{"damage":9.0,"enemies":"Lagavulin","floor":7.0,"turns":7.0},{"damage":1.0,"enemies":"3 Louse","floor":8.0,"turns":3.0},{"damage":0.0,"enemies":"3 Sentries","floor":12.0,"turns":3.0},{"damage":0.0,"enemies":"Lagavulin","floor":14.0,"turns":6.0},{"damage":0.0,"enemies":"The Guardian","floor":16.0,"turns":6.0},{"damage":3.0,"enemies":"3 Byrds","floor":18.0,"turns":2.0},{"damage":23.0,"enemies":"2 Thieves","floor":21.0,"turns":3.0},{"damage":0.0,"enemies":"Gremlin Leader","floor":24.0,"turns":4.0},{"damage":0.0,"enemies":"Snecko","floor":27.0,"turns":2.0},{"damage":2.0,"enemies":"Book of Stabbing","floor":29.0,"turns":5.0},{"damage":3.0,"enemies":"Gremlin Leader","floor":31.0,"turns":3.0},{"damage":0.0,"enemies":"Collector","floor":33.0,"turns":5.0},{"damage":0.0,"enemies":"3 Shapes","floor":35.0,"turns":3.0},{"damage":0.0,"enemies":"3 Darklings","floor":36.0,"turns":2.0},{"damage":0.0,"enemies":"Transient","floor":38.0,"turns":6.0},{"damage":0.0,"enemies":"Giant Head","floor":40.0,"turns":5.0},{"damage":5.0,"enemies":"Writhing Mass","floor":45.0,"turns":4.0},{"damage":0.0,"enemies":"Jaw Worm Horde","floor":47.0,"turns":4.0},{"damage":0.0,"enemies":"3 Darklings","floor":48.0,"turns":2.0},{"damage":40.0,"enemies":"Awakened One","floor":50.0,"turns":9.0},{"damage":7.0,"enemies":"Time Eater","floor":51.0,"turns":10.0},{"damage":5.0,"enemies":"Shield and Spear","floor":55.0,"turns":5.0},{"damage":18,"enemies":"The Heart","floor":56,"turns":10}],"seed_played":"8700793961305472178","potions_obtained":[{"floor":5.0,"key":"FearPotion"},{"floor":8.0,"key":"Energy Potion"},{"floor":14.0,"key":"FocusPotion"},{"floor":16.0,"key":"Dexterity Potion"},{"floor":29.0,"key":"FairyPotion"},{"floor":31.0,"key":"Explosive Potion"},{"floor":33.0,"key":"AttackPotion"}],"is_trial":false,"path_per_floor":["M","M","?","$","M","R","E","M","T","?","R","E","?","E","R","B",null,"M","?","T","M","?","R","E","R","T","M","R","E","$","E","R","B",null,"M","M","$","M","?","E","R","$","T","R","M","R","M","M","R","B","B",null,"R","$","E","B",null],"character_chosen":"DEFECT","items_purchased":["Defragment","Conserve Battery","Happy Flower","Coolheaded","Defragment"],"campfire_rested":1,"item_purchase_floors":[30,30,30,37,42],"current_hp_per_floor":[54,54,54,54,52,52,43,44,44,44,44,46,69,71,71,71,71,68,47,47,26,26,26,28,28,28,30,30,30,30,29,50,52,66,68,70,70,71,71,71,71,71,71,71,66,66,68,70,70,31,26,60,60,60,57,41],"gold":72,"neow_bonus":"THREE_RARE_CARDS","is_prod":false,"is_daily":false,"chose_seed":false,"campfire_upgraded":10,"win_rate":0,"timestamp":1565969210,"path_taken":["M","M","?","?","M","R","E","M","T","?","R","E","?","E","R","BOSS","M","?","?","M","?","R","E","R","T","M","R","E","$","E","R","BOSS","M","M","$","M","?","E","R","?","T","R","?","R","M","M","R","BOSS","BOSS","R","$","E","BOSS"],"build_version":"2019-08-15","purchased_purges":3,"victory":true,"max_hp_per_floor":[71,71,71,71,71,71,71,71,71,71,71,71,71,71,71,71,71,71,71,71,71,71,71,71,71,71,71,71,71,71,71,71,71,71,71,71,71,71,71,71,71,71,71,71,71,71,71,71,71,71,71,71,71,71,71,71],"card_choices":[{"not_picked":["Biased Cognition","Thunder Strike"],"picked":"Electrodynamics","floor":0.0},{"not_picked":["Cold Snap","Turbo"],"picked":"Auto Shields","floor":1.0},{"not_picked":["Streamline","Coolheaded"],"picked":"BootSequence","floor":2.0},{"not_picked":["Gash","Melter"],"picked":"Ball Lightning","floor":5.0},{"not_picked":["Rebound","Force Field"],"picked":"Lockon","floor":7.0},{"not_picked":["Turbo","Hologram"],"picked":"Streamline","floor":8.0},{"not_picked":["Compile Driver","Steam Power"],"picked":"Double Energy","floor":12.0},{"not_picked":["Compile Driver","Beam Cell"],"picked":"Defragment","floor":14.0},{"not_picked":["Thunder Strike","Creative AI"],"picked":"Echo Form","floor":16.0},{"not_picked":["Coolheaded","Tempest"],"picked":"Chill","floor":18.0},{"not_picked":["Rebound","Hologram"],"picked":"Ball Lightning","floor":21.0},{"not_picked":["Turbo","Cold Snap","Ball Lightning+1"],"picked":"SKIP","floor":24.0},{"not_picked":["Redo","Rebound","Hologram+1"],"picked":"SKIP","floor":27.0},{"not_picked":["Coolheaded","Gash"],"picked":"Meteor Strike","floor":29.0},{"not_picked":["Turbo","Tempest"],"picked":"Creative AI","floor":31.0},{"not_picked":["Creative AI","Multi-Cast"],"picked":"Thunder Strike","floor":33.0},{"not_picked":["Cold Snap","Rebound"],"picked":"FTL","floor":35.0},{"not_picked":["Chaos","Leap"],"picked":"Defragment","floor":36.0},{"not_picked":["Barrage","Stack"],"picked":"Coolheaded+1","floor":38.0},{"not_picked":["Beam Cell","Creative AI"],"picked":"Leap+1","floor":40.0},{"not_picked":["Go for the Eyes","Streamline"],"picked":"Stack+1","floor":45.0},{"not_picked":["Conserve Battery","Cold Snap"],"picked":"Coolheaded","floor":47.0},{"not_picked":["Turbo+1","Streamline"],"picked":"Coolheaded","floor":48.0},{"not_picked":["Scrape+1","Doom and Gloom","Rebound"],"picked":"SKIP","floor":55.0}],"player_experience":1489934,"relics_obtained":[{"floor":7.0,"key":"Blood Vial"},{"floor":12.0,"key":"Smiling Mask"},{"floor":14.0,"key":"Centennial Puzzle"},{"floor":19.0,"key":"Enchiridion"},{"floor":20.0,"key":"Mercury Hourglass"},{"floor":24.0,"key":"Lantern"},{"floor":26.0,"key":"Cables"},{"floor":29.0,"key":"Incense Burner"},{"floor":31.0,"key":"Bottled Flame"},{"floor":40.0,"key":"Regal Pillow"},{"floor":43.0,"key":"Bottled Lightning"},{"floor":55.0,"key":"Du-Vu Doll"}],"event_choices":[{"damage_healed":0.0,"max_hp_gain":0.0,"max_hp_loss":0.0,"gold_gain":0.0,"event_name":"Match and Keep!","player_choice":"3 cards matched","floor":3.0,"gold_loss":0.0,"damage_taken":0.0,"cards_obtained":["Zap","Redo","Thunder Strike"]},{"damage_healed":0.0,"max_hp_gain":0.0,"max_hp_loss":0.0,"gold_gain":0.0,"cards_transformed":["Strike_B"],"event_name":"Living Wall","player_choice":"Change","floor":10.0,"gold_loss":0.0,"damage_taken":0.0,"cards_obtained":["Buffer"]},{"damage_healed":23.0,"max_hp_gain":0.0,"max_hp_loss":0.0,"gold_gain":0.0,"event_name":"Big Fish","player_choice":"Banana","floor":13.0,"gold_loss":0.0,"damage_taken":0.0},{"damage_healed":0.0,"max_hp_gain":0.0,"max_hp_loss":0.0,"gold_gain":0.0,"event_name":"Cursed Tome","player_choice":"Obtained Book","floor":19.0,"gold_loss":0.0,"damage_taken":21.0},{"damage_healed":0.0,"max_hp_gain":0.0,"max_hp_loss":0.0,"gold_gain":0.0,"event_name":"Vampires","player_choice":"Ignored","floor":22.0,"gold_loss":0.0,"damage_taken":0.0},{"damage_healed":0.0,"max_hp_gain":0.0,"max_hp_loss":0.0,"gold_gain":50.0,"event_name":"Golden Shrine","player_choice":"Pray","floor":39.0,"gold_loss":0.0,"damage_taken":0.0}],"is_beta":true,"boss_relics":[{"not_picked":["White Beast Statue","Runic Dome"],"picked":"Snecko Eye"},{"not_picked":["Philosopher\u0027s Stone","Lizard Tail"],"picked":"Nuclear Battery"}],"items_purged_floors":[30,37,54],"is_endless":false,"potions_floor_spawned":[5,8,14,16,29,31,33,35,38,45,47],"ascension_level":20}