{"gold_per_floor":[116,128,128,147,159,159,177,177,177,189,114,114,146,157,157,259,259,279,279],"floor_reached":19,"playtime":1271,"items_purged":["Strike_B"],"score":231,"play_id":"05854f4a-4f8f-4b9f-9df6-8b220afa4a62","local_time":"20180917205609","is_ascension_mode":true,"campfire_choices":[{"data":"Zap","floor":6,"key":"SMITH"},{"data":"Hologram","floor":8,"key":"SMITH"},{"floor":12,"key":"REST"},{"floor":15,"key":"REST"}],"neow_cost":"","seed_source_timestamp":385636598332864,"circlet_count":0,"master_deck":["Strike_B","Strike_B","Defend_B","Defend_B","Defend_B","Zap+1","Dualcast","Undo","Hologram+1","Steam","Sunder","Coolheaded","All For One","Go for the Eyes"],"relics":["Cracked Core","Singing Bowl","Omamori","Empty Cage"],"potions_floor_usage":[10,10,13,19],"damage_taken":[{"damage":4,"enemies":"Small Slimes","floor":1,"turns":4},{"damage":1,"enemies":"Cultist","floor":2,"turns":3},{"damage":0,"enemies":"2 Louse","floor":4,"turns":2},{"damage":6,"enemies":"Blue Slaver","floor":5,"turns":6},{"damage":8,"enemies":"Red Slaver","floor":7,"turns":5},{"damage":19,"enemies":"Exordium Thugs","floor":10,"turns":7},{"damage":16,"enemies":"Gremlin Nob","floor":13,"turns":4},{"damage":0,"enemies":"Large Slime","floor":14,"turns":5},{"damage":23,"enemies":"The Guardian","floor":16,"turns":15},{"damage":9,"enemies":"Chosen","floor":18,"turns":6},{"damage":58,"enemies":"Masked Bandits","floor":19,"turns":4}],"seed_played":"-7555210642668768028","potions_obtained":[{"floor":1,"key":"Weak Potion"},{"floor":2,"key":"SpeedPotion"},{"floor":10,"key":"Ancient Potion"},{"floor":13,"key":"Dexterity Potion"},{"floor":16,"key":"Explosive Potion"}],"is_trial":false,"path_per_floor":["M","M","?","M","M","R","M","R","T","M","$","R","E","M","R","B",null,"M"],"character_chosen":"DEFECT","items_purchased":[],"campfire_rested":2,"item_purchase_floors":[],"current_hp_per_floor":[64,63,63,63,57,57,49,49,49,30,30,52,36,38,61,38,67,58,0],"gold":279,"neow_bonus":"","is_prod":false,"is_daily":false,"chose_seed":false,"campfire_upgraded":2,"win_rate":0,"timestamp":1537232169,"path_taken":["M","M","?","M","?","R","M","R","T","M","$","R","E","M","R","BOSS","M","?"],"build_version":"2018-09-06","purchased_purges":1,"victory":false,"max_hp_per_floor":[75,75,75,75,75,75,75,75,75,75,75,75,75,77,77,77,77,77,77],"card_choices":[{"not_picked":["Skim","Barrage"],"picked":"Undo","floor":1},{"not_picked":["Auto Shields","Gash"],"picked":"Hologram","floor":2},{"not_picked":["Consume","Gash","Heatsinks"],"picked":"SKIP","floor":4},{"not_picked":["Turbo","Go for the Eyes","Cold Snap"],"picked":"SKIP","floor":5},{"not_picked":["Skim","Chaos"],"picked":"Steam","floor":7},{"not_picked":["Compile Driver","Beam Cell"],"picked":"Sunder","floor":10},{"not_picked":["Multi-Cast","Hologram"],"picked":"Coolheaded","floor":13},{"not_picked":["Sweeping Beam","Redo","Ball Lightning"],"picked":"Singing Bowl","floor":14},{"not_picked":["Multi-Cast","Hyperbeam"],"picked":"All For One","floor":16},{"not_picked":["Streamline+1","Melter"],"picked":"Go for the Eyes","floor":18}],"player_experience":365844,"relics_obtained":[{"floor":9,"key":"Singing Bowl"},{"floor":13,"key":"Omamori"}],"event_choices":[{"event_name":"Liars Game","player_choice":"disagreed","floor":3,"damage_taken":0},{"event_name":"Masked Bandits","player_choice":"Fought Bandits","floor":19,"damage_taken":0}],"is_beta":false,"boss_relics":[{"not_picked":["FrozenCore","Fusion Hammer"],"picked":"Empty Cage"}],"items_purged_floors":[11],"is_endless":false,"potions_floor_spawned":[1,2,10,13,16],"killed_by":"Masked Bandits","ascension_level":7}