{"gold_per_floor":[112,112,37,51,12,12,287,287,311,326,326,346,156,166,166,240,240,256,269,269,287,306,306,340,340,364,364,383,13,13,31,31,103,103,114,128,128,3,17,17,17,44,44,144,163,163,213,213,213,213,213,213,213,63,92,92],"floor_reached":57,"playtime":1840,"items_purged":["Regret","Bullet Time","Caltrops","Dodge and Roll"],"score":2730,"play_id":"c2f907be-7338-4a5f-9069-080461b2ae67","local_time":"20190819210839","is_ascension_mode":true,"campfire_choices":[{"data":"Glass Knife","floor":6.0,"key":"SMITH"},{"data":"Well Laid Plans","floor":8.0,"key":"SMITH"},{"data":"Deadly Poison","floor":15.0,"key":"SMITH"},{"data":"Prepared","floor":23.0,"key":"SMITH"},{"data":"Malaise","floor":25.0,"key":"SMITH"},{"data":"Tactician","floor":30.0,"key":"SMITH"},{"floor":32.0,"key":"REST"},{"data":"Grand Finale","floor":40.0,"key":"SMITH"},{"data":"Acrobatics","floor":46.0,"key":"SMITH"},{"floor":49.0,"key":"RECALL"},{"data":"Backflip","floor":53.0,"key":"SMITH"}],"neow_cost":"NONE","seed_source_timestamp":0,"circlet_count":0,"master_deck":["AscendersBane","Survivor","Neutralize","Footwork","Crippling Poison","Malaise+1","Adrenaline","Tactician+1","Well Laid Plans+1","Deflect","Backflip+1","Grand Finale+1","Prepared+1","Acrobatics+1","Adrenaline"],"special_seed":0,"relics":["Pandora\u0027s Box","Bag of Marbles","Mercury Hourglass","Runic Dome","Mango","Lantern","Medical Kit","Empty Cage","Pen Nib","Shovel","The Specimen","Thread and Needle"],"potions_floor_usage":[],"damage_taken":[{"damage":0.0,"enemies":"Small Slimes","floor":1.0,"turns":2.0},{"damage":4.0,"enemies":"2 Louse","floor":4.0,"turns":3.0},{"damage":6.0,"enemies":"Cultist","floor":10.0,"turns":4.0},{"damage":20.0,"enemies":"Exordium Wildlife","floor":12.0,"turns":4.0},{"damage":1.0,"enemies":"Gremlin Gang","floor":14.0,"turns":3.0},{"damage":1.0,"enemies":"The Guardian","floor":16.0,"turns":8.0},{"damage":0.0,"enemies":"3 Byrds","floor":18.0,"turns":2.0},{"damage":13.0,"enemies":"Shell Parasite","floor":19.0,"turns":3.0},{"damage":0.0,"enemies":"Shelled Parasite and Fungi","floor":21.0,"turns":3.0},{"damage":13.0,"enemies":"Snecko","floor":22.0,"turns":5.0},{"damage":9.0,"enemies":"Gremlin Leader","floor":24.0,"turns":5.0},{"damage":0.0,"enemies":"3 Cultists","floor":28.0,"turns":3.0},{"damage":8.0,"enemies":"Shelled Parasite and Fungi","floor":31.0,"turns":2.0},{"damage":3.0,"enemies":"Automaton","floor":33.0,"turns":4.0},{"damage":7.0,"enemies":"3 Shapes","floor":35.0,"turns":3.0},{"damage":0.0,"enemies":"Orb Walker","floor":36.0,"turns":3.0},{"damage":2.0,"enemies":"Jaw Worm Horde","floor":39.0,"turns":3.0},{"damage":0.0,"enemies":"Nemesis","floor":42.0,"turns":3.0},{"damage":0.0,"enemies":"Mind Bloom Boss Battle","floor":44.0,"turns":3.0},{"damage":0.0,"enemies":"Sphere and 2 Shapes","floor":45.0,"turns":4.0},{"damage":6.0,"enemies":"2 Orb Walkers","floor":47.0,"turns":2.0},{"damage":6.0,"enemies":"Awakened One","floor":50.0,"turns":3.0},{"damage":14.0,"enemies":"Donu and Deca","floor":51.0,"turns":2.0},{"damage":0,"enemies":"Shield and Spear","floor":55,"turns":1},{"damage":43,"enemies":"The Heart","floor":56,"turns":4}],"seed_played":"1067013406774190030","potions_obtained":[{"floor":4.0,"key":"SkillPotion"},{"floor":12.0,"key":"Fire Potion"},{"floor":14.0,"key":"AttackPotion"},{"floor":21.0,"key":"Block Potion"},{"floor":24.0,"key":"SpeedPotion"},{"floor":35.0,"key":"Weak Potion"}],"is_trial":false,"path_per_floor":["M","?","?","M","$","R","?","R","T","M","T","M","$","M","R","B",null,"M","M","?","M","M","R","E","R","T","?","M","$","R","M","R","B",null,"M","M","?","$","M","R","$","E","T","?","M","R","?","?","R","B","B",null,"R","$","E","B",null],"character_chosen":"THE_SILENT","items_purchased":["Well Laid Plans","Backflip","Dodge and Roll","Medical Kit","Swift Potion"],"campfire_rested":1,"item_purchase_floors":[5,13,13,29,29],"current_hp_per_floor":[59,52,52,48,48,48,48,48,48,42,42,22,22,21,21,20,55,55,42,42,42,29,29,34,34,34,34,34,34,34,26,50,47,72,65,65,65,65,63,63,63,63,63,63,63,63,57,57,57,51,37,66,66,66,66,23],"gold":92,"neow_bonus":"BOSS_RELIC","is_prod":false,"is_daily":false,"chose_seed":false,"campfire_upgraded":9,"win_rate":0,"timestamp":1566220119,"path_taken":["M","?","?","M","$","R","?","R","T","?","?","M","$","M","R","BOSS","M","?","?","?","M","R","E","R","T","?","M","$","R","M","R","BOSS","M","M","?","?","M","R","$","E","T","?","M","R","?","?","R","BOSS","BOSS","R","$","E","BOSS"],"build_version":"2019-07-17","purchased_purges":4,"victory":true,"max_hp_per_floor":[66,66,66,66,66,66,66,66,66,66,66,66,66,66,66,66,66,66,66,66,66,66,66,80,80,80,80,80,80,80,80,80,80,80,80,80,80,80,80,80,80,80,80,80,80,80,80,76,76,76,76,76,76,76,76,76],"card_choices":[{"not_picked":["Quick Slash","PiercingWail"],"picked":"Tactician","floor":1.0},{"not_picked":["Caltrops","Dagger Spray","Cloak And Dagger"],"picked":"SKIP","floor":4.0},{"not_picked":["Blur","Underhanded Strike"],"picked":"Deadly Poison","floor":10.0},{"not_picked":["Quick Slash","Poisoned Stab"],"picked":"Deflect","floor":12.0},{"not_picked":["Riddle With Holes","Slice","Well Laid Plans"],"picked":"SKIP","floor":14.0},{"not_picked":["Envenom","Storm of Steel"],"picked":"Grand Finale","floor":16.0},{"not_picked":["Blade Dance","Dodge and Roll","Concentrate"],"picked":"SKIP","floor":18.0},{"not_picked":["Dodge and Roll","Dagger Throw"],"picked":"Prepared","floor":19.0},{"not_picked":["Deflect","Flying Knee","Doppelganger"],"picked":"SKIP","floor":21.0},{"not_picked":["Prepared","Deflect","Backflip"],"picked":"SKIP","floor":22.0},{"not_picked":["Outmaneuver","Slice","Terror"],"picked":"SKIP","floor":24.0},{"not_picked":["Slice","Dodge and Roll","Deadly Poison"],"picked":"SKIP","floor":28.0},{"not_picked":["Outmaneuver","Poisoned Stab+1","Setup"],"picked":"SKIP","floor":31.0},{"not_picked":["Masterful Stab","Dagger Spray","Concentrate+1"],"picked":"SKIP","floor":35.0},{"not_picked":["Crippling Poison+1","Deadly Poison","Blade Dance"],"picked":"SKIP","floor":36.0},{"not_picked":["Quick Slash","Distraction","Endless Agony"],"picked":"SKIP","floor":39.0},{"not_picked":["Dagger Spray","Predator","All Out Attack"],"picked":"SKIP","floor":42.0},{"not_picked":["Dagger Spray","Predator","All Out Attack"],"picked":"SKIP","floor":42.0},{"not_picked":["Sucker Punch","Flying Knee+1"],"picked":"Acrobatics","floor":44.0},{"not_picked":["Poisoned Stab","Deadly Poison","Eviscerate"],"picked":"SKIP","floor":45.0},{"not_picked":["Well Laid Plans","Finisher"],"picked":"Adrenaline","floor":47.0},{"not_picked":["Cloak And Dagger","Outmaneuver","Dagger Throw"],"picked":"SKIP","floor":55}],"player_experience":839980,"relics_obtained":[{"floor":9.0,"key":"Bag of Marbles"},{"floor":11.0,"key":"Mercury Hourglass"},{"floor":24.0,"key":"Mango"},{"floor":26.0,"key":"Lantern"},{"floor":42.0,"key":"Pen Nib"},{"floor":44.0,"key":"Shovel"},{"floor":47.0,"key":"The Specimen"},{"floor":55,"key":"Thread and Needle"}],"event_choices":[{"cards_removed":["Phantasmal Killer"],"damage_healed":0.0,"max_hp_gain":0.0,"max_hp_loss":0.0,"gold_gain":0.0,"event_name":"Golden Wing","player_choice":"Card Removal","floor":2.0,"gold_loss":0.0,"damage_taken":7.0},{"cards_removed":["Flying Knee"],"damage_healed":0.0,"max_hp_gain":0.0,"max_hp_loss":0.0,"gold_gain":0.0,"event_name":"The Cleric","player_choice":"Card Removal","floor":3.0,"gold_loss":75.0,"damage_taken":0.0},{"damage_healed":0.0,"max_hp_gain":0.0,"max_hp_loss":0.0,"gold_gain":275.0,"event_name":"Golden Shrine","player_choice":"Desecrate","floor":7.0,"gold_loss":0.0,"damage_taken":0.0,"cards_obtained":["Regret"]},{"cards_removed":["Quick Slash"],"damage_healed":0.0,"max_hp_gain":0.0,"max_hp_loss":0.0,"gold_gain":0.0,"event_name":"Wheel of Change","player_choice":"Card Removal","floor":20.0,"gold_loss":0.0,"damage_taken":0.0},{"damage_healed":0.0,"max_hp_gain":0.0,"max_hp_loss":0.0,"gold_gain":0.0,"event_name":"Vampires","player_choice":"Ignored","floor":27.0,"gold_loss":0.0,"damage_taken":0.0},{"damage_healed":0.0,"max_hp_gain":0.0,"max_hp_loss":0.0,"gold_gain":0.0,"event_name":"SensoryStone","player_choice":"Memory 1","floor":37.0,"gold_loss":0.0,"damage_taken":0.0},{"damage_healed":0.0,"max_hp_gain":0.0,"max_hp_loss":0.0,"gold_gain":0.0,"event_name":"MindBloom","player_choice":"Fight","floor":44.0,"gold_loss":0.0,"damage_taken":0.0},{"damage_healed":0.0,"max_hp_gain":0.0,"max_hp_loss":0.0,"gold_gain":0.0,"event_name":"Mysterious Sphere","player_choice":"Fight","floor":47.0,"gold_loss":0.0,"damage_taken":0.0},{"damage_healed":0.0,"max_hp_gain":0.0,"max_hp_loss":4.0,"gold_gain":0.0,"event_name":"Winding Halls","player_choice":"Max HP","floor":48.0,"gold_loss":0.0,"damage_taken":0.0}],"is_beta":false,"boss_relics":[{"not_picked":["Busted Crown","Tiny House"],"picked":"Runic Dome"},{"not_picked":["WristBlade","Fusion Hammer"],"picked":"Empty Cage"}],"items_purged_floors":[13,29,38,54],"is_endless":false,"potions_floor_spawned":[4,12,14,21,22,24,35,36,42,45,55],"ascension_level":20}