{"gold_per_floor":[118,118,88,105,122,122,138,138,138,164,181,210,228,256,256,361,361,374,289,388,408,333,333,365,239,266,266,280,293,293,307,307,307],"floor_reached":33,"playtime":4006,"items_purged":["Strike_B","Defend_B"],"score":330,"play_id":"1570a1e6-4282-45b7-a4b3-8280861d329c","local_time":"20180724221556","is_ascension_mode":true,"campfire_choices":[{"data":"Dualcast","floor":6,"key":"SMITH"},{"data":"Zap","floor":8,"key":"SMITH"},{"data":"Fusion","floor":15,"key":"SMITH"},{"data":"Redo","floor":23,"key":"SMITH"},{"floor":27,"key":"REST"},{"floor":32,"key":"REST"}],"neow_cost":"NONE","seed_source_timestamp":424832550386743,"circlet_count":0,"master_deck":["Strike_B+1","Strike_B","Defend_B","Defend_B","Defend_B+1","Zap+1","Dualcast+1","Self Repair","Self Repair","Go for the Eyes","Conserve Battery","Redo+1","Steam","Fusion+1","All For One","Chill","Steam","Reprogram+1","Ball Lightning","Undo+1","Decay","Sunder","White Noise+1"],"relics":["Cracked Core","Lantern","Pantograph","Pen Nib","Dream Catcher","Inserter","Boot","Ancient Tea Set","Strawberry"],"potions_floor_usage":[5,7,10,14,14,14,14,14,21,21,21,21,21,24,33],"damage_taken":[{"damage":2,"enemies":"Jaw Worm","floor":1,"turns":3},{"damage":0,"enemies":"2 Louse","floor":4,"turns":4},{"damage":3,"enemies":"Cultist","floor":5,"turns":4},{"damage":5,"enemies":"2 Fungi Beasts","floor":7,"turns":3},{"damage":6,"enemies":"Gremlin Nob","floor":10,"turns":3},{"damage":12,"enemies":"Gremlin Gang","floor":11,"turns":4},{"damage":24,"enemies":"3 Sentries","floor":12,"turns":9},{"damage":13,"enemies":"Lots of Slimes","floor":13,"turns":4},{"damage":37,"enemies":"Lagavulin","floor":14,"turns":7},{"damage":67,"enemies":"The Guardian","floor":16,"turns":17},{"damage":41,"enemies":"Chosen","floor":18,"turns":8},{"damage":20,"enemies":"Shell Parasite","floor":21,"turns":5},{"damage":47,"enemies":"Slavers","floor":24,"turns":11},{"damage":38,"enemies":"Snake Plant","floor":28,"turns":6},{"damage":14,"enemies":"Centurion and Healer","floor":29,"turns":11},{"damage":15,"enemies":"Sentry and Sphere","floor":31,"turns":7},{"damage":82,"enemies":"Collector","floor":33,"turns":11}],"seed_played":"-3736286292808583941","potions_obtained":[{"floor":1,"key":"GamblersBrew"},{"floor":3,"key":"Swift Potion"},{"floor":3,"key":"GamblersBrew"},{"floor":5,"key":"Ancient Potion"},{"floor":10,"key":"Regen Potion"},{"floor":12,"key":"EntropicBrew"},{"floor":16,"key":"Regen Potion"},{"floor":18,"key":"EntropicBrew"},{"floor":28,"key":"Explosive Potion"}],"is_trial":false,"path_per_floor":["M","?","?","M","M","R","M","R","T","E","M","E","M","E","R","B",null,"M","?","?","M","$","R","E","$","T","R","M","M","?","M","R"],"character_chosen":"DEFECT","items_purchased":["Ball Lightning"],"campfire_rested":2,"item_purchase_floors":[25],"current_hp_per_floor":[73,58,58,65,75,75,75,75,75,75,75,65,66,58,58,22,75,48,48,48,56,56,56,23,23,30,54,30,30,30,29,53,0],"gold":307,"neow_bonus":"REMOVE_CARD","is_prod":false,"is_daily":false,"chose_seed":false,"campfire_upgraded":4,"win_rate":0,"timestamp":1532484956,"path_taken":["M","?","?","M","M","R","M","R","T","E","?","E","?","E","R","BOSS","M","?","?","M","?","R","E","$","T","R","M","M","?","M","R","BOSS"],"build_version":"2018-07-19v2","purchased_purges":2,"victory":false,"max_hp_per_floor":[75,75,75,75,75,75,75,75,75,75,75,75,75,75,75,75,75,75,75,75,75,75,75,75,75,82,82,82,82,82,82,82,82],"card_choices":[{"not_picked":["Redo","Genetic Algorithm"],"picked":"Self Repair","floor":1},{"not_picked":["Rebound","Darkness"],"picked":"Self Repair","floor":4},{"not_picked":["Rip and Tear","Chaos"],"picked":"Go for the Eyes","floor":5},{"not_picked":["Reinforced Body","Beam Cell"],"picked":"Conserve Battery","floor":7},{"not_picked":["Coolheaded","Gash"],"picked":"Redo","floor":10},{"not_picked":["Turbo","Barrage"],"picked":"Steam","floor":11},{"not_picked":["Blizzard","White Noise"],"picked":"Fusion","floor":12},{"not_picked":["Beam Cell","Gash","Streamline"],"picked":"SKIP","floor":13},{"not_picked":["Aggregate","Heatsinks","Turbo"],"picked":"SKIP","floor":14},{"not_picked":["Fission","Rainbow"],"picked":"All For One","floor":16},{"not_picked":["Gash","Scrape"],"picked":"Chill","floor":18},{"not_picked":["Leap","Cold Snap"],"picked":"Steam","floor":21},{"not_picked":["Heatsinks","Beam Cell"],"picked":"Reprogram+1","floor":24},{"not_picked":["Redo+1","Rebound"],"picked":"Undo+1","floor":28},{"not_picked":["Compile Driver","Glacier","Redo"],"picked":"SKIP","floor":29},{"not_picked":["Recycle","Gash"],"picked":"Sunder","floor":31},{"not_picked":["Chill","Darkness"],"picked":"White Noise+1","floor":32}],"player_experience":157364,"relics_obtained":[{"floor":9,"key":"Lantern"},{"floor":10,"key":"Pantograph"},{"floor":12,"key":"Pen Nib"},{"floor":14,"key":"Dream Catcher"},{"floor":24,"key":"Ancient Tea Set"},{"floor":26,"key":"Strawberry"}],"event_choices":[{"event_name":"Shining Light","player_choice":"Entered Light","floor":2,"damage_taken":0},{"event_name":"The Woman in Blue","player_choice":"Bought 2 Potions","floor":3,"damage_taken":0},{"event_name":"Addict","player_choice":"Obtained Relic","floor":19,"damage_taken":0},{"event_name":"Nest","player_choice":"Stole From Cult","floor":20,"damage_taken":0},{"event_name":"Forgotten Altar","player_choice":"Smashed Altar","floor":30,"damage_taken":0}],"is_beta":false,"boss_relics":[{"not_picked":["Black Star","Velvet Choker"],"picked":"Inserter"}],"items_purged_floors":[22,25],"is_endless":false,"potions_floor_spawned":[1,5,10,12,16,18,28],"killed_by":"Collector","ascension_level":3}