{"gold_per_floor":[109,59,75,94,110,110,137,137,137,172,172,184,184,198,198,301,301,320,340,358,368,468,498,516,542,542,542,571,571,591,611,611,711,711,729,584,595,112,132,132,159,159,159,179,179,193,221,139,139,139,139,139,36,63,63],"floor_reached":56,"playtime":3693,"items_purged":[],"score":1411,"play_id":"a35099dc-0770-4afa-8864-32de82c31688","local_time":"20190630180449","is_ascension_mode":true,"campfire_choices":[{"data":"Zap","floor":6,"key":"SMITH"},{"data":"Defragment","floor":8,"key":"SMITH"},{"floor":13,"key":"REST"},{"data":"Defragment","floor":15,"key":"SMITH"},{"data":"Defragment","floor":29,"key":"SMITH"},{"data":"Lockon","floor":32,"key":"SMITH"},{"floor":40,"key":"RECALL"},{"data":"Go for the Eyes","floor":42,"key":"SMITH"},{"data":"Coolheaded","floor":49,"key":"SMITH"},{"data":"Coolheaded","floor":52,"key":"SMITH"}],"neow_cost":"NONE","seed_source_timestamp":114911346670800,"circlet_count":0,"master_deck":["Strike_B+1","Strike_B+1","Defend_B","Defend_B","Defend_B","Zap+1","Compile Driver","Self Repair","Defragment+1","Go for the Eyes+1","Lockon+1","Conserve Battery+1","Sweeping Beam","Electrodynamics","Defragment+1","Capacitor+1","Hologram+1","Defragment+1","Coolheaded+1","Consume+1","Coolheaded+1","Electrodynamics+1","Fission+1","Hello World+1","Ball Lightning+1","Undo+1","Hologram+1"],"relics":["Cracked Core","Potion Belt","Bottled Tornado","Prayer Wheel","FossilizedHelix","Velvet Choker","Thread and Needle","Mummified Hand","War Paint","Anchor","Vajra","Astrolabe","Strawberry","Runic Capacitor","Turnip","Orichalcum","Kunai","StoneCalendar","Torii","Bag of Marbles"],"potions_floor_usage":[20,22,22,25,55,55,55,55,55,55,55,55,55,55],"damage_taken":[{"damage":1,"enemies":"Cultist","floor":1,"turns":3},{"damage":0,"enemies":"Small Slimes","floor":3,"turns":4},{"damage":1,"enemies":"Jaw Worm","floor":4,"turns":4},{"damage":0,"enemies":"Looter","floor":5,"turns":4},{"damage":33,"enemies":"3 Sentries","floor":7,"turns":7},{"damage":11,"enemies":"Lagavulin","floor":10,"turns":6},{"damage":0,"enemies":"Exordium Wildlife","floor":12,"turns":5},{"damage":6,"enemies":"3 Louse","floor":14,"turns":3},{"damage":25,"enemies":"The Guardian","floor":16,"turns":8},{"damage":5,"enemies":"Shell Parasite","floor":18,"turns":4},{"damage":0,"enemies":"Spheric Guardian","floor":19,"turns":3},{"damage":4,"enemies":"3 Cultists","floor":20,"turns":3},{"damage":0,"enemies":"Snecko","floor":21,"turns":4},{"damage":5,"enemies":"Colosseum Slavers","floor":22,"turns":3},{"damage":23,"enemies":"Colosseum Nobs","floor":22,"turns":4},{"damage":12,"enemies":"Book of Stabbing","floor":23,"turns":6},{"damage":0,"enemies":"Centurion and Healer","floor":24,"turns":4},{"damage":9,"enemies":"Gremlin Leader","floor":25,"turns":6},{"damage":2,"enemies":"Slavers","floor":28,"turns":3},{"damage":0,"enemies":"Cultist and Chosen","floor":30,"turns":3},{"damage":14,"enemies":"Snake Plant","floor":31,"turns":4},{"damage":0,"enemies":"Champ","floor":33,"turns":7},{"damage":0,"enemies":"Orb Walker","floor":35,"turns":4},{"damage":8,"enemies":"3 Darklings","floor":37,"turns":3},{"damage":0,"enemies":"Spire Growth","floor":39,"turns":3},{"damage":0,"enemies":"Reptomancer","floor":41,"turns":5},{"damage":0,"enemies":"4 Shapes","floor":44,"turns":2},{"damage":0,"enemies":"Jaw Worm Horde","floor":46,"turns":3},{"damage":0,"enemies":"Giant Head","floor":47,"turns":6},{"damage":7,"enemies":"Awakened One","floor":50,"turns":9},{"damage":24,"enemies":"Shield and Spear","floor":54,"turns":4},{"damage":0,"enemies":"The Heart","floor":55,"turns":9}],"seed_played":"-4890104444789329705","potions_obtained":[{"floor":4,"key":"FairyPotion"},{"floor":10,"key":"Energy Potion"},{"floor":16,"key":"Swift Potion"},{"floor":19,"key":"AttackPotion"},{"floor":20,"key":"SkillPotion"},{"floor":24,"key":"Block Potion"},{"floor":25,"key":"Strength Potion"},{"floor":31,"key":"Strength Potion"},{"floor":35,"key":"SpeedPotion"},{"floor":37,"key":"Explosive Potion"},{"floor":54,"key":"Dexterity Potion"}],"is_trial":false,"path_per_floor":["M","?","M","M","M","R","E","R","T","E","?","M","R","M","R","B",null,"M","M","M","M","?","E","M","E","T","?","E","R","M","M","R","B",null,"M","$","M","$","M","R","E","R","T","M","?","M","E","?","R","B",null,"R","$","E","B",null],"character_chosen":"DEFECT","items_purchased":["Strawberry","Runic Capacitor","Turnip","EntropicBrew"],"campfire_rested":1,"item_purchase_floors":[36,38,38,53],"current_hp_per_floor":[74,74,74,73,73,73,47,47,47,43,28,35,57,58,58,40,75,75,75,71,75,59,54,61,59,59,59,64,64,71,64,64,71,75,75,82,81,81,82,82,82,82,82,82,78,78,78,78,78,78,78,78,78,61,68],"gold":63,"neow_bonus":"RANDOM_COMMON_RELIC","is_prod":false,"is_daily":false,"chose_seed":false,"campfire_upgraded":8,"win_rate":0,"timestamp":1561932289,"path_taken":["M","?","M","M","M","R","E","R","T","E","?","M","R","M","R","BOSS","M","M","M","M","?","E","M","E","T","?","E","R","M","?","R","BOSS","M","$","M","$","M","R","E","R","T","M","?","M","E","?","R","BOSS","R","$","E","BOSS"],"build_version":"2019-01-23","purchased_purges":0,"victory":true,"max_hp_per_floor":[75,75,75,75,75,75,75,75,75,75,75,75,75,75,75,75,75,75,75,75,75,75,75,75,75,75,75,75,75,75,75,75,75,75,75,82,82,82,82,82,82,82,82,82,78,78,78,78,78,78,78,78,78,78,78],"card_choices":[{"not_picked":["Skim","Cold Snap"],"picked":"Compile Driver","floor":1},{"not_picked":["Force Field","Barrage","Tempest"],"picked":"SKIP","floor":3},{"not_picked":["Skim","Cold Snap"],"picked":"Self Repair","floor":4},{"not_picked":["Barrage","Turbo"],"picked":"Defragment","floor":5},{"not_picked":["Streamline","Rainbow","Go for the Eyes"],"picked":"SKIP","floor":7},{"not_picked":["Streamline","Rainbow"],"picked":"Go for the Eyes","floor":7},{"not_picked":["Reinforced Body","Blizzard"],"picked":"Lockon","floor":10},{"not_picked":["Sweeping Beam","Beam Cell"],"picked":"Conserve Battery","floor":12},{"not_picked":["Tempest","Rebound"],"picked":"Sweeping Beam","floor":12},{"not_picked":["Rip and Tear","Chaos"],"picked":"Electrodynamics","floor":14},{"not_picked":["Steam Power","Aggregate"],"picked":"Defragment","floor":14},{"not_picked":["Genetic Algorithm","Gash+1"],"picked":"Capacitor+1","floor":18},{"not_picked":["Gash","Compile Driver+1","Stack"],"picked":"SKIP","floor":18},{"not_picked":["Rebound","Leap"],"picked":"Hologram","floor":19},{"not_picked":["Steam Power","Fusion","Rebound"],"picked":"SKIP","floor":19},{"not_picked":["Tempest","Steam","Melter"],"picked":"SKIP","floor":20},{"not_picked":["Rip and Tear","Darkness","Leap"],"picked":"SKIP","floor":20},{"not_picked":["Hologram","Barrage+1"],"picked":"Defragment","floor":21},{"not_picked":["Redo","Sunder","White Noise"],"picked":"SKIP","floor":21},{"not_picked":["Darkness","Steam"],"picked":"Coolheaded","floor":22},{"not_picked":["Stack","Darkness","Loop"],"picked":"SKIP","floor":23},{"not_picked":["Go for the Eyes","Steam","Electrodynamics"],"picked":"SKIP","floor":24},{"not_picked":["Turbo","Storm","Sweeping Beam+1"],"picked":"SKIP","floor":24},{"not_picked":["Amplify","Chaos","Steam"],"picked":"SKIP","floor":25},{"not_picked":["Genetic Algorithm","Chill","Redo"],"picked":"SKIP","floor":28},{"not_picked":["Reinforced Body+1","Streamline"],"picked":"Consume+1","floor":30},{"not_picked":["Barrage","Ball Lightning","Recycle+1"],"picked":"SKIP","floor":30},{"not_picked":["Melter","Rebound"],"picked":"Coolheaded","floor":31},{"not_picked":["Redo","Steam Power","Steam"],"picked":"SKIP","floor":31},{"not_picked":["Go for the Eyes","Fusion+1"],"picked":"Ball Lightning+1","floor":35},{"not_picked":["Sweeping Beam+1","Cold Snap","Chaos+1"],"picked":"SKIP","floor":35},{"not_picked":["Gash+1","Compile Driver"],"picked":"Undo+1","floor":37},{"not_picked":["Multi-Cast","Streamline","Steam+1"],"picked":"SKIP","floor":37},{"not_picked":["Gash+1","Turbo+1"],"picked":"Hologram+1","floor":39},{"not_picked":["Stack","Consume","Blizzard+1"],"picked":"SKIP","floor":39},{"not_picked":["Chill","Compile Driver","Reinforced Body+1"],"picked":"SKIP","floor":41},{"not_picked":["Leap","Skim","Turbo+1"],"picked":"SKIP","floor":44},{"not_picked":["Hologram+1","Conserve Battery+1","FTL"],"picked":"SKIP","floor":44},{"not_picked":["Capacitor","Core Surge","Leap"],"picked":"SKIP","floor":46},{"not_picked":["Double Energy","Recycle","Turbo+1"],"picked":"SKIP","floor":46},{"not_picked":["Capacitor","Core Surge","Leap"],"picked":"SKIP","floor":46},{"not_picked":["Double Energy","Recycle","Turbo+1"],"picked":"SKIP","floor":46},{"not_picked":["Auto Shields","Tempest+1","Doom and Gloom+1"],"picked":"SKIP","floor":47},{"not_picked":["Hologram+1","Aggregate","Sweeping Beam+1"],"picked":"SKIP","floor":54}],"player_experience":800992,"relics_obtained":[{"floor":7,"key":"Bottled Tornado"},{"floor":9,"key":"Prayer Wheel"},{"floor":10,"key":"FossilizedHelix"},{"floor":22,"key":"Thread and Needle"},{"floor":22,"key":"Mummified Hand"},{"floor":23,"key":"War Paint"},{"floor":25,"key":"Anchor"},{"floor":28,"key":"Vajra"},{"floor":41,"key":"Orichalcum"},{"floor":43,"key":"Kunai"},{"floor":47,"key":"StoneCalendar"},{"floor":54,"key":"Bag of Marbles"}],"event_choices":[{"cards_removed":["Strike_B"],"damage_healed":0,"gold_gain":0,"player_choice":"Card Removal","damage_taken":0,"max_hp_gain":0,"max_hp_loss":0,"event_name":"The Cleric","floor":2,"gold_loss":50},{"damage_healed":0,"gold_gain":0,"player_choice":"Entered Light","damage_taken":15,"max_hp_gain":0,"max_hp_loss":0,"event_name":"Shining Light","floor":11,"gold_loss":0,"cards_upgraded":["Strike_B","Strike_B"]},{"damage_healed":0,"gold_gain":0,"player_choice":"Fight","damage_taken":0,"max_hp_gain":0,"max_hp_loss":0,"event_name":"Colosseum","floor":22,"gold_loss":0},{"damage_healed":0,"gold_gain":0,"player_choice":"Fought Nobs","damage_taken":0,"max_hp_gain":0,"max_hp_loss":0,"event_name":"Colosseum","floor":22,"gold_loss":0},{"damage_healed":0,"gold_gain":0,"cards_transformed":["Strike_B","Dualcast"],"player_choice":"Became Test Subject","damage_taken":0,"max_hp_gain":0,"max_hp_loss":0,"event_name":"Drug Dealer","floor":27,"gold_loss":0,"cards_obtained":["Stack","Steam"]},{"damage_healed":0,"gold_gain":0,"player_choice":"Max HP","damage_taken":0,"max_hp_gain":0,"max_hp_loss":4,"event_name":"Winding Halls","floor":45,"gold_loss":0},{"damage_healed":0,"gold_gain":0,"player_choice":"Paid Gold","damage_taken":0,"relics_obtained":["Torii"],"max_hp_gain":0,"max_hp_loss":0,"event_name":"WeMeetAgain","floor":48,"gold_loss":82}],"is_beta":false,"boss_relics":[{"not_picked":["Empty Cage","Sozu"],"picked":"Velvet Choker"},{"not_picked":["Pandora\u0027s Box","Coffee Dripper"],"picked":"Astrolabe"}],"items_purged_floors":[],"is_endless":false,"potions_floor_spawned":[4,10,16,19,20,24,25,31,35,37,47,54],"ascension_level":1}