{"gold_per_floor":[109,109,184,184,72,72,103,123,191,91,91,108,120,139,139,217,217,236,256,268,268,279,279,279,279,279,279,297,297,297],"floor_reached":30,"playtime":1114,"items_purged":["Strike_G","Regret"],"score":460,"play_id":"f4752165-531a-4737-a1ad-8a9079f9aa2f","local_time":"20190810162717","is_ascension_mode":true,"campfire_choices":[{"data":"Bouncing Flask","floor":6.0,"key":"SMITH"},{"floor":11.0,"key":"REST"},{"data":"Acrobatics","floor":15.0,"key":"SMITH"},{"floor":23.0,"key":"REST"},{"data":"Tactician","floor":25.0,"key":"SMITH"},{"floor":29.0,"key":"REST"}],"neow_cost":"NONE","seed_source_timestamp":1206539285264100,"circlet_count":0,"master_deck":["AscendersBane","Strike_G","Strike_G+1","Strike_G","Defend_G+1","Defend_G","Defend_G","Defend_G","Defend_G","Survivor","Neutralize","Bouncing Flask+1","Well Laid Plans","Acrobatics+1","Escape Plan","Blur","Burst","Tactician+1","Prepared","Footwork"],"special_seed":0,"relics":["Cursed Key","Pen Nib","Orrery"],"potions_floor_usage":[],"damage_taken":[{"damage":1.0,"enemies":"Jaw Worm","floor":1.0,"turns":5.0},{"damage":26.0,"enemies":"3 Sentries","floor":7.0,"turns":10.0},{"damage":0.0,"enemies":"Small Slimes","floor":8.0,"turns":4.0},{"damage":0.0,"enemies":"2 Louse","floor":12.0,"turns":3.0},{"damage":15.0,"enemies":"Gremlin Gang","floor":13.0,"turns":5.0},{"damage":0.0,"enemies":"Lots of Slimes","floor":14.0,"turns":6.0},{"damage":1.0,"enemies":"The Guardian","floor":16.0,"turns":10.0},{"damage":0.0,"enemies":"Shell Parasite","floor":18.0,"turns":8.0},{"damage":13.0,"enemies":"Chosen","floor":19.0,"turns":7.0},{"damage":25.0,"enemies":"Snecko","floor":20.0,"turns":10.0},{"damage":9.0,"enemies":"Snake Plant","floor":22.0,"turns":7.0},{"damage":19.0,"enemies":"Chosen and Byrds","floor":28.0,"turns":11.0},{"damage":0,"enemies":"Gremlin Leader","floor":30,"turns":2}],"seed_played":"-5631874828168601420","potions_obtained":[{"floor":7.0,"key":"Dexterity Potion"},{"floor":8.0,"key":"Dexterity Potion"},{"floor":13.0,"key":"Dexterity Potion"},{"floor":18.0,"key":"Weak Potion"}],"is_trial":false,"path_per_floor":["M","?","?","?","$","R","E","M","T","$","R","M","M","M","R","B",null,"M","M","M","?","M","R","?","R","T","?","M","R","E"],"character_chosen":"THE_SILENT","items_purchased":["Well Laid Plans"],"campfire_rested":3,"item_purchase_floors":[5],"current_hp_per_floor":[58,38,27,27,27,27,1,1,1,1,20,20,5,5,5,4,51,51,38,13,13,4,23,23,23,23,23,4,23,23],"gold":297,"neow_bonus":"BOSS_RELIC","is_prod":false,"is_daily":false,"chose_seed":false,"campfire_upgraded":3,"win_rate":0,"timestamp":1565425637,"path_taken":["M","?","?","?","$","R","E","?","T","$","R","?","M","M","R","BOSS","M","?","M","?","M","R","?","R","T","?","M","R","E"],"build_version":"2019-07-17","purchased_purges":2,"victory":false,"max_hp_per_floor":[66,66,66,66,66,66,66,66,66,66,66,66,66,66,66,66,66,66,66,66,66,66,66,66,66,66,66,66,66,66],"card_choices":[{"not_picked":["Slice","Outmaneuver"],"picked":"Bouncing Flask","floor":1.0},{"not_picked":["Envenom","Cloak And Dagger","Deflect"],"picked":"SKIP","floor":7.0},{"not_picked":["Outmaneuver","Quick Slash","Doppelganger"],"picked":"SKIP","floor":8.0},{"not_picked":["Blade Dance","Blur"],"picked":"Acrobatics","floor":12.0},{"not_picked":["Outmaneuver","Backstab"],"picked":"Escape Plan","floor":13.0},{"not_picked":["Well Laid Plans","Endless Agony"],"picked":"Blur","floor":14.0},{"not_picked":["Night Terror","Doppelganger"],"picked":"Burst","floor":16.0},{"not_picked":["Underhanded Strike","Venomology"],"picked":"Tactician","floor":17.0},{"not_picked":["Sucker Punch","Deadly Poison"],"picked":"Prepared","floor":17.0},{"not_picked":["Setup","Deflect"],"picked":"Footwork","floor":17.0},{"not_picked":["Blur","Blade Dance+1","Concentrate+1"],"picked":"SKIP","floor":18.0},{"not_picked":["Sucker Punch","Choke","Blade Dance+1"],"picked":"SKIP","floor":19.0},{"not_picked":["Noxious Fumes","Prepared","Bouncing Flask"],"picked":"SKIP","floor":20.0},{"not_picked":["Masterful Stab","Underhanded Strike","Blade Dance"],"picked":"SKIP","floor":22.0},{"not_picked":["Poisoned Stab+1","Deadly Poison","Prepared"],"picked":"SKIP","floor":28.0}],"player_experience":769497,"relics_obtained":[{"floor":7.0,"key":"Pen Nib"}],"event_choices":[{"damage_healed":0.0,"max_hp_gain":0.0,"max_hp_loss":0.0,"gold_gain":0.0,"event_name":"Shining Light","player_choice":"Entered Light","floor":2.0,"gold_loss":0.0,"damage_taken":20.0,"cards_upgraded":["Defend_G","Strike_G"]},{"damage_healed":0.0,"max_hp_gain":0.0,"max_hp_loss":0.0,"gold_gain":75.0,"event_name":"World of Goop","player_choice":"Gather Gold","floor":3.0,"gold_loss":0.0,"damage_taken":11.0},{"cards_removed":["Strike_G"],"damage_healed":0.0,"max_hp_gain":0.0,"max_hp_loss":0.0,"gold_gain":0.0,"event_name":"Bonfire Elementals","player_choice":"Offered Basic","floor":4.0,"gold_loss":0.0,"damage_taken":0.0},{"damage_healed":0.0,"max_hp_gain":0.0,"max_hp_loss":0.0,"gold_gain":0.0,"event_name":"Cursed Tome","player_choice":"Ignored","floor":21.0,"gold_loss":0.0,"damage_taken":0.0},{"damage_healed":0.0,"max_hp_gain":0.0,"max_hp_loss":0.0,"gold_gain":0.0,"event_name":"The Mausoleum","player_choice":"Ignored","floor":24.0,"gold_loss":0.0,"damage_taken":0.0},{"damage_healed":0.0,"max_hp_gain":0.0,"max_hp_loss":0.0,"gold_gain":0.0,"event_name":"Vampires","player_choice":"Ignored","floor":27.0,"gold_loss":0.0,"damage_taken":0.0}],"is_beta":false,"boss_relics":[{"not_picked":["Runic Pyramid","Velvet Choker"],"picked":"Orrery"}],"items_purged_floors":[5,10],"is_endless":false,"potions_floor_spawned":[7,8,13,18],"killed_by":"Gremlin Leader","ascension_level":20}