{"gold_per_floor":[113,16,32,52,52,52,84,84,84,98,98,98,115,127,127,225,225,238,238,248,259,278,303,303,329,341,274,274,274,274,274,274,373,373,391,87,105,121,138,138,168,180,180,190,216,216,228,245,245,245,245,245,11,11],"floor_reached":54,"playtime":4514,"items_purged":["Dualcast"],"score":935,"play_id":"bd8da35f-6bf3-4fec-a635-e1454b9a2b69","local_time":"20190706115542","is_ascension_mode":true,"campfire_choices":[{"data":"Zap","floor":6,"key":"SMITH"},{"data":"Hologram","floor":8,"key":"SMITH"},{"data":"Doom and Gloom","floor":12,"key":"SMITH"},{"data":"Conserve Battery","floor":15,"key":"SMITH"},{"floor":24,"key":"REST"},{"floor":28,"key":"RECALL"},{"data":"Multi-Cast","floor":30,"key":"SMITH"},{"floor":32,"key":"REST"},{"data":"Consume","floor":40,"key":"SMITH"},{"floor":49,"key":"REST"},{"data":"Biased Cognition","floor":52,"key":"SMITH"}],"neow_cost":"NONE","seed_source_timestamp":610375059678000,"circlet_count":0,"master_deck":["Defend_B","Defend_B","Defend_B","Zap+1","BootSequence","Ball Lightning","Hologram+1","Doom and Gloom+1","Conserve Battery+1","Glacier+1","Biased Cognition+1","Compile Driver+1","Auto Shields","Multi-Cast+1","Defragment+1","Bite","Bite","Bite","Bite","Bite","Seek+1","Consume+1","Core Surge","Master of Strategy"],"relics":["Cracked Core","NeowsBlessing","Ornamental Fan","Lantern","Velvet Choker","Peace Pipe","MawBank","Frozen Egg 2","Inserter","War Paint","StoneCalendar","Torii"],"potions_floor_usage":[2,7,16,21,23,25,38,39,42,50,50],"damage_taken":[{"damage":0,"enemies":"Cultist","floor":1,"turns":1},{"damage":0,"enemies":"Jaw Worm","floor":3,"turns":1},{"damage":0,"enemies":"2 Louse","floor":4,"turns":1},{"damage":12,"enemies":"3 Sentries","floor":7,"turns":7},{"damage":0,"enemies":"Blue Slaver","floor":10,"turns":2},{"damage":0,"enemies":"Lots of Slimes","floor":13,"turns":1},{"damage":0,"enemies":"Exordium Wildlife","floor":14,"turns":3},{"damage":0,"enemies":"Slime Boss","floor":16,"turns":5},{"damage":6,"enemies":"2 Thieves","floor":18,"turns":4},{"damage":3,"enemies":"Shell Parasite","floor":20,"turns":5},{"damage":12,"enemies":"Shelled Parasite and Fungi","floor":21,"turns":8},{"damage":24,"enemies":"Cultist and Chosen","floor":22,"turns":5},{"damage":32,"enemies":"Slavers","floor":23,"turns":7},{"damage":7,"enemies":"Book of Stabbing","floor":25,"turns":6},{"damage":54,"enemies":"Automaton","floor":33,"turns":12},{"damage":11,"enemies":"Orb Walker","floor":35,"turns":3},{"damage":0,"enemies":"3 Shapes","floor":37,"turns":4},{"damage":20,"enemies":"Spire Growth","floor":38,"turns":6},{"damage":7,"enemies":"Maw","floor":39,"turns":8},{"damage":34,"enemies":"Reptomancer","floor":41,"turns":8},{"damage":1,"enemies":"Transient","floor":42,"turns":5},{"damage":33,"enemies":"4 Shapes","floor":44,"turns":7},{"damage":54,"enemies":"Nemesis","floor":45,"turns":7},{"damage":0,"enemies":"Maw","floor":47,"turns":9},{"damage":30,"enemies":"Transient","floor":48,"turns":5},{"damage":31,"enemies":"Awakened One","floor":50,"turns":14},{"damage":98,"enemies":"Shield and Spear","floor":54,"turns":6}],"seed_played":"5989678465842202091","potions_obtained":[{"floor":1,"key":"LiquidBronze"},{"floor":3,"key":"AttackPotion"},{"floor":4,"key":"SkillPotion"},{"floor":14,"key":"SteroidPotion"},{"floor":18,"key":"Regen Potion"},{"floor":22,"key":"Explosive Potion"},{"floor":25,"key":"Weak Potion"},{"floor":41,"key":"SkillPotion"},{"floor":44,"key":"Dexterity Potion"},{"floor":45,"key":"GamblersBrew"}],"is_trial":false,"path_per_floor":["M","$","M","M","?","R","E","R","T","M","?","R","M","M","R","B",null,"M","?","M","M","M","E","R","E","T","$","R","?","R","$","R","B",null,"M","$","M","M","M","R","E","M","T","M","E","?","M","M","R","B",null,"R","$","E"],"character_chosen":"DEFECT","items_purchased":["Fruit Juice","Defragment+1","FocusPotion","War Paint","Weak Potion","Master of Strategy"],"campfire_rested":3,"item_purchase_floors":[2,27,36,36,53,53],"current_hp_per_floor":[75,80,80,80,62,62,50,50,50,52,57,57,59,61,61,63,85,79,79,78,83,61,31,56,51,51,51,51,51,51,51,76,51,85,79,79,85,75,85,85,63,76,76,57,17,17,41,27,52,59,85,85,85,0],"gold":11,"neow_bonus":"THREE_ENEMY_KILL","is_prod":false,"is_daily":false,"chose_seed":false,"campfire_upgraded":7,"win_rate":0,"timestamp":1562428542,"path_taken":["M","$","M","?","?","R","E","R","T","M","?","R","M","M","R","BOSS","M","?","?","M","M","E","R","E","T","$","R","?","R","$","R","BOSS","M","$","M","M","M","R","E","M","T","M","E","?","?","M","R","BOSS","R","$","E"],"build_version":"2019-07-05","purchased_purges":1,"victory":false,"max_hp_per_floor":[75,80,80,80,80,80,80,80,80,80,85,85,85,85,85,85,85,85,85,85,85,85,85,85,85,85,85,85,85,85,85,85,85,85,85,85,85,85,85,85,85,85,85,85,85,85,85,85,85,85,85,85,85,85],"card_choices":[{"not_picked":["Cold Snap","Reinforced Body"],"picked":"BootSequence","floor":1},{"not_picked":["Heatsinks","Melter"],"picked":"Ball Lightning","floor":3},{"not_picked":["Chill","Redo"],"picked":"Hologram","floor":4},{"not_picked":["Chaos","Capacitor"],"picked":"Doom and Gloom","floor":7},{"not_picked":["Turbo","Beam Cell","Stack"],"picked":"SKIP","floor":10},{"not_picked":["Steam Power","Turbo"],"picked":"Conserve Battery","floor":13},{"not_picked":["Static Discharge","Go for the Eyes"],"picked":"Glacier","floor":14},{"not_picked":["Core Surge","Hyperbeam"],"picked":"Biased Cognition","floor":16},{"not_picked":["Barrage","Go for the Eyes+1"],"picked":"Compile Driver+1","floor":18},{"not_picked":["Cold Snap","Streamline"],"picked":"Auto Shields","floor":20},{"not_picked":["Consume","White Noise","Steam"],"picked":"SKIP","floor":21},{"not_picked":["Recycle+1","Redo+1","Reprogram"],"picked":"SKIP","floor":22},{"not_picked":["Aggregate","Heatsinks+1","Turbo+1"],"picked":"SKIP","floor":23},{"not_picked":["Undo","Hello World"],"picked":"Multi-Cast","floor":25},{"not_picked":["Hyperbeam","Creative AI+1"],"picked":"Seek","floor":33},{"not_picked":["Redo","Darkness+1"],"picked":"Consume","floor":35},{"not_picked":["Darkness","Coolheaded","Consume"],"picked":"SKIP","floor":37},{"not_picked":["Streamline+1","Rebound","Leap+1"],"picked":"SKIP","floor":38},{"not_picked":["Sweeping Beam+1","Gash","Beam Cell+1"],"picked":"SKIP","floor":39},{"not_picked":["Genetic Algorithm+1","Darkness+1","Sunder+1"],"picked":"SKIP","floor":41},{"not_picked":["Loop+1","Static Discharge+1","Go for the Eyes+1"],"picked":"SKIP","floor":42},{"not_picked":["Loop+1","Static Discharge+1","Go for the Eyes+1"],"picked":"SKIP","floor":42},{"not_picked":["Stack","Gash","Meteor Strike"],"picked":"SKIP","floor":44},{"not_picked":["Scrape","BootSequence","Reprogram"],"picked":"SKIP","floor":45},{"not_picked":["Steam+1","Hologram","Beam Cell+1"],"picked":"SKIP","floor":47},{"not_picked":["Steam","Genetic Algorithm+1","Darkness"],"picked":"SKIP","floor":48}],"player_experience":821587,"relics_obtained":[{"floor":7,"key":"Blood Vial"},{"floor":9,"key":"Lantern"},{"floor":23,"key":"Peace Pipe"},{"floor":25,"key":"MawBank"},{"floor":26,"key":"Frozen Egg 2"},{"floor":41,"key":"StoneCalendar"},{"floor":45,"key":"Torii"}],"event_choices":[{"damage_healed":0,"gold_gain":0,"player_choice":"Success","damage_taken":18,"relics_obtained":["Ornamental Fan"],"max_hp_gain":0,"max_hp_loss":0,"event_name":"Scrap Ooze","floor":5,"gold_loss":0},{"damage_healed":0,"gold_gain":0,"player_choice":"Donut","damage_taken":0,"max_hp_gain":5,"max_hp_loss":0,"event_name":"Big Fish","floor":11,"gold_loss":0},{"cards_removed":["Strike_B"],"damage_healed":0,"gold_gain":0,"player_choice":"Offered Basic","damage_taken":0,"max_hp_gain":0,"max_hp_loss":0,"event_name":"Bonfire Elementals","floor":19,"gold_loss":0},{"damage_healed":0,"gold_gain":0,"player_choice":"Became a vampire (Vial)","damage_taken":0,"max_hp_gain":0,"max_hp_loss":0,"event_name":"Vampires","floor":29,"relics_lost":["Blood Vial"],"gold_loss":0,"cards_obtained":["Bite","Bite","Bite","Bite","Bite"]},{"damage_healed":0,"gold_gain":0,"cards_transformed":["Defend_B"],"player_choice":"Transformed","damage_taken":0,"max_hp_gain":0,"max_hp_loss":0,"event_name":"Transmorgrifier","floor":46,"gold_loss":0,"cards_obtained":["Core Surge"]}],"is_beta":false,"boss_relics":[{"not_picked":["Calling Bell","White Beast Statue"],"picked":"Velvet Choker"},{"not_picked":["Snecko Eye","Runic Dome"],"picked":"Inserter"}],"items_purged_floors":[36],"is_endless":false,"potions_floor_spawned":[1,3,4,14,18,22,25,37,41,44,45],"killed_by":"Shield and Spear","ascension_level":3}