{"gold_per_floor":[110,122,122,122,135,135,135,158,158,158,181,181,181,196,196,317,317,336,261,186,186,186,219,159],"floor_reached":24,"playtime":1299,"items_purged":["Strike_B"],"score":275,"play_id":"bd332b8b-4adb-4c64-80bd-484772155d36","local_time":"20180818154046","is_ascension_mode":true,"campfire_choices":[{"floor":6,"key":"REST"},{"data":"Tempest","floor":13,"key":"SMITH"},{"data":"Defragment","floor":15,"key":"SMITH"}],"neow_cost":"TEN_PERCENT_HP_LOSS","seed_source_timestamp":2598957101396,"circlet_count":0,"master_deck":["Strike_B+1","Defend_B","Defend_B","Defend_B+1","Defend_B","Zap","Dualcast","Redo","Hologram+1","Go for the Eyes","Tempest+1","Auto Shields","Defragment+1","Echo Form","Reinforced Body","Injury","Writhe","Defragment"],"relics":["Cracked Core","Ice Cream","Golden Idol","Pantograph","GremlinMask","Velvet Choker","Pear","Sundial"],"potions_floor_usage":[11,16,23,24],"damage_taken":[{"damage":12,"enemies":"Jaw Worm","floor":1,"turns":3},{"damage":0,"enemies":"Small Slimes","floor":2,"turns":3},{"damage":0,"enemies":"2 Louse","floor":5,"turns":2},{"damage":1,"enemies":"Looter","floor":8,"turns":4},{"damage":10,"enemies":"Exordium Thugs","floor":11,"turns":6},{"damage":7,"enemies":"2 Fungi Beasts","floor":14,"turns":3},{"damage":1,"enemies":"Slime Boss","floor":16,"turns":5},{"damage":17,"enemies":"Spheric Guardian","floor":18,"turns":4},{"damage":37,"enemies":"Gremlin Leader","floor":23,"turns":9},{"damage":34,"enemies":"2 Thieves","floor":24,"turns":2}],"seed_played":"3475501565401006456","potions_obtained":[{"floor":2,"key":"Poison Potion"},{"floor":5,"key":"Weak Potion"},{"floor":16,"key":"Block Potion"},{"floor":23,"key":"AttackPotion"}],"is_trial":false,"path_per_floor":["M","M","?","?","M","R","?","M","T","?","M","?","R","M","R","B",null,"M","?","$","?","?","E"],"character_chosen":"DEFECT","items_purchased":[],"campfire_rested":1,"item_purchase_floors":[],"current_hp_per_floor":[56,56,42,25,25,45,45,44,44,44,34,78,78,71,71,77,78,61,61,61,61,71,34,0],"gold":159,"neow_bonus":"ONE_RARE_RELIC","is_prod":false,"is_daily":false,"chose_seed":false,"campfire_upgraded":2,"win_rate":0,"timestamp":1534621246,"path_taken":["M","M","?","?","M","R","?","?","T","?","?","?","R","M","R","BOSS","M","?","$","?","?","E","?"],"build_version":"2018-08-16","purchased_purges":1,"victory":false,"max_hp_per_floor":[68,68,68,68,68,68,68,68,68,68,68,78,78,78,78,78,78,78,78,78,78,88,88,88],"card_choices":[{"not_picked":["Stack","Compile Driver"],"picked":"Redo","floor":1},{"not_picked":["Ball Lightning","Blizzard"],"picked":"Hologram","floor":2},{"not_picked":["Streamline","Stack"],"picked":"Go for the Eyes","floor":5},{"not_picked":["Beam Cell","Redo"],"picked":"Tempest","floor":8},{"not_picked":["Heatsinks","Reprogram"],"picked":"Auto Shields","floor":11},{"not_picked":["Cold Snap","Conserve Battery"],"picked":"Defragment","floor":14},{"not_picked":["Reboot","Seek"],"picked":"Echo Form","floor":16},{"not_picked":["Force Field","Steam+1"],"picked":"Reinforced Body","floor":18},{"not_picked":["Blizzard","Machine Learning"],"picked":"Defragment","floor":23}],"player_experience":251704,"relics_obtained":[{"floor":9,"key":"Pantograph"},{"floor":23,"key":"Sundial"}],"event_choices":[{"event_name":"Shining Light","player_choice":"Entered Light","floor":3,"damage_taken":0},{"event_name":"Golden Idol","player_choice":"Take Damage","floor":4,"damage_taken":0},{"event_name":"Transmorgrifier","player_choice":"Transform","floor":7,"damage_taken":0},{"event_name":"FaceTrader","player_choice":"Trade","floor":10,"damage_taken":0},{"event_name":"Bonfire Elementals","player_choice":"RARE","floor":12,"damage_taken":0},{"event_name":"Beggar","player_choice":"Gave Gold","floor":19,"damage_taken":0},{"event_name":"Accursed Blacksmith","player_choice":"Forge","floor":21,"damage_taken":0},{"event_name":"The Mausoleum","player_choice":"Yes","floor":22,"damage_taken":0}],"is_beta":false,"boss_relics":[{"not_picked":["Astrolabe","White Beast Statue"],"picked":"Velvet Choker"}],"items_purged_floors":[20],"is_endless":false,"potions_floor_spawned":[2,5,16,23],"killed_by":"2 Thieves","ascension_level":7}