{"gold_per_floor":[17,17,17,17,31,31,51,92,92,106,106,124,140,140,140,266,266,285,310,133,58,58,58,78,121,121,137,157,157,182,36,36,161,161,176,190,213,236,190,224,224,264,264,264,300,323,323,348,348,348,348,348,36,80,80],"floor_reached":55,"playtime":4625,"items_purged":["Strike_B"],"score":981,"play_id":"d5ecd2fb-e86c-4124-8a0e-a7b229e6bd94","local_time":"20190710225730","is_ascension_mode":true,"campfire_choices":[{"data":"Zap","floor":6,"key":"SMITH"},{"floor":11,"key":"REST"},{"floor":15,"key":"REST"},{"data":"Gash","floor":23,"key":"SMITH"},{"data":"Go for the Eyes","floor":32,"key":"SMITH"},{"data":"Seek","floor":41,"key":"SMITH"},{"data":"Buffer","floor":44,"key":"SMITH"},{"floor":47,"key":"RECALL"},{"data":"Gash","floor":49,"key":"SMITH"},{"data":"Reprogram","floor":52,"key":"SMITH"}],"neow_cost":"NO_GOLD","seed_source_timestamp":995578305497800,"circlet_count":0,"master_deck":["Defend_B","Defend_B","Defend_B","Zap+1","Dualcast","Ball Lightning","Steam","Gash+1","All For One","Conserve Battery","Hologram+1","Seek+1","Reprogram+1","Scrape+1","Gash+1","Rebound","Gash+1","Undo+1","Go for the Eyes+1","Gash","Buffer+1","Beam Cell+1","Chill+1","Hologram+1","Steam+1","Steam+1","Leap+1","BootSequence+1","Seek+1"],"relics":["Cracked Core","Du-Vu Doll","Golden Idol","Letter Opener","Ice Cream","Ornamental Fan","Symbiotic Virus","Coffee Dripper","Nunchaku","Toxic Egg 2","Oddly Smooth Stone","Empty Cage","Meat on the Bone","Peace Pipe","Pear","Strawberry","FossilizedHelix"],"potions_floor_usage":[16,24,27,27,40,40,40,40,45,46,50,55],"damage_taken":[{"damage":8,"enemies":"2 Louse","floor":1,"turns":2},{"damage":0,"enemies":"Small Slimes","floor":5,"turns":2},{"damage":1,"enemies":"Jaw Worm","floor":7,"turns":2},{"damage":33,"enemies":"Gremlin Nob","floor":8,"turns":4},{"damage":14,"enemies":"Exordium Thugs","floor":10,"turns":3},{"damage":6,"enemies":"Lots of Slimes","floor":12,"turns":3},{"damage":7,"enemies":"Blue Slaver","floor":13,"turns":2},{"damage":0,"enemies":"Slime Boss","floor":16,"turns":5},{"damage":6,"enemies":"Shell Parasite","floor":18,"turns":3},{"damage":0,"enemies":"Spheric Guardian","floor":19,"turns":3},{"damage":0,"enemies":"3 Cultists","floor":24,"turns":3},{"damage":1,"enemies":"Gremlin Leader","floor":25,"turns":5},{"damage":14,"enemies":"Shelled Parasite and Fungi","floor":27,"turns":3},{"damage":0,"enemies":"Snecko","floor":28,"turns":4},{"damage":0,"enemies":"Centurion and Healer","floor":30,"turns":3},{"damage":5,"enemies":"Champ","floor":33,"turns":6},{"damage":0,"enemies":"Orb Walker","floor":35,"turns":2},{"damage":0,"enemies":"3 Shapes","floor":36,"turns":5},{"damage":16,"enemies":"Spire Growth","floor":37,"turns":3},{"damage":0,"enemies":"Maw","floor":38,"turns":5},{"damage":30,"enemies":"Nemesis","floor":40,"turns":7},{"damage":0,"enemies":"Giant Head","floor":42,"turns":6},{"damage":3,"enemies":"Nemesis","floor":45,"turns":5},{"damage":0,"enemies":"3 Darklings","floor":46,"turns":4},{"damage":0,"enemies":"Sphere and 2 Shapes","floor":48,"turns":5},{"damage":47,"enemies":"Time Eater","floor":50,"turns":10},{"damage":0,"enemies":"Shield and Spear","floor":54,"turns":6},{"damage":88,"enemies":"The Heart","floor":55,"turns":8}],"seed_played":"1764231947691657742","potions_obtained":[{"floor":8,"key":"Poison Potion"},{"floor":12,"key":"EntropicBrew"},{"floor":13,"key":"Weak Potion"},{"floor":19,"key":"Explosive Potion"},{"floor":25,"key":"EntropicBrew"},{"floor":28,"key":"FocusPotion"},{"floor":45,"key":"Regen Potion"}],"is_trial":false,"path_per_floor":["M","?","?","?","M","R","M","E","T","M","R","M","M","T","R","B",null,"M","M","$","?","?","R","M","E","T","M","M","T","M","$","R","B",null,"M","M","M","M","$","E","R","E","T","R","E","M","R","M","R","B",null,"R","$","E","B"],"character_chosen":"DEFECT","items_purchased":["Gash","Rebound","Oddly Smooth Stone","Steam+1","Dexterity Potion","BootSequence+1","Strawberry","Explosive Potion"],"campfire_rested":2,"item_purchase_floors":[20,20,31,39,53,53,53,53],"current_hp_per_floor":[67,67,64,57,57,57,56,23,23,9,29,23,16,16,36,36,69,63,63,63,63,63,63,63,62,62,48,48,48,48,48,48,43,69,69,69,53,53,53,23,23,23,23,23,42,54,54,54,54,19,79,79,86,86,0],"gold":80,"neow_bonus":"ONE_RARE_RELIC","is_prod":false,"is_daily":false,"chose_seed":false,"campfire_upgraded":7,"win_rate":0,"timestamp":1562813850,"path_taken":["M","?","?","?","M","R","M","E","T","M","R","?","M","?","R","BOSS","M","M","?","?","?","R","M","E","T","M","?","?","?","$","R","BOSS","M","M","M","M","$","E","R","E","T","R","E","M","R","M","R","BOSS","R","$","E","BOSS"],"build_version":"2019-07-05","purchased_purges":1,"victory":false,"max_hp_per_floor":[75,69,69,69,69,69,69,69,69,69,69,69,69,69,69,69,69,69,69,69,69,69,69,69,69,69,69,69,69,69,69,69,69,69,69,69,69,69,69,69,69,69,69,69,79,79,79,79,79,79,79,79,86,86,86],"card_choices":[{"not_picked":["Stack","Storm"],"picked":"Ball Lightning","floor":1},{"not_picked":["Sweeping Beam","Tempest"],"picked":"Steam","floor":5},{"not_picked":["Doom and Gloom","Turbo"],"picked":"Gash","floor":7},{"not_picked":["Doom and Gloom","Go for the Eyes"],"picked":"All For One","floor":8},{"not_picked":["Turbo","Chaos","Redo"],"picked":"SKIP","floor":10},{"not_picked":["Turbo","Sweeping Beam"],"picked":"Conserve Battery","floor":12},{"not_picked":["Skim","Steam Power"],"picked":"Hologram","floor":13},{"not_picked":["Hyperbeam","Core Surge"],"picked":"Seek","floor":16},{"not_picked":["Go for the Eyes","Static Discharge"],"picked":"Reprogram","floor":18},{"not_picked":["Coolheaded+1","Barrage"],"picked":"Scrape+1","floor":19},{"not_picked":["Force Field","Scrape","Coolheaded+1"],"picked":"SKIP","floor":24},{"not_picked":["Rebound","Streamline"],"picked":"Gash+1","floor":25},{"not_picked":["Rebound","Cold Snap"],"picked":"Undo+1","floor":27},{"not_picked":["Compile Driver","Thunder Strike"],"picked":"Go for the Eyes","floor":28},{"not_picked":["Leap+1","Beam Cell"],"picked":"Gash","floor":30},{"not_picked":["Fission+1","All For One"],"picked":"Buffer","floor":33},{"not_picked":["Sweeping Beam","Rebound"],"picked":"Beam Cell+1","floor":35},{"not_picked":["Barrage","Recycle+1","Go for the Eyes+1"],"picked":"SKIP","floor":36},{"not_picked":["Go for the Eyes+1","Fusion+1"],"picked":"Chill+1","floor":37},{"not_picked":["Chaos+1","Defragment"],"picked":"Hologram+1","floor":38},{"not_picked":["Streamline","Fission+1","Scrape"],"picked":"SKIP","floor":40},{"not_picked":["Double Energy+1","Thunder Strike"],"picked":"Steam+1","floor":42},{"not_picked":["Loop","Genetic Algorithm+1"],"picked":"Leap+1","floor":45},{"not_picked":["Sweeping Beam+1","White Noise+1","Leap+1"],"picked":"SKIP","floor":46},{"not_picked":["Sweeping Beam+1","White Noise+1","Leap+1"],"picked":"SKIP","floor":46},{"not_picked":["Sweeping Beam+1","White Noise+1","Leap+1"],"picked":"SKIP","floor":46},{"not_picked":["Conserve Battery+1","Streamline+1","Meteor Strike"],"picked":"SKIP","floor":48},{"not_picked":["Ball Lightning+1","Hyperbeam"],"picked":"Seek+1","floor":54}],"player_experience":841195,"relics_obtained":[{"floor":8,"key":"Ice Cream"},{"floor":9,"key":"Ornamental Fan"},{"floor":14,"key":"Symbiotic Virus"},{"floor":25,"key":"Nunchaku"},{"floor":29,"key":"Toxic Egg 2"},{"floor":42,"key":"Meat on the Bone"},{"floor":43,"key":"Peace Pipe"},{"floor":45,"key":"Pear"},{"floor":54,"key":"FossilizedHelix"}],"event_choices":[{"damage_healed":0,"gold_gain":0,"player_choice":"Lose Max HP","damage_taken":0,"relics_obtained":["Golden Idol"],"max_hp_gain":0,"max_hp_loss":6,"event_name":"Golden Idol","floor":2,"gold_loss":0},{"damage_healed":0,"gold_gain":0,"player_choice":"Success","damage_taken":3,"relics_obtained":["Letter Opener"],"max_hp_gain":0,"max_hp_loss":0,"event_name":"Scrap Ooze","floor":3,"gold_loss":0},{"cards_removed":["Strike_B"],"damage_healed":0,"gold_gain":0,"player_choice":"Card Removal","damage_taken":7,"max_hp_gain":0,"max_hp_loss":0,"event_name":"Golden Wing","floor":4,"gold_loss":0},{"cards_removed":["Strike_B"],"damage_healed":0,"gold_gain":0,"player_choice":"Gave Gold","damage_taken":0,"max_hp_gain":0,"max_hp_loss":0,"event_name":"Beggar","floor":21,"gold_loss":75},{"damage_healed":0,"gold_gain":0,"player_choice":"Forge","damage_taken":0,"max_hp_gain":0,"max_hp_loss":0,"event_name":"Accursed Blacksmith","floor":22,"gold_loss":0,"cards_upgraded":["Hologram"]}],"is_beta":false,"boss_relics":[{"not_picked":["Runic Pyramid","Velvet Choker"],"picked":"Coffee Dripper"},{"not_picked":["Pandora\u0027s Box","Black Star"],"picked":"Empty Cage"}],"items_purged_floors":[20],"is_endless":false,"potions_floor_spawned":[8,12,13,19,25,28,35,36,38,45],"killed_by":"The Heart","ascension_level":3}