{"gold_per_floor":[112,112,112,187,6,40,59,69,92,104,150,178,178,195,195,268,268,285,285,304,229,504,504,504,504,504,504,523,541,560,574,574,650,650,661,671,339,352,352,352,352,352,378,411,411,443,443,461,461,461],"floor_reached":51,"playtime":4438,"items_purged":["Regret"],"score":1246,"play_id":"661ebe63-153a-488f-b65c-8214e3bfcdf3","local_time":"20181005195746","is_ascension_mode":true,"campfire_choices":[{"floor":13,"key":"REST"},{"data":"Apotheosis","floor":15,"key":"SMITH"},{"floor":23,"key":"REST"},{"floor":25,"key":"REST"},{"floor":27,"key":"REST"},{"floor":32,"key":"REST"},{"floor":40,"key":"REST"},{"data":"Hologram","floor":42,"key":"SMITH"},{"data":"Echo Form","floor":47,"key":"SMITH"},{"floor":49,"key":"REST"}],"neow_cost":"NONE","seed_source_timestamp":372471480064424,"circlet_count":0,"master_deck":["Defend_B+1","Defend_B","Defend_B","Defend_B","Zap+1","Dualcast","AscendersBane","Cold Snap","Apotheosis+1","Hologram+1","Sweeping Beam","Cold Snap","Streamline","White Noise","Turbo","Echo Form+1","Sunder","Reinforced Body+1","Doom and Gloom","Creative AI+1","Echo Form+1","Buffer+1","Rainbow+1","Rebound+1","Glacier","Hologram","Sunder","Rainbow"],"relics":["Cracked Core","NeowsBlessing","Potion Belt","Omamori","Bag of Marbles","War Paint","Symbiotic Virus","Snecko Eye","Nilry\u0027s Codex","Frozen Egg 2","Astrolabe","Bottled Lightning","Blood Vial","Sundial","Art of War"],"potions_floor_usage":[12,18,20,38,50,50],"damage_taken":[{"damage":0,"enemies":"Jaw Worm","floor":1,"turns":1},{"damage":0,"enemies":"Lagavulin","floor":6,"turns":1},{"damage":0,"enemies":"2 Louse","floor":7,"turns":1},{"damage":2,"enemies":"Cultist","floor":8,"turns":3},{"damage":10,"enemies":"Looter","floor":10,"turns":4},{"damage":18,"enemies":"Gremlin Nob","floor":12,"turns":4},{"damage":14,"enemies":"Large Slime","floor":14,"turns":4},{"damage":9,"enemies":"Hexaghost","floor":16,"turns":9},{"damage":19,"enemies":"2 Thieves","floor":18,"turns":3},{"damage":23,"enemies":"Shell Parasite","floor":20,"turns":4},{"damage":0,"enemies":"Colosseum Slavers","floor":24,"turns":1},{"damage":6,"enemies":"Snecko","floor":28,"turns":4},{"damage":10,"enemies":"3 Cultists","floor":29,"turns":5},{"damage":17,"enemies":"Centurion and Healer","floor":30,"turns":5},{"damage":14,"enemies":"Shelled Parasite and Fungi","floor":31,"turns":4},{"damage":4,"enemies":"Automaton","floor":33,"turns":8},{"damage":0,"enemies":"Orb Walker","floor":35,"turns":2},{"damage":9,"enemies":"3 Shapes","floor":36,"turns":3},{"damage":18,"enemies":"3 Darklings","floor":38,"turns":5},{"damage":0,"enemies":"Nemesis","floor":44,"turns":11},{"damage":4,"enemies":"Giant Head","floor":46,"turns":10},{"damage":0,"enemies":"Reptomancer","floor":48,"turns":5},{"damage":27,"enemies":"Time Eater","floor":50,"turns":28}],"seed_played":"-7941404611148170122","potions_obtained":[{"floor":1,"key":"AttackPotion"},{"floor":7,"key":"AttackPotion"},{"floor":16,"key":"Energy Potion"},{"floor":18,"key":"PowerPotion"},{"floor":29,"key":"Dexterity Potion"},{"floor":30,"key":"PowerPotion"},{"floor":38,"key":"FearPotion"},{"floor":44,"key":"SteroidPotion"}],"is_trial":false,"path_per_floor":["M","?","?","?","$","E","M","M","T","M","T","E","R","M","R","B",null,"M","?","M","$","?","R","?","R","T","R","M","M","M","M","R","B",null,"M","M","$","M","?","R","?","R","T","E","?","E","R","M","R","B"],"character_chosen":"DEFECT","items_purchased":["Apotheosis","Bottled Lightning","Glacier","Hologram"],"campfire_rested":7,"item_purchase_floors":[5,37,37,37],"current_hp_per_floor":[68,61,61,50,50,50,50,48,48,38,38,20,42,28,28,19,61,42,26,3,3,3,25,25,47,47,69,63,53,36,22,44,40,66,66,57,57,39,58,75,75,75,75,75,75,71,71,73,75,48],"gold":461,"neow_bonus":"THREE_ENEMY_KILL","is_prod":false,"is_daily":false,"chose_seed":false,"campfire_upgraded":3,"win_rate":0,"timestamp":1538783866,"path_taken":["M","?","?","?","$","E","M","M","T","?","?","E","R","M","R","BOSS","M","?","M","$","?","R","?","R","T","R","?","M","M","?","R","BOSS","M","M","$","M","?","R","?","R","T","E","?","E","R","?","R","BOSS"],"build_version":"2018-10-04","purchased_purges":1,"victory":true,"max_hp_per_floor":[75,75,75,75,75,75,75,75,75,75,75,75,75,75,75,75,75,75,75,75,75,75,75,75,75,75,75,75,75,75,75,75,75,75,75,75,75,75,75,75,75,75,75,75,75,75,75,75,75,75],"card_choices":[{"not_picked":["Chaos","Self Repair"],"picked":"Cold Snap","floor":1},{"not_picked":["Sweeping Beam","Darkness"],"picked":"Hologram","floor":6},{"not_picked":["Leap","Steam"],"picked":"Sweeping Beam","floor":7},{"not_picked":["Machine Learning","Go for the Eyes"],"picked":"Cold Snap","floor":8},{"not_picked":["Sweeping Beam","Double Energy"],"picked":"Streamline","floor":10},{"not_picked":["Streamline","Tempest"],"picked":"White Noise","floor":12},{"not_picked":["Gash","Thunder Strike"],"picked":"Turbo","floor":14},{"not_picked":["Seek","All For One"],"picked":"Echo Form","floor":16},{"not_picked":["Steam+1","Cold Snap","Barrage"],"picked":"SKIP","floor":18},{"not_picked":["Chill","Doom and Gloom"],"picked":"Sunder","floor":20},{"not_picked":["BootSequence","Barrage+1"],"picked":"Reinforced Body+1","floor":28},{"not_picked":["Ball Lightning","Redo"],"picked":"Doom and Gloom","floor":29},{"not_picked":["Cold Snap","Coolheaded","Stack"],"picked":"SKIP","floor":30},{"not_picked":["Skim","Leap"],"picked":"Creative AI+1","floor":31},{"not_picked":["All For One","Rainbow"],"picked":"Echo Form+1","floor":33},{"not_picked":["Stack+1","Redo","Conserve Battery"],"picked":"SKIP","floor":35},{"not_picked":["Force Field","Darkness","Ball Lightning"],"picked":"SKIP","floor":36},{"not_picked":["Tempest","Hello World+1"],"picked":"Sunder","floor":38},{"not_picked":["Recycle","Scrape+1","Thunder Strike"],"picked":"SKIP","floor":44},{"not_picked":["Cold Snap","Steam+1"],"picked":"Rainbow","floor":46},{"not_picked":["Go for the Eyes","Leap+1","Stack"],"picked":"SKIP","floor":48}],"player_experience":479925,"relics_obtained":[{"floor":6,"key":"Omamori"},{"floor":9,"key":"Bag of Marbles"},{"floor":11,"key":"War Paint"},{"floor":12,"key":"Symbiotic Virus"},{"floor":19,"key":"Nilry\u0027s Codex"},{"floor":26,"key":"Frozen Egg 2"},{"floor":43,"key":"Blood Vial"},{"floor":44,"key":"Sundial"},{"floor":46,"key":"Art of War"}],"event_choices":[{"event_name":"Golden Wing","player_choice":"Card Removal","floor":2,"damage_taken":0},{"event_name":"Big Fish","player_choice":"Box","floor":3,"damage_taken":0},{"event_name":"World of Goop","player_choice":"Gather Gold","floor":4,"damage_taken":0},{"event_name":"Cursed Tome","player_choice":"Obtained Book","floor":19,"damage_taken":0},{"event_name":"Golden Shrine","player_choice":"Desecrate","floor":22,"damage_taken":0},{"event_name":"Colosseum","player_choice":"Fight","floor":24,"damage_taken":0},{"event_name":"Colosseum","player_choice":"Fled From Nobs","floor":24,"damage_taken":0},{"event_name":"Winding Halls","player_choice":"Writhe","floor":39,"damage_taken":0},{"event_name":"Tomb of Lord Red Mask","player_choice":"Ignored","floor":41,"damage_taken":0},{"event_name":"The Woman in Blue","player_choice":"Bought 0 Potions","floor":45,"damage_taken":0}],"is_beta":false,"boss_relics":[{"not_picked":["Black Star","Pandora\u0027s Box"],"picked":"Snecko Eye"},{"not_picked":["Velvet Choker","Eternal Feather"],"picked":"Astrolabe"}],"items_purged_floors":[21],"is_endless":false,"potions_floor_spawned":[1,7,16,18,24,29,30,38,44,48],"ascension_level":13}