{"gold_per_floor":[109,184,184,22,22,52,13,48,48,48,68,99,113,133,133,133],"floor_reached":16,"playtime":272,"items_purged":["Strike_B"],"score":336,"play_id":"e1c24db0-9375-49a0-824c-60a1b8471b98","local_time":"20190812233009","is_ascension_mode":true,"campfire_choices":[{"data":"Coolheaded","floor":10.0,"key":"SMITH"},{"data":"Hologram","floor":15.0,"key":"SMITH"}],"neow_cost":"NONE","seed_source_timestamp":1405158717572500,"circlet_count":0,"master_deck":["AscendersBane","Strike_B","Defend_B","Defend_B","Defend_B","Defend_B","Zap","Dualcast","Coolheaded+1","Ball Lightning","Turbo","Capacitor","Heatsinks","Hologram+1","Gash","Go for the Eyes"],"special_seed":0,"relics":["Cracked Core","NeowsBlessing","Pocketwatch","Oddly Smooth Stone","Gremlin Horn","Kunai"],"potions_floor_usage":[16,16],"damage_taken":[{"damage":0.0,"enemies":"Small Slimes","floor":1.0,"turns":1.0},{"damage":0.0,"enemies":"Gremlin Nob","floor":6.0,"turns":1.0},{"damage":0.0,"enemies":"Lagavulin","floor":8.0,"turns":1.0},{"damage":0.0,"enemies":"2 Louse","floor":11.0,"turns":1.0},{"damage":32.0,"enemies":"Gremlin Nob","floor":12.0,"turns":4.0},{"damage":6.0,"enemies":"Jaw Worm","floor":13.0,"turns":3.0},{"damage":5.0,"enemies":"2 Fungi Beasts","floor":14.0,"turns":3.0},{"damage":3,"enemies":"Hexaghost","floor":16,"turns":4}],"seed_played":"-2999080811252432771","potions_obtained":[{"floor":6.0,"key":"Ancient Potion"},{"floor":13.0,"key":"SteroidPotion"}],"is_trial":false,"path_per_floor":["M","?","?","$","?","E","$","E","T","R","M","E","M","M","R","B"],"character_chosen":"DEFECT","items_purchased":["Ball Lightning","Turbo","Heatsinks"],"campfire_rested":0,"item_purchase_floors":[4,4,7],"current_hp_per_floor":[64,53,46,46,46,46,46,46,46,46,46,14,8,3,3,0],"gold":133,"neow_bonus":"THREE_ENEMY_KILL","is_prod":false,"is_daily":false,"chose_seed":false,"campfire_upgraded":2,"win_rate":0,"timestamp":1565623809,"path_taken":["M","?","?","?","?","E","$","E","T","R","M","E","M","?","R","BOSS"],"build_version":"2019-07-17","purchased_purges":1,"victory":false,"max_hp_per_floor":[71,71,71,71,71,71,71,71,71,71,71,71,71,71,71,71],"card_choices":[{"not_picked":["Gash","Reprogram"],"picked":"Coolheaded","floor":1.0},{"not_picked":["Multi-Cast","BootSequence","Redo"],"picked":"SKIP","floor":6.0},{"not_picked":["Ball Lightning","Auto Shields"],"picked":"Hologram","floor":8.0},{"not_picked":["Fusion","Reinforced Body","Steam Power"],"picked":"SKIP","floor":11.0},{"not_picked":["Fusion","Reinforced Body","Steam Power"],"picked":"SKIP","floor":11.0},{"not_picked":["Ball Lightning","BootSequence"],"picked":"Gash","floor":12.0},{"not_picked":["Rip and Tear","Reinforced Body"],"picked":"Go for the Eyes","floor":13.0},{"not_picked":["Capacitor","Steam","Turbo"],"picked":"SKIP","floor":14.0}],"player_experience":793687,"relics_obtained":[{"floor":6.0,"key":"Pocketwatch"},{"floor":8.0,"key":"Oddly Smooth Stone"},{"floor":9.0,"key":"Gremlin Horn"},{"floor":12.0,"key":"Kunai"}],"event_choices":[{"damage_healed":0.0,"max_hp_gain":0.0,"max_hp_loss":0.0,"gold_gain":75.0,"event_name":"World of Goop","player_choice":"Gather Gold","floor":2.0,"gold_loss":0.0,"damage_taken":11.0},{"cards_removed":["Strike_B"],"damage_healed":0.0,"max_hp_gain":0.0,"max_hp_loss":0.0,"gold_gain":0.0,"event_name":"Golden Wing","player_choice":"Card Removal","floor":3.0,"gold_loss":0.0,"damage_taken":7.0},{"damage_healed":0.0,"max_hp_gain":0.0,"max_hp_loss":0.0,"gold_gain":0.0,"cards_transformed":["Strike_B"],"event_name":"Living Wall","player_choice":"Change","floor":5.0,"gold_loss":0.0,"damage_taken":0.0,"cards_obtained":["Capacitor"]}],"is_beta":false,"boss_relics":[],"items_purged_floors":[4],"is_endless":false,"potions_floor_spawned":[6,13],"killed_by":"Hexaghost","ascension_level":20}