{"gold_per_floor":[117,192,211,229,244,271,271,171,171,199,216,181,181,206,206,309,309,329,329,254,265,280,311,311,329,354,354,76,108,124,137,137,232,232,245,245,345,345,345,345,374,374,450,99,99,126,126,159,159,159,159,159,8,34,34],"floor_reached":56,"playtime":5716,"items_purged":["Strike_B","Strike_B"],"score":1560,"play_id":"9d5512e7-6296-4904-b37f-8059e93ed76f","local_time":"20190715211509","is_ascension_mode":true,"campfire_choices":[{"data":"Hyperbeam","floor":7,"key":"SMITH"},{"floor":13,"key":"REST"},{"data":"White Noise","floor":15,"key":"SMITH"},{"floor":24,"key":"REST"},{"floor":27,"key":"RECALL"},{"floor":32,"key":"REST"},{"floor":40,"key":"REST"},{"floor":42,"key":"REST"},{"floor":47,"key":"REST"},{"floor":49,"key":"REST"},{"floor":52,"key":"REST"}],"neow_cost":"TEN_PERCENT_HP_LOSS","seed_source_timestamp":350716146179600,"circlet_count":0,"master_deck":["Strike_B","Strike_B","Defend_B","Defend_B","Defend_B","Zap","Dualcast","Loop","Cold Snap","Hyperbeam+1","Steam+1","Genetic Algorithm+1","Steam","White Noise+1","Melter","Conserve Battery","FTL","Echo Form","Cold Snap+1","Leap+1","Loop+1","Undo+1","Buffer","Capacitor","Hologram","Tempest+1","Electrodynamics","Storm+1","Echo Form","Sunder+1","Defragment","Hologram+1","Panacea+1","White Noise+1"],"relics":["Cracked Core","Bird Faced Urn","Pocketwatch","Prayer Wheel","Gambling Chip","Incense Burner","Fusion Hammer","Dream Catcher","Art of War","War Paint","Bronze Scales","Ice Cream","Snecko Eye","Nunchaku","DataDisk","Toxic Egg 2","OrangePellets","Happy Flower","Molten Egg 2","Oddly Smooth Stone","Sundial"],"potions_floor_usage":[11,18,22,23,25,29,54,54,54],"damage_taken":[{"damage":0,"enemies":"Small Slimes","floor":1,"turns":3},{"damage":7,"enemies":"Jaw Worm","floor":3,"turns":3},{"damage":0,"enemies":"2 Louse","floor":4,"turns":2},{"damage":12,"enemies":"Exordium Wildlife","floor":5,"turns":3},{"damage":17,"enemies":"3 Sentries","floor":6,"turns":5},{"damage":24,"enemies":"Gremlin Nob","floor":10,"turns":4},{"damage":0,"enemies":"Lots of Slimes","floor":11,"turns":2},{"damage":1,"enemies":"Lagavulin","floor":14,"turns":6},{"damage":3,"enemies":"The Guardian","floor":16,"turns":12},{"damage":0,"enemies":"3 Byrds","floor":18,"turns":5},{"damage":0,"enemies":"Shell Parasite","floor":21,"turns":4},{"damage":6,"enemies":"Snecko","floor":22,"turns":5},{"damage":18,"enemies":"Book of Stabbing","floor":23,"turns":6},{"damage":15,"enemies":"Snake Plant","floor":25,"turns":4},{"damage":13,"enemies":"Slavers","floor":29,"turns":7},{"damage":15,"enemies":"Centurion and Healer","floor":30,"turns":6},{"damage":0,"enemies":"3 Cultists","floor":31,"turns":3},{"damage":0,"enemies":"Collector","floor":33,"turns":8},{"damage":0,"enemies":"Orb Walker","floor":35,"turns":3},{"damage":0,"enemies":"Mind Bloom Boss Battle","floor":37,"turns":5},{"damage":0,"enemies":"Nemesis","floor":41,"turns":5},{"damage":0,"enemies":"Giant Head","floor":46,"turns":7},{"damage":0,"enemies":"Reptomancer","floor":48,"turns":5},{"damage":0,"enemies":"Donu and Deca","floor":50,"turns":6},{"damage":20,"enemies":"Shield and Spear","floor":54,"turns":5},{"damage":34,"enemies":"The Heart","floor":55,"turns":10}],"seed_played":"5324743414050693566","potions_obtained":[{"floor":4,"key":"SpeedPotion"},{"floor":10,"key":"Explosive Potion"},{"floor":11,"key":"Energy Potion"},{"floor":14,"key":"Dexterity Potion"},{"floor":18,"key":"Fruit Juice"},{"floor":21,"key":"PowerPotion"},{"floor":22,"key":"Weak Potion"},{"floor":30,"key":"Block Potion"},{"floor":41,"key":"Explosive Potion"},{"floor":46,"key":"EssenceOfSteel"},{"floor":54,"key":"EssenceOfSteel"}],"is_trial":false,"path_per_floor":["M","?","M","M","M","E","R","$","T","E","M","?","R","E","R","B",null,"M","?","?","M","M","E","R","M","T","R","$","E","M","M","R","B",null,"M","T","?","?","?","R","E","R","T","$","?","E","R","E","R","B",null,"R","$","E","B",null],"character_chosen":"DEFECT","items_purchased":["Steam","Bronze Scales","Capacitor","Hologram","OrangePellets","Hologram+1","Oddly Smooth Stone"],"campfire_rested":8,"item_purchase_floors":[8,28,28,28,44,44,53],"current_hp_per_floor":[68,57,52,54,44,29,29,29,29,7,7,24,44,47,47,48,68,73,73,73,73,71,63,73,60,60,60,60,57,54,60,73,73,73,73,73,73,69,69,69,69,69,69,69,69,69,69,69,69,69,69,69,69,61,49],"gold":34,"neow_bonus":"ONE_RARE_RELIC","is_prod":false,"is_daily":false,"chose_seed":false,"campfire_upgraded":2,"win_rate":0,"timestamp":1563239709,"path_taken":["M","?","M","M","M","E","R","$","T","E","M","?","R","E","R","BOSS","M","?","?","M","M","E","R","M","T","R","?","E","?","M","R","BOSS","M","?","?","?","?","R","E","R","T","?","?","E","R","E","R","BOSS","R","$","E","BOSS"],"build_version":"2019-07-05","purchased_purges":2,"victory":true,"max_hp_per_floor":[68,68,68,68,68,68,68,68,68,68,68,68,68,68,68,68,68,73,73,73,73,73,73,73,73,73,73,73,73,73,73,73,73,73,73,73,73,69,69,69,69,69,69,69,69,69,69,69,69,69,69,69,69,69,69],"card_choices":[{"not_picked":["Coolheaded","Ball Lightning"],"picked":"Loop","floor":1},{"not_picked":["Chaos","Fusion"],"picked":"Cold Snap","floor":3},{"not_picked":["Double Energy","Go for the Eyes"],"picked":"Hyperbeam","floor":4},{"not_picked":["Reprogram","Undo"],"picked":"Steam","floor":5},{"not_picked":["Reinforced Body","Coolheaded"],"picked":"Genetic Algorithm","floor":6},{"not_picked":["Reinforced Body","Compile Driver"],"picked":"White Noise","floor":10},{"not_picked":["Ball Lightning","Redo"],"picked":"Melter","floor":11},{"not_picked":["Genetic Algorithm","Go for the Eyes"],"picked":"Conserve Battery","floor":11},{"not_picked":["Tempest","Sweeping Beam"],"picked":"FTL","floor":14},{"not_picked":["Machine Learning","Meteor Strike"],"picked":"Echo Form","floor":16},{"not_picked":["Sweeping Beam+1","Redo"],"picked":"Cold Snap+1","floor":18},{"not_picked":["Hello World","Darkness","Double Energy"],"picked":"SKIP","floor":18},{"not_picked":["Steam","Blizzard","Barrage"],"picked":"SKIP","floor":21},{"not_picked":["Sweeping Beam+1","Chaos+1","Tempest"],"picked":"SKIP","floor":21},{"not_picked":["Coolheaded","Self Repair+1"],"picked":"Leap+1","floor":22},{"not_picked":["Stack","Steam","Conserve Battery"],"picked":"SKIP","floor":22},{"not_picked":["Genetic Algorithm","Force Field+1"],"picked":"Loop+1","floor":23},{"not_picked":["Auto Shields","Compile Driver+1"],"picked":"Undo+1","floor":24},{"not_picked":["Rip and Tear","Compile Driver"],"picked":"Buffer","floor":25},{"not_picked":["Ball Lightning","Cold Snap","Hello World"],"picked":"SKIP","floor":25},{"not_picked":["Ball Lightning","Thunder Strike","Redo"],"picked":"SKIP","floor":29},{"not_picked":["Gash+1","Sweeping Beam"],"picked":"Tempest+1","floor":30},{"not_picked":["Compile Driver","Ball Lightning","Rip and Tear"],"picked":"SKIP","floor":30},{"not_picked":["Gash+1","Barrage"],"picked":"Electrodynamics","floor":31},{"not_picked":["Beam Cell","Rebound","Ball Lightning"],"picked":"SKIP","floor":31},{"not_picked":["Force Field","Streamline"],"picked":"Storm+1","floor":32},{"not_picked":["All For One","Thunder Strike"],"picked":"Echo Form","floor":33},{"not_picked":["Force Field+1","Sweeping Beam"],"picked":"Sunder+1","floor":35},{"not_picked":["Go for the Eyes","Rebound+1","Self Repair+1"],"picked":"SKIP","floor":35},{"not_picked":["Heatsinks+1","Compile Driver","White Noise"],"picked":"SKIP","floor":41},{"not_picked":["Rebound","Ball Lightning"],"picked":"Defragment","floor":42},{"not_picked":["Mayhem","Jack Of All Trades+1"],"picked":"Panacea+1","floor":45},{"not_picked":["Streamline","Chill+1","Rebound"],"picked":"SKIP","floor":46},{"not_picked":["Skim+1","Hello World","Heatsinks+1"],"picked":"SKIP","floor":48},{"not_picked":["Electrodynamics","Leap+1"],"picked":"White Noise+1","floor":49},{"not_picked":["Gash+1","Hello World","Skim+1"],"picked":"SKIP","floor":54}],"player_experience":854756,"relics_obtained":[{"floor":6,"key":"Pocketwatch"},{"floor":9,"key":"Prayer Wheel"},{"floor":10,"key":"Gambling Chip"},{"floor":14,"key":"Incense Burner"},{"floor":23,"key":"Art of War"},{"floor":26,"key":"War Paint"},{"floor":29,"key":"Ice Cream"},{"floor":37,"key":"Nunchaku"},{"floor":41,"key":"DataDisk"},{"floor":43,"key":"Toxic Egg 2"},{"floor":46,"key":"Happy Flower"},{"floor":48,"key":"Molten Egg 2"},{"floor":54,"key":"Sundial"}],"event_choices":[{"damage_healed":0,"gold_gain":75,"player_choice":"Gather Gold","damage_taken":11,"max_hp_gain":0,"max_hp_loss":0,"event_name":"World of Goop","floor":2,"gold_loss":0},{"damage_healed":17,"gold_gain":0,"player_choice":"Healed","damage_taken":0,"max_hp_gain":0,"max_hp_loss":0,"event_name":"The Cleric","floor":12,"gold_loss":35},{"damage_healed":0,"gold_gain":0,"player_choice":"Opened","damage_taken":0,"relics_obtained":["Dream Catcher"],"max_hp_gain":0,"max_hp_loss":0,"event_name":"The Mausoleum","floor":19,"gold_loss":0,"cards_obtained":["Writhe"]},{"cards_removed":["Writhe"],"damage_healed":0,"gold_gain":0,"player_choice":"Gave Gold","damage_taken":0,"max_hp_gain":0,"max_hp_loss":0,"event_name":"Beggar","floor":20,"gold_loss":75},{"damage_healed":0,"gold_gain":0,"player_choice":"Fight","damage_taken":0,"max_hp_gain":0,"max_hp_loss":0,"event_name":"MindBloom","floor":37,"gold_loss":0},{"damage_healed":0,"gold_gain":0,"player_choice":"Max HP","damage_taken":0,"max_hp_gain":0,"max_hp_loss":4,"event_name":"Winding Halls","floor":38,"gold_loss":0},{"cards_removed":["Defend_B"],"damage_healed":0,"gold_gain":0,"player_choice":"Removed Skill","damage_taken":0,"max_hp_gain":0,"max_hp_loss":0,"event_name":"Falling","floor":39,"gold_loss":0},{"damage_healed":0,"gold_gain":0,"player_choice":"Memory 1","damage_taken":0,"max_hp_gain":0,"max_hp_loss":0,"event_name":"SensoryStone","floor":45,"gold_loss":0}],"is_beta":false,"boss_relics":[{"not_picked":["White Beast Statue","Lizard Tail"],"picked":"Fusion Hammer"},{"not_picked":["Empty Cage","FrozenCore"],"picked":"Snecko Eye"}],"items_purged_floors":[8,44],"is_endless":false,"potions_floor_spawned":[4,10,11,14,18,21,22,30,41,46,54],"ascension_level":3}