{"gold_per_floor":[117,29,42,42,57,57,18,38,38,38,88,13,26,51,51,127,127,146,146,157,157,172,503,516,544,544,575,575,755,767,801,801,878,878,889,909,959,959,453,478,578,612,637,653,653,687,224,224,224,224,224,224,224,74,107,107],"floor_reached":57,"playtime":2844,"items_purged":["Poisoned Stab","Blur","Masterful Stab","Outmaneuver"],"score":3511,"play_id":"6c3a9e51-ce23-4d61-9987-ac2c0b08b3e7","local_time":"20190817210603","is_ascension_mode":true,"campfire_choices":[{"data":"Tactician","floor":6.0,"key":"SMITH"},{"data":"Acrobatics","floor":10.0,"key":"SMITH"},{"data":"Well Laid Plans","floor":15.0,"key":"SMITH"},{"data":"Acrobatics","floor":32.0,"key":"SMITH"},{"floor":49,"key":"RECALL"},{"data":"Deep Breath","floor":53,"key":"SMITH"}],"neow_cost":"NONE","seed_source_timestamp":0,"circlet_count":0,"master_deck":["AscendersBane","Survivor","Neutralize","Infinite Blades","Tactician+1","Acrobatics+1","Backflip","Well Laid Plans+1","After Image","Adrenaline","Grand Finale","Acrobatics+1","Deep Breath+1","Adrenaline"],"special_seed":0,"relics":["Pandora\u0027s Box","Letter Opener","Meat on the Bone","Busted Crown","Old Coin","Dodecahedron","Bronze Scales","Thread and Needle","Black Star","Bird Faced Urn","Pocketwatch","Potion Belt","Girya","Kunai","Incense Burner","Juzu Bracelet","Ginger","Bag of Marbles","Bottled Lightning","Blue Candle","Pantograph"],"potions_floor_usage":[56,56,56],"damage_taken":[{"damage":5.0,"enemies":"Small Slimes","floor":1.0,"turns":3.0},{"damage":4.0,"enemies":"Jaw Worm","floor":3.0,"turns":3.0},{"damage":0.0,"enemies":"Cultist","floor":5.0,"turns":3.0},{"damage":23.0,"enemies":"Exordium Thugs","floor":7.0,"turns":5.0},{"damage":2.0,"enemies":"3 Louse","floor":8.0,"turns":6.0},{"damage":2.0,"enemies":"Exordium Wildlife","floor":13.0,"turns":3.0},{"damage":10.0,"enemies":"3 Sentries","floor":14.0,"turns":8.0},{"damage":0.0,"enemies":"Hexaghost","floor":16.0,"turns":3.0},{"damage":0.0,"enemies":"Spheric Guardian","floor":18.0,"turns":3.0},{"damage":0.0,"enemies":"Shell Parasite","floor":20.0,"turns":2.0},{"damage":0.0,"enemies":"Snecko","floor":22.0,"turns":3.0},{"damage":23.0,"enemies":"Gremlin Leader","floor":23.0,"turns":3.0},{"damage":0.0,"enemies":"Snake Plant","floor":24.0,"turns":3.0},{"damage":26.0,"enemies":"Slavers","floor":25.0,"turns":2.0},{"damage":0.0,"enemies":"Book of Stabbing","floor":27.0,"turns":2.0},{"damage":0.0,"enemies":"Cultist and Chosen","floor":30.0,"turns":4.0},{"damage":16.0,"enemies":"Slavers","floor":31.0,"turns":2.0},{"damage":0.0,"enemies":"Champ","floor":33.0,"turns":2.0},{"damage":0.0,"enemies":"3 Darklings","floor":35.0,"turns":1.0},{"damage":2.0,"enemies":"3 Shapes","floor":36.0,"turns":3.0},{"damage":31.0,"enemies":"2 Orb Walkers","floor":37.0,"turns":4.0},{"damage":0.0,"enemies":"Reptomancer","floor":40.0,"turns":1.0},{"damage":0.0,"enemies":"Mind Bloom Boss Battle","floor":41.0,"turns":1.0},{"damage":0.0,"enemies":"Giant Head","floor":42.0,"turns":1.0},{"damage":0.0,"enemies":"Spire Growth","floor":44.0,"turns":2.0},{"damage":6,"enemies":"Nemesis","floor":46,"turns":2},{"damage":0,"enemies":"Awakened One","floor":50,"turns":2},{"damage":0,"enemies":"Time Eater","floor":51,"turns":4},{"damage":0,"enemies":"Shield and Spear","floor":55,"turns":1},{"damage":0,"enemies":"The Heart","floor":56,"turns":4}],"seed_played":"2662115835934880050","potions_obtained":[{"floor":1.0,"key":"Regen Potion"},{"floor":7.0,"key":"FearPotion"},{"floor":13.0,"key":"Explosive Potion"},{"floor":14.0,"key":"LiquidBronze"},{"floor":24.0,"key":"GhostInAJar"},{"floor":30.0,"key":"Energy Potion"},{"floor":40.0,"key":"Dexterity Potion"},{"floor":46,"key":"SteroidPotion"}],"is_trial":false,"path_per_floor":["M","$","M","?","M","R","M","M","T","R","?","$","M","E","R","B",null,"M","?","M","?","M","E","M","E","T","E","?","?","M","E","R","B",null,"M","M","?","?","$","E","?","E","T","M","?","E","$","?","R","B","B",null,"R","$","E","B",null],"character_chosen":"THE_SILENT","items_purchased":["Well Laid Plans","Adrenaline","Pocketwatch","Bottled Lightning","Swift Potion"],"campfire_rested":0,"item_purchase_floors":[2,39,39,47,47],"current_hp_per_floor":[54,54,50,43,43,43,20,33,33,33,27,27,25,15,15,27,56,56,56,56,56,56,45,45,31,31,43,43,25,37,33,33,45,61,61,59,40,30,30,38,46,54,54,62,62,62,62,62,62,63,63,63,63,63,63,63],"gold":107,"neow_bonus":"BOSS_RELIC","is_prod":false,"is_daily":false,"chose_seed":false,"campfire_upgraded":5,"win_rate":0,"timestamp":1566047163,"path_taken":["M","$","M","?","M","R","M","M","T","R","?","$","?","E","R","BOSS","M","?","M","?","?","E","M","E","T","E","?","?","?","E","R","BOSS","M","M","?","?","?","E","?","E","T","M","?","E","$","?","R","BOSS","BOSS","R","$","E","BOSS"],"build_version":"2019-07-17","purchased_purges":4,"victory":true,"max_hp_per_floor":[66,66,66,66,66,66,66,66,66,66,66,66,66,66,66,66,66,66,66,66,66,66,66,66,66,66,66,66,66,66,66,66,66,66,66,66,66,66,66,66,66,66,66,66,66,66,66,63,63,63,63,63,63,63,63,63],"card_choices":[{"not_picked":["Flying Knee","Cloak And Dagger"],"picked":"Backflip","floor":1.0},{"not_picked":["Flying Knee","Poisoned Stab","Deadly Poison"],"picked":"SKIP","floor":3.0},{"not_picked":["Dagger Throw","Flying Knee","PiercingWail"],"picked":"SKIP","floor":5.0},{"not_picked":["Concentrate","Dagger Spray","Blade Dance"],"picked":"SKIP","floor":7.0},{"not_picked":["Backflip","Expertise","Escape Plan"],"picked":"SKIP","floor":8.0},{"not_picked":["Expertise","Prepared","Outmaneuver"],"picked":"SKIP","floor":13.0},{"not_picked":["Poisoned Stab","Blur"],"picked":"After Image","floor":14.0},{"not_picked":["Wraith Form v2","Unload"],"picked":"Adrenaline","floor":16.0},{"not_picked":["Crippling Poison"],"picked":"SKIP","floor":18.0},{"not_picked":["Leg Sweep"],"picked":"SKIP","floor":20.0},{"not_picked":["Deflect"],"picked":"SKIP","floor":22.0},{"not_picked":["Poisoned Stab"],"picked":"SKIP","floor":23.0},{"not_picked":["Quick Slash"],"picked":"SKIP","floor":24.0},{"not_picked":["Bane"],"picked":"SKIP","floor":25.0},{"not_picked":["Well Laid Plans"],"picked":"SKIP","floor":27.0},{"not_picked":["Well Laid Plans"],"picked":"SKIP","floor":27.0},{"not_picked":["Dagger Throw+1"],"picked":"SKIP","floor":30.0},{"not_picked":["Blade Dance"],"picked":"SKIP","floor":31.0},{"not_picked":["Deflect"],"picked":"SKIP","floor":35.0},{"not_picked":["Acrobatics"],"picked":"SKIP","floor":36.0},{"not_picked":["Acrobatics"],"picked":"SKIP","floor":36.0},{"not_picked":[],"picked":"Deep Breath","floor":38.0},{"not_picked":["Sucker Punch"],"picked":"SKIP","floor":40.0},{"not_picked":["Predator"],"picked":"SKIP","floor":42.0},{"not_picked":["Cloak And Dagger"],"picked":"SKIP","floor":44.0},{"not_picked":["Quick Slash+1"],"picked":"SKIP","floor":46},{"not_picked":["Escape Plan+1"],"picked":"SKIP","floor":55}],"player_experience":818761,"relics_obtained":[{"floor":9.0,"key":"Letter Opener"},{"floor":14.0,"key":"Meat on the Bone"},{"floor":23.0,"key":"Old Coin"},{"floor":25.0,"key":"Dodecahedron"},{"floor":27.0,"key":"Bronze Scales"},{"floor":31.0,"key":"Thread and Needle"},{"floor":37.0,"key":"Bird Faced Urn"},{"floor":40.0,"key":"Potion Belt"},{"floor":41.0,"key":"Girya"},{"floor":42.0,"key":"Kunai"},{"floor":42.0,"key":"Incense Burner"},{"floor":43.0,"key":"Juzu Bracelet"},{"floor":46,"key":"Ginger"},{"floor":46,"key":"Bag of Marbles"},{"floor":55,"key":"Blue Candle"},{"floor":55,"key":"Pantograph"}],"event_choices":[{"cards_removed":["Poisoned Stab"],"damage_healed":0.0,"max_hp_gain":0.0,"max_hp_loss":0.0,"gold_gain":0.0,"event_name":"Golden Wing","player_choice":"Card Removal","floor":4.0,"gold_loss":0.0,"damage_taken":7.0},{"damage_healed":0.0,"max_hp_gain":0.0,"max_hp_loss":0.0,"gold_gain":50.0,"event_name":"FaceTrader","player_choice":"Touch","floor":11.0,"gold_loss":0.0,"damage_taken":6.0},{"damage_healed":0.0,"max_hp_gain":0.0,"max_hp_loss":0.0,"gold_gain":0.0,"event_name":"Vampires","player_choice":"Ignored","floor":19.0,"gold_loss":0.0,"damage_taken":0.0},{"damage_healed":0.0,"max_hp_gain":0.0,"max_hp_loss":0.0,"gold_gain":0.0,"cards_transformed":["Flechettes"],"event_name":"Transmorgrifier","player_choice":"Transformed","floor":21.0,"gold_loss":0.0,"damage_taken":0.0,"cards_obtained":["Grand Finale"]},{"damage_healed":0.0,"max_hp_gain":0.0,"max_hp_loss":0.0,"gold_gain":0.0,"event_name":"The Library","player_choice":"Read","floor":28.0,"gold_loss":0.0,"damage_taken":0.0,"cards_obtained":["Acrobatics"]},{"damage_healed":0.0,"max_hp_gain":0.0,"max_hp_loss":0.0,"gold_gain":180.0,"event_name":"Knowing Skull","player_choice":"GOLD GOLD ","floor":29.0,"potions_obtained":[],"gold_loss":0.0,"damage_taken":18.0,"cards_obtained":[]},{"damage_healed":0.0,"max_hp_gain":0.0,"max_hp_loss":0.0,"gold_gain":0.0,"event_name":"Mysterious Sphere","player_choice":"Fight","floor":37.0,"gold_loss":0.0,"damage_taken":0.0},{"damage_healed":0.0,"max_hp_gain":0.0,"max_hp_loss":0.0,"gold_gain":0.0,"event_name":"SensoryStone","player_choice":"Memory 3","floor":38.0,"gold_loss":0.0,"damage_taken":10.0},{"damage_healed":0.0,"max_hp_gain":0.0,"max_hp_loss":0.0,"gold_gain":0.0,"event_name":"MindBloom","player_choice":"Fight","floor":41.0,"gold_loss":0.0,"damage_taken":0.0},{"cards_removed":["After Image"],"damage_healed":0.0,"max_hp_gain":0.0,"max_hp_loss":0.0,"gold_gain":0.0,"event_name":"Falling","player_choice":"Removed Power","floor":45.0,"gold_loss":0.0,"damage_taken":0.0},{"damage_healed":0,"gold_gain":0,"player_choice":"Max HP","damage_taken":0,"max_hp_gain":0,"max_hp_loss":3,"event_name":"Winding Halls","floor":48,"gold_loss":0}],"is_beta":false,"boss_relics":[{"not_picked":["WristBlade","Snecko Eye"],"picked":"Busted Crown"},{"not_picked":["Orrery","Runic Pyramid"],"picked":"Black Star"}],"items_purged_floors":[12,39,47,54],"is_endless":false,"potions_floor_spawned":[1,7,13,14,24,25,30,33,35,40,46],"ascension_level":20}