{"gold_per_floor":[115,115,131,56,69,69,144,144,144,144,187,187,231,70,70,159,159,178,178,118],"floor_reached":20,"playtime":839,"items_purged":[],"score":320,"play_id":"07619c25-dbbe-4b9e-960e-5d821a261ad9","local_time":"20181014210257","is_ascension_mode":true,"campfire_choices":[{"data":"Zap","floor":6,"key":"SMITH"},{"data":"Compile Driver","floor":10,"key":"SMITH"},{"floor":12,"key":"REST"},{"data":"Darkness","floor":15,"key":"SMITH"}],"neow_cost":"TEN_PERCENT_HP_LOSS","seed_source_timestamp":427659492016459,"circlet_count":0,"master_deck":["Strike_B","Strike_B","Defend_B","Defend_B","Defend_B","Zap+1","Dualcast","AscendersBane","Conserve Battery","Compile Driver+1","Darkness+1","Fission","Coolheaded","Blind","Creative AI"],"relics":["Cracked Core","Golden Idol","Dodecahedron","Torii","Pantograph","Snecko Eye"],"potions_floor_usage":[11,18,20,20],"damage_taken":[{"damage":1,"enemies":"2 Louse","floor":1,"turns":2},{"damage":7,"enemies":"Jaw Worm","floor":3,"turns":3},{"damage":1,"enemies":"Cultist","floor":5,"turns":3},{"damage":23,"enemies":"3 Sentries","floor":11,"turns":6},{"damage":14,"enemies":"Lagavulin","floor":13,"turns":5},{"damage":5,"enemies":"Hexaghost","floor":16,"turns":10},{"damage":30,"enemies":"Chosen","floor":18,"turns":8},{"damage":30,"enemies":"2 Thieves","floor":20,"turns":2}],"seed_played":"3436558342573145488","potions_obtained":[{"floor":3,"key":"Strength Potion"},{"floor":13,"key":"Weak Potion"},{"floor":16,"key":"Poison Potion"},{"floor":18,"key":"EssenceOfSteel"}],"is_trial":false,"path_per_floor":["M","?","M","?","M","R","?","?","T","R","E","R","E","$","R","B",null,"M","?"],"character_chosen":"DEFECT","items_purchased":["Coolheaded","Blind"],"campfire_rested":1,"item_purchase_floors":[14,14],"current_hp_per_floor":[63,63,56,56,55,55,44,44,44,44,21,38,24,24,24,44,55,25,25,0],"gold":118,"neow_bonus":"REMOVE_TWO","is_prod":false,"is_daily":false,"chose_seed":false,"campfire_upgraded":3,"win_rate":0,"timestamp":1539565377,"path_taken":["M","?","M","?","M","R","?","?","T","R","E","R","E","?","R","BOSS","M","?","M"],"build_version":"2018-10-11","purchased_purges":0,"victory":false,"max_hp_per_floor":[64,64,64,64,64,64,64,58,58,58,58,58,58,58,58,58,58,58,58,58],"card_choices":[{"not_picked":["Beam Cell","Consume","Rebound"],"picked":"SKIP","floor":1},{"not_picked":["Reprogram","Rebound"],"picked":"Conserve Battery","floor":3},{"not_picked":["Double Energy","Turbo"],"picked":"Compile Driver","floor":5},{"not_picked":["Consume","Go for the Eyes"],"picked":"Darkness","floor":11},{"not_picked":["Conserve Battery","Compile Driver"],"picked":"Fission","floor":13},{"not_picked":["Rainbow","All For One"],"picked":"Creative AI","floor":16},{"not_picked":["Gash+1","Redo","Steam+1"],"picked":"SKIP","floor":18}],"player_experience":546782,"relics_obtained":[{"floor":9,"key":"Dodecahedron"},{"floor":11,"key":"Torii"},{"floor":13,"key":"Pantograph"}],"event_choices":[{"event_name":"Liars Game","player_choice":"disagreed","floor":2,"damage_taken":0},{"event_name":"The Cleric","player_choice":"Card Removal","floor":4,"damage_taken":0},{"event_name":"World of Goop","player_choice":"Gather Gold","floor":7,"damage_taken":0},{"event_name":"Golden Idol","player_choice":"Lose Max HP","floor":8,"damage_taken":0},{"event_name":"Beggar","player_choice":"Ignored","floor":19,"damage_taken":0}],"is_beta":false,"boss_relics":[{"not_picked":["Runic Dome","Runic Pyramid"],"picked":"Snecko Eye"}],"items_purged_floors":[],"is_endless":false,"potions_floor_spawned":[3,13,16,18],"killed_by":"2 Thieves","ascension_level":16}