{"gold_per_floor":[119,130,130,130,2,2,34,47,47,77,77,90,118,133,133,238,238,249,262,148,173,192,192,221,221,221,221,254,270,286,296,296,394,394,414,414,163,215,235,235,263,289,301,338,350,392,404,416,428,440],"floor_reached":51,"playtime":6750,"items_purged":["Defend_B","Strike_B"],"score":1129,"play_id":"90a12feb-5423-4335-ade8-33cd9e8ae0a8","local_time":"20180919234806","is_ascension_mode":true,"campfire_choices":[{"data":"Coolheaded","floor":6,"key":"SMITH"},{"floor":11,"key":"REST"},{"data":"Go for the Eyes","floor":15,"key":"SMITH"},{"data":"Defragment","floor":23,"key":"SMITH"},{"floor":25,"key":"REST"},{"floor":27,"key":"REST"},{"floor":32,"key":"REST"},{"data":"Biased Cognition","floor":40,"key":"SMITH"},{"data":"Turbo","floor":45,"key":"PURGE"},{"data":"Self Repair","floor":49,"key":"PURGE"}],"neow_cost":"NONE","seed_source_timestamp":563256578181727,"circlet_count":0,"master_deck":["Strike_B","Strike_B","Defend_B","Defend_B","Defend_B","Dualcast","Conserve Battery","Go for the Eyes+1","Coolheaded+1","Loop","Cold Snap","Beam Cell","Multi-Cast","Leap","Glacier","All For One","Biased Cognition+1","Go for the Eyes","Chill","Barrage","Defragment+1","Darkness","Loop","Turbo","Core Surge","Hologram","Beam Cell","Electrodynamics","Beam Cell","Consume+1","Loop","Secret Technique+1","Leap+1","Reprogram+1","Steam+1","Machine Learning"],"relics":["Cracked Core","Orichalcum","Kunai","Dream Catcher","Blue Candle","DataDisk","Prayer Wheel","Inserter","Smiling Mask","Dead Branch","PreservedInsect","Juzu Bracelet","Busted Crown","FossilizedHelix","Peace Pipe","MawBank","War Paint","Vajra","Boot"],"potions_floor_usage":[10,16,18,19,22,28,35,36,46,50,50,50],"damage_taken":[{"damage":0,"enemies":"Cultist","floor":1,"turns":3},{"damage":0,"enemies":"2 Louse","floor":2,"turns":2},{"damage":14,"enemies":"3 Sentries","floor":7,"turns":9},{"damage":0,"enemies":"Jaw Worm","floor":8,"turns":5},{"damage":6,"enemies":"Gremlin Nob","floor":10,"turns":4},{"damage":3,"enemies":"Lots of Slimes","floor":12,"turns":5},{"damage":1,"enemies":"Lagavulin","floor":13,"turns":9},{"damage":2,"enemies":"3 Louse","floor":14,"turns":5},{"damage":11,"enemies":"The Guardian","floor":16,"turns":17},{"damage":16,"enemies":"2 Thieves","floor":18,"turns":4},{"damage":12,"enemies":"3 Byrds","floor":19,"turns":9},{"damage":0,"enemies":"Snake Plant","floor":22,"turns":7},{"damage":50,"enemies":"Gremlin Leader","floor":24,"turns":14},{"damage":5,"enemies":"Book of Stabbing","floor":28,"turns":11},{"damage":11,"enemies":"Snecko","floor":29,"turns":6},{"damage":10,"enemies":"Centurion and Healer","floor":30,"turns":8},{"damage":7,"enemies":"3 Cultists","floor":31,"turns":6},{"damage":1,"enemies":"Champ","floor":33,"turns":11},{"damage":13,"enemies":"3 Darklings","floor":35,"turns":4},{"damage":9,"enemies":"Mind Bloom Boss Battle","floor":36,"turns":6},{"damage":0,"enemies":"Mysterious Sphere","floor":38,"turns":7},{"damage":0,"enemies":"Orb Walker","floor":39,"turns":3},{"damage":0,"enemies":"Nemesis","floor":41,"turns":11},{"damage":0,"enemies":"Maw","floor":42,"turns":10},{"damage":0,"enemies":"Giant Head","floor":44,"turns":9},{"damage":2,"enemies":"2 Orb Walkers","floor":46,"turns":5},{"damage":19,"enemies":"Time Eater","floor":50,"turns":78}],"seed_played":"7041981004574627390","potions_obtained":[{"floor":1,"key":"SteroidPotion"},{"floor":7,"key":"SkillPotion"},{"floor":8,"key":"Energy Potion"},{"floor":13,"key":"Weak Potion"},{"floor":18,"key":"SkillPotion"},{"floor":19,"key":"SkillPotion"},{"floor":28,"key":"Regen Potion"},{"floor":30,"key":"LiquidBronze"},{"floor":31,"key":"Weak Potion"},{"floor":36,"key":"Dexterity Potion"},{"floor":41,"key":"AttackPotion"},{"floor":46,"key":"Explosive Potion"}],"is_trial":false,"path_per_floor":["M","M","?","?","$","R","E","M","T","E","R","M","E","M","R","B",null,"M","M","$","T","M","R","E","R","T","R","E","M","M","M","R","B",null,"M","?","$","?","M","R","E","M","T","E","R","E","?","?","R","B"],"character_chosen":"DEFECT","items_purchased":["Coolheaded","Loop","Defragment","Secret Technique"],"campfire_rested":4,"item_purchase_floors":[5,5,20,37],"current_hp_per_floor":[68,68,61,54,54,54,40,40,40,34,56,53,52,50,50,46,68,52,47,47,47,54,54,11,33,33,55,57,46,43,43,65,71,74,68,66,66,66,73,73,75,75,75,75,75,73,71,71,71,67],"gold":452,"neow_bonus":"RANDOM_COMMON_RELIC","is_prod":false,"is_daily":false,"chose_seed":false,"campfire_upgraded":4,"win_rate":0,"timestamp":1537415286,"path_taken":["M","?","?","?","?","R","E","M","T","E","R","?","E","M","R","BOSS","M","?","$","?","M","R","E","R","T","R","E","M","M","M","R","BOSS","M","?","$","?","M","R","E","M","T","E","R","E","?","?","R","BOSS"],"build_version":"2018-09-06","purchased_purges":2,"victory":true,"max_hp_per_floor":[75,75,75,75,75,75,75,75,75,75,75,75,75,75,75,75,75,75,75,75,75,75,75,75,75,75,75,75,75,75,75,75,75,75,75,75,75,75,75,75,75,75,75,75,75,75,71,71,71,71],"card_choices":[{"not_picked":["Scrape","Redo"],"picked":"Conserve Battery","floor":1},{"not_picked":["Scrape","Reinforced Body"],"picked":"Go for the Eyes","floor":2},{"not_picked":["Force Field","Redo"],"picked":"Cold Snap","floor":7},{"not_picked":["Sweeping Beam","Conserve Battery"],"picked":"Beam Cell","floor":8},{"not_picked":["Static Discharge","Chaos"],"picked":"Multi-Cast","floor":10},{"not_picked":["Cold Snap","Gash"],"picked":"Leap","floor":11},{"not_picked":["Stack","Recycle"],"picked":"Glacier","floor":12},{"not_picked":["Skim","Gash"],"picked":"All For One","floor":13},{"not_picked":["Redo","Barrage"],"picked":"Self Repair","floor":14},{"not_picked":["Sweeping Beam","Auto Shields","Scrape"],"picked":"SKIP","floor":14},{"not_picked":["Amplify","Multi-Cast"],"picked":"Biased Cognition","floor":16},{"not_picked":["Turbo","Compile Driver"],"picked":"Go for the Eyes","floor":18},{"not_picked":["Sweeping Beam","Compile Driver"],"picked":"Chill","floor":18},{"not_picked":["Steam Power+1","Gash"],"picked":"Barrage","floor":19},{"not_picked":["Rebound","Barrage","Compile Driver"],"picked":"SKIP","floor":19},{"not_picked":["Chaos","Blizzard"],"picked":"Darkness","floor":22},{"not_picked":["Chaos","Compile Driver","Conserve Battery+1"],"picked":"SKIP","floor":22},{"not_picked":["Multi-Cast","Rebound+1"],"picked":"Loop","floor":24},{"not_picked":["Rebound","Fusion+1"],"picked":"Turbo","floor":25},{"not_picked":["Conserve Battery","Skim+1"],"picked":"Turbo","floor":27},{"not_picked":["Steam+1","Go for the Eyes"],"picked":"Core Surge","floor":28},{"not_picked":["Cold Snap+1","Ball Lightning"],"picked":"Hologram","floor":29},{"not_picked":["Stack+1","Aggregate"],"picked":"Beam Cell","floor":29},{"not_picked":["Double Energy","Force Field+1","Lockon"],"picked":"SKIP","floor":30},{"not_picked":["Rebound","Self Repair","Sweeping Beam"],"picked":"SKIP","floor":30},{"not_picked":["Sweeping Beam+1","Turbo+1"],"picked":"Electrodynamics","floor":31},{"not_picked":["Streamline","Heatsinks"],"picked":"Beam Cell","floor":31},{"not_picked":["Coolheaded","Redo+1"],"picked":"Consume","floor":32},{"not_picked":["Undo+1"],"picked":"SKIP","floor":35},{"not_picked":["Cold Snap"],"picked":"SKIP","floor":35},{"not_picked":[],"picked":"Loop","floor":36},{"not_picked":[],"picked":"Leap+1","floor":38},{"not_picked":["Reinforced Body+1"],"picked":"SKIP","floor":39},{"not_picked":["Sweeping Beam"],"picked":"SKIP","floor":39},{"not_picked":[],"picked":"Reprogram+1","floor":41},{"not_picked":[],"picked":"Steam+1","floor":42},{"not_picked":["Cold Snap"],"picked":"SKIP","floor":42},{"not_picked":["Darkness"],"picked":"SKIP","floor":44},{"not_picked":[],"picked":"Machine Learning","floor":46}],"player_experience":372304,"relics_obtained":[{"floor":7,"key":"Dream Catcher"},{"floor":9,"key":"Blue Candle"},{"floor":10,"key":"DataDisk"},{"floor":13,"key":"Prayer Wheel"},{"floor":21,"key":"Smiling Mask"},{"floor":24,"key":"Dead Branch"},{"floor":26,"key":"PreservedInsect"},{"floor":28,"key":"Juzu Bracelet"},{"floor":36,"key":"FossilizedHelix"},{"floor":38,"key":"Peace Pipe"},{"floor":41,"key":"MawBank"},{"floor":43,"key":"War Paint"},{"floor":44,"key":"Vajra"},{"floor":46,"key":"Boot"}],"event_choices":[{"event_name":"Golden Wing","player_choice":"Card Removal","floor":3,"damage_taken":0},{"event_name":"Scrap Ooze","player_choice":"success","floor":4,"damage_taken":7},{"event_name":"MindBloom","player_choice":"Fight","floor":36,"damage_taken":0},{"event_name":"Mysterious Sphere","player_choice":"Fight","floor":38,"damage_taken":0},{"event_name":"Winding Halls","player_choice":"Max HP","floor":47,"damage_taken":0},{"event_name":"Falling","player_choice":"Removed Skill","floor":48,"damage_taken":0}],"is_beta":false,"boss_relics":[{"not_picked":["Fusion Hammer","Snecko Eye"],"picked":"Inserter"},{"not_picked":["Sozu","White Beast Statue"],"picked":"Busted Crown"}],"items_purged_floors":[20,37],"is_endless":false,"potions_floor_spawned":[1,7,8,13,14,18,19,28,30,31,36,41,46],"ascension_level":7}