{"gold_per_floor":[109,122,122,138,138,138,176,189,189,154,179,200,200,216,216,216],"floor_reached":16,"playtime":1262,"items_purged":[],"score":104,"play_id":"560adf94-5143-4f27-bf59-d73fb622c32a","local_time":"20190806110935","is_ascension_mode":false,"campfire_choices":[{"data":"Pommel Strike","floor":6,"key":"SMITH"},{"data":"Pommel Strike","floor":15,"key":"SMITH"}],"neow_cost":"NONE","seed_source_timestamp":182235593489399,"circlet_count":0,"master_deck":["Strike_R","Strike_R","Strike_R","Strike_R","Strike_R","Defend_R","Defend_R","Defend_R","Defend_R","Bash","Warcry","Warcry","Pommel Strike+1","Ghostly Armor","Whirlwind","Shrug It Off","Pommel Strike+1","Shrug It Off"],"relics":["Burning Blood","Bag of Marbles","Paper Frog","Golden Idol","Sundial","Gremlin Horn"],"potions_floor_usage":[7,16,16],"damage_taken":[{"damage":5,"enemies":"Jaw Worm","floor":1,"turns":4},{"damage":0,"enemies":"Small Slimes","floor":2,"turns":3},{"damage":1,"enemies":"2 Louse","floor":4,"turns":3},{"damage":34,"enemies":"3 Sentries","floor":7,"turns":12},{"damage":7,"enemies":"Blue Slaver","floor":8,"turns":5},{"damage":3,"enemies":"Gremlin Gang","floor":11,"turns":3},{"damage":0,"enemies":"3 Louse","floor":12,"turns":3},{"damage":9,"enemies":"Exordium Wildlife","floor":14,"turns":8},{"damage":62,"enemies":"Slime Boss","floor":16,"turns":9}],"seed_played":"2379304871110396305","potions_obtained":[{"floor":1,"key":"Swift Potion"},{"floor":8,"key":"Weak Potion"},{"floor":11,"key":"FearPotion"},{"floor":12,"key":"Fire Potion"}],"is_trial":false,"path_per_floor":["M","M","?","M","?","R","E","M","T","?","M","M","$","M","R","B"],"character_chosen":"IRONCLAD","items_purchased":[],"campfire_rested":0,"item_purchase_floors":[],"current_hp_per_floor":[80,80,77,80,60,60,32,31,31,51,54,60,60,57,57,0],"gold":216,"neow_bonus":"RANDOM_COMMON_RELIC","is_prod":false,"is_daily":false,"chose_seed":false,"campfire_upgraded":2,"win_rate":0.0,"timestamp":1565086175,"path_taken":["M","M","?","M","?","R","E","M","T","?","M","M","?","M","R","BOSS"],"build_version":"2019-07-17","purchased_purges":0,"victory":false,"max_hp_per_floor":[80,80,80,80,80,80,80,80,80,80,80,80,80,80,80,80],"card_choices":[{"not_picked":["Corruption","Thunderclap"],"picked":"Warcry","floor":1},{"not_picked":["True Grit","Corruption"],"picked":"Warcry","floor":2},{"not_picked":["Rampage","Power Through"],"picked":"Pommel Strike","floor":4},{"not_picked":["Disarm","Warcry"],"picked":"Ghostly Armor","floor":7},{"not_picked":["Dark Embrace","Flex"],"picked":"Whirlwind","floor":8},{"not_picked":["Clash","Pommel Strike"],"picked":"Shrug It Off","floor":11},{"not_picked":["Sword Boomerang","Heavy Blade"],"picked":"Pommel Strike","floor":12},{"not_picked":["Thunderclap","Flex"],"picked":"Shrug It Off","floor":14}],"player_experience":11277,"relics_obtained":[{"floor":7,"key":"Sundial"},{"floor":9,"key":"Gremlin Horn"}],"event_choices":[{"damage_healed":0,"gold_gain":0,"player_choice":"Success","damage_taken":3,"relics_obtained":["Paper Frog"],"max_hp_gain":0,"max_hp_loss":0,"event_name":"Scrap Ooze","floor":3,"gold_loss":0},{"damage_healed":0,"gold_gain":0,"player_choice":"Take Damage","damage_taken":20,"relics_obtained":["Golden Idol"],"max_hp_gain":0,"max_hp_loss":0,"event_name":"Golden Idol","floor":5,"gold_loss":0},{"damage_healed":20,"gold_gain":0,"player_choice":"Healed","damage_taken":0,"max_hp_gain":0,"max_hp_loss":0,"event_name":"The Cleric","floor":10,"gold_loss":35}],"is_beta":false,"boss_relics":[],"items_purged_floors":[],"is_endless":false,"potions_floor_spawned":[1,8,11,12],"killed_by":"Slime Boss","ascension_level":0}