{"gold_per_floor":[114,114,114,39,39,80,80,118,144,162,162,162,162,182,182,277,277,292,192,215,215,235,235,273,285,348,360,397,459,258,271,271,370,370,383,1382,1382,1715,1237,1237,1270,1270,1270,1270,1286,886,919,919,919,919],"floor_reached":50,"playtime":1699,"items_purged":["Strike_G","Strike_G","Dagger Throw","Defend_G","Defend_G"],"score":1390,"play_id":"5ee18b05-d113-4e7c-8f9b-39bfbc777b94","local_time":"20190820094545","is_ascension_mode":true,"campfire_choices":[{"data":"Neutralize","floor":11.0,"key":"SMITH"},{"data":"Masterful Stab","floor":13.0,"key":"SMITH"},{"data":"Blade Dance","floor":15.0,"key":"SMITH"},{"data":"Cloak And Dagger","floor":23.0,"key":"SMITH"},{"data":"Masterful Stab+1","floor":25.0,"key":"PURGE"},{"data":"Riddle With Holes","floor":32.0,"key":"SMITH"},{"data":"Impatience","floor":40.0,"key":"SMITH"},{"data":"Accuracy","floor":42.0,"key":"SMITH"},{"floor":49.0,"key":"RECALL"}],"neow_cost":"NONE","seed_source_timestamp":431808393604100,"circlet_count":0,"master_deck":["AscendersBane","Defend_G","Survivor","Neutralize+1","Adrenaline","Blade Dance+1","After Image","Acrobatics","Cloak And Dagger+1","Infinite Blades","Corpse Explosion","Accuracy+1","Impatience+1","Well Laid Plans","Grand Finale"],"special_seed":0,"relics":["Ring of the Snake","NeowsBlessing","Peace Pipe","Kunai","Omamori","Gremlin Horn","Sozu","MawBank","Vajra","Empty Cage","Membership Card","Centennial Puzzle","Boot","Oddly Smooth Stone","Blood Vial","Toy Ornithopter","Darkstone Periapt"],"potions_floor_usage":[],"damage_taken":[{"damage":0.0,"enemies":"Jaw Worm","floor":1.0,"turns":1.0},{"damage":0.0,"enemies":"Gremlin Nob","floor":6.0,"turns":1.0},{"damage":0.0,"enemies":"Lagavulin","floor":8.0,"turns":1.0},{"damage":0.0,"enemies":"2 Louse","floor":10.0,"turns":3.0},{"damage":0.0,"enemies":"Small Slimes","floor":14.0,"turns":1.0},{"damage":0.0,"enemies":"The Guardian","floor":16.0,"turns":16.0},{"damage":0.0,"enemies":"3 Byrds","floor":18.0,"turns":6.0},{"damage":6.0,"enemies":"Chosen","floor":20.0,"turns":5.0},{"damage":9.0,"enemies":"Snake Plant","floor":22.0,"turns":8.0},{"damage":25.0,"enemies":"Gremlin Leader","floor":24.0,"turns":11.0},{"damage":13.0,"enemies":"Colosseum Slavers","floor":27.0,"turns":4.0},{"damage":3.0,"enemies":"Snecko","floor":28.0,"turns":7.0},{"damage":0.0,"enemies":"Centurion and Healer","floor":31.0,"turns":8.0},{"damage":9.0,"enemies":"Automaton","floor":33.0,"turns":19.0},{"damage":0.0,"enemies":"3 Shapes","floor":35.0,"turns":5.0},{"damage":0.0,"enemies":"Giant Head","floor":41.0,"turns":8.0},{"damage":0.0,"enemies":"Orb Walker","floor":45.0,"turns":4.0},{"damage":0.0,"enemies":"Reptomancer","floor":47.0,"turns":3.0},{"damage":52,"enemies":"Time Eater","floor":50,"turns":7}],"seed_played":"5002106082118277285","potions_obtained":[{"floor":1.0,"key":"Weak Potion"},{"floor":8.0,"key":"Regen Potion"}],"is_trial":false,"path_per_floor":["M","?","?","$","?","E","$","E","T","M","R","?","R","M","R","B",null,"M","$","M","?","M","R","E","R","T","?","M","?","$","M","R","B",null,"M","?","?","?","$","R","E","R","T","?","M","$","E","?","R","B"],"character_chosen":"THE_SILENT","items_purchased":["Infinite Blades","Membership Card","Accuracy","Impatience","Centennial Puzzle","Oddly Smooth Stone","Blood Vial","Well Laid Plans","Toy Ornithopter"],"campfire_rested":0,"item_purchase_floors":[30,39,39,39,39,46,46,46,46],"current_hp_per_floor":[59,59,41,41,41,41,41,41,41,41,41,30,30,30,30,30,53,53,53,47,47,53,53,28,28,28,15,12,12,12,12,12,3,46,46,46,46,46,46,46,46,46,46,46,46,46,48,48,48,0],"gold":919,"neow_bonus":"THREE_ENEMY_KILL","is_prod":false,"is_daily":false,"chose_seed":false,"campfire_upgraded":7,"win_rate":0,"timestamp":1566265545,"path_taken":["M","?","?","$","?","E","$","E","T","M","R","?","R","M","R","BOSS","M","$","M","?","M","R","E","R","T","?","M","?","$","M","R","BOSS","M","?","?","?","$","R","E","R","T","?","?","$","E","?","R","BOSS"],"build_version":"2019-07-17","purchased_purges":5,"victory":false,"max_hp_per_floor":[66,60,60,60,60,60,60,60,60,60,60,60,60,60,60,60,60,60,60,60,60,60,60,60,60,60,60,60,60,60,60,60,60,60,60,60,57,57,57,57,57,57,57,57,57,57,57,57,57,57],"card_choices":[{"not_picked":["Setup","Eviscerate","Blade Dance"],"picked":"SKIP","floor":1.0},{"not_picked":["Slice","Blur","Dagger Spray"],"picked":"SKIP","floor":6.0},{"not_picked":["Slice","Blur","Dagger Spray"],"picked":"SKIP","floor":6.0},{"not_picked":["Venomology","Underhanded Strike"],"picked":"Masterful Stab","floor":8.0},{"not_picked":["Flying Knee","Slice","Dash"],"picked":"SKIP","floor":10.0},{"not_picked":["Flying Knee","Slice","Dash"],"picked":"SKIP","floor":10.0},{"not_picked":["Finisher","Dash"],"picked":"Blade Dance","floor":14.0},{"not_picked":["Phantasmal Killer","Envenom"],"picked":"After Image","floor":16.0},{"not_picked":["Bane","Poisoned Stab"],"picked":"Acrobatics","floor":18.0},{"not_picked":["Infinite Blades","Finisher"],"picked":"Cloak And Dagger","floor":20.0},{"not_picked":["All Out Attack","Deflect","Expertise"],"picked":"SKIP","floor":22.0},{"not_picked":["Skewer","Poisoned Stab","Slice"],"picked":"SKIP","floor":24.0},{"not_picked":["Acrobatics","Underhanded Strike","Slice"],"picked":"SKIP","floor":28.0},{"not_picked":["Prepared","Dodge and Roll","Distraction"],"picked":"SKIP","floor":31.0},{"not_picked":["Malaise","Die Die Die"],"picked":"Corpse Explosion","floor":33.0},{"not_picked":["Quick Slash+1","Blade Dance","Endless Agony+1"],"picked":"SKIP","floor":35.0},{"not_picked":["Dagger Throw","Bouncing Flask","Corpse Explosion"],"picked":"SKIP","floor":41.0},{"not_picked":["Footwork","Outmaneuver","Sucker Punch+1"],"picked":"SKIP","floor":45.0},{"not_picked":["Deadly Poison","Sucker Punch","Slice+1"],"picked":"SKIP","floor":47.0}],"player_experience":846377,"relics_obtained":[{"floor":6.0,"key":"Peace Pipe"},{"floor":8.0,"key":"Kunai"},{"floor":9.0,"key":"Omamori"},{"floor":24.0,"key":"MawBank"},{"floor":26.0,"key":"Vajra"},{"floor":41.0,"key":"Boot"},{"floor":47.0,"key":"Darkstone Periapt"}],"event_choices":[{"damage_healed":0.0,"max_hp_gain":0.0,"max_hp_loss":6.0,"gold_gain":0.0,"event_name":"Golden Idol","player_choice":"Lose Max HP","floor":2.0,"gold_loss":0.0,"damage_taken":0.0,"relics_obtained":["Golden Idol"]},{"damage_healed":0.0,"max_hp_gain":0.0,"max_hp_loss":0.0,"gold_gain":0.0,"event_name":"Shining Light","player_choice":"Entered Light","floor":3.0,"gold_loss":0.0,"damage_taken":18.0,"cards_upgraded":["Strike_G","Strike_G"]},{"damage_healed":0.0,"max_hp_gain":0.0,"max_hp_loss":0.0,"gold_gain":0.0,"cards_transformed":["Strike_G"],"event_name":"Living Wall","player_choice":"Change","floor":5.0,"gold_loss":0.0,"damage_taken":0.0,"cards_obtained":["Adrenaline"]},{"damage_healed":0.0,"max_hp_gain":0.0,"max_hp_loss":0.0,"gold_gain":0.0,"event_name":"Scrap Ooze","player_choice":"Success","floor":12.0,"gold_loss":0.0,"damage_taken":11.0,"relics_obtained":["Gremlin Horn"]},{"damage_healed":0.0,"max_hp_gain":0.0,"max_hp_loss":0.0,"gold_gain":0.0,"cards_transformed":["Strike_G","Strike_G"],"event_name":"Drug Dealer","player_choice":"Became Test Subject","floor":21.0,"gold_loss":0.0,"damage_taken":0.0,"cards_obtained":["Riddle With Holes","Dagger Throw"]},{"damage_healed":0.0,"max_hp_gain":0.0,"max_hp_loss":0.0,"gold_gain":0.0,"event_name":"Colosseum","player_choice":"Fight","floor":27.0,"gold_loss":0.0,"damage_taken":0.0},{"damage_healed":0.0,"max_hp_gain":0.0,"max_hp_loss":0.0,"gold_gain":0.0,"event_name":"Colosseum","player_choice":"Fled From Nobs","floor":27.0,"gold_loss":0.0,"damage_taken":0.0},{"damage_healed":0.0,"max_hp_gain":0.0,"max_hp_loss":0.0,"gold_gain":100.0,"event_name":"The Joust","player_choice":"Bet on Murderer","floor":29.0,"gold_loss":50.0,"damage_taken":0.0},{"damage_healed":0.0,"max_hp_gain":0.0,"max_hp_loss":0.0,"gold_gain":999.0,"event_name":"MindBloom","player_choice":"Gold","floor":36.0,"gold_loss":0.0,"damage_taken":0.0,"cards_obtained":["Normality","Normality"]},{"damage_healed":0.0,"max_hp_gain":0.0,"max_hp_loss":3.0,"gold_gain":0.0,"event_name":"Winding Halls","player_choice":"Max HP","floor":37.0,"gold_loss":0.0,"damage_taken":0.0},{"damage_healed":0.0,"max_hp_gain":0.0,"max_hp_loss":0.0,"gold_gain":333.0,"event_name":"The Moai Head","player_choice":"Gave Idol","floor":38.0,"relics_lost":["Golden Idol"],"gold_loss":0.0,"damage_taken":0.0},{"damage_healed":0.0,"max_hp_gain":0.0,"max_hp_loss":0.0,"gold_gain":0.0,"event_name":"SensoryStone","player_choice":"Memory 1","floor":44.0,"gold_loss":0.0,"damage_taken":0.0},{"damage_healed":0.0,"max_hp_gain":0.0,"max_hp_loss":0.0,"gold_gain":0.0,"cards_transformed":["Defend_G"],"event_name":"Transmorgrifier","player_choice":"Transformed","floor":48.0,"gold_loss":0.0,"damage_taken":0.0,"cards_obtained":["Grand Finale"]}],"is_beta":false,"boss_relics":[{"not_picked":["White Beast Statue","HoveringKite"],"picked":"Sozu"},{"not_picked":["Philosopher\u0027s Stone","Pandora\u0027s Box"],"picked":"Empty Cage"}],"items_purged_floors":[4,19,30,39,46],"is_endless":false,"potions_floor_spawned":[1,8,10,20,22,31,33,45,47],"killed_by":"Time Eater","ascension_level":20}