{"gold_per_floor":[117,117,42,59,59,89,89,109,188,188,220,235,251,286,286,365,365,383,345,345,103,117,117,128,128,128,28,28,40,70,99,111,202,214,241,253,89,89,89,89,89],"floor_reached":41,"playtime":2896,"items_purged":["Regret","Pain","Writhe"],"score":734,"play_id":"3f17aedb-72cc-4b53-b408-a208deb70372","local_time":"20181009144126","is_ascension_mode":true,"campfire_choices":[{"data":"Streamline","floor":7,"key":"SMITH"},{"data":"Hologram","floor":10,"key":"SMITH"},{"data":"Creative AI","floor":15,"key":"SMITH"},{"data":"Multi-Cast","floor":23,"key":"SMITH"},{"data":"Capacitor","floor":25,"key":"SMITH"},{"data":"Echo Form","floor":29,"key":"SMITH"},{"floor":32,"key":"REST"},{"data":"Hologram","floor":40,"key":"SMITH"}],"neow_cost":"CURSE","seed_source_timestamp":700643978031035,"circlet_count":0,"master_deck":["Strike_B","Strike_B","Strike_B","Strike_B","Defend_B","Defend_B","Defend_B","Defend_B","Zap+1","Dualcast","AscendersBane","Electrodynamics","Streamline+1","Leap","BootSequence","Hologram+1","Turbo+1","Creative AI+1","Glacier","Hologram+1","Echo Form+1","Capacitor+1","Multi-Cast+1","Ball Lightning","Ball Lightning+1","Purity"],"relics":["Cracked Core","Bag of Preparation","Symbiotic Virus","Meat on the Bone","Kunai","Cursed Key","Cables","Gremlin Horn","MawBank","Runic Pyramid"],"potions_floor_usage":[16,18,30,33,33,41],"damage_taken":[{"damage":4,"enemies":"Cultist","floor":1,"turns":3},{"damage":2,"enemies":"Jaw Worm","floor":4,"turns":3},{"damage":15,"enemies":"3 Sentries","floor":6,"turns":4},{"damage":0,"enemies":"2 Louse","floor":8,"turns":1},{"damage":22,"enemies":"Lagavulin","floor":11,"turns":6},{"damage":0,"enemies":"Red Slaver","floor":12,"turns":3},{"damage":2,"enemies":"3 Louse","floor":13,"turns":3},{"damage":16,"enemies":"3 Sentries","floor":14,"turns":4},{"damage":5,"enemies":"Hexaghost","floor":16,"turns":13},{"damage":17,"enemies":"2 Thieves","floor":18,"turns":4},{"damage":0,"enemies":"Chosen","floor":22,"turns":3},{"damage":10,"enemies":"Snake Plant","floor":24,"turns":3},{"damage":0,"enemies":"Snecko","floor":30,"turns":4},{"damage":2,"enemies":"Centurion and Healer","floor":31,"turns":7},{"damage":49,"enemies":"Collector","floor":33,"turns":8},{"damage":32,"enemies":"3 Darklings","floor":35,"turns":7},{"damage":51,"enemies":"Giant Head","floor":41,"turns":10}],"seed_played":"8305203684844031357","potions_obtained":[{"floor":4,"key":"Explosive Potion"},{"floor":11,"key":"GamblersBrew"},{"floor":12,"key":"Energy Potion"},{"floor":13,"key":"Weak Potion"},{"floor":16,"key":"Regen Potion"},{"floor":22,"key":"Regen Potion"},{"floor":30,"key":"Block Potion"}],"is_trial":false,"path_per_floor":["M","?","$","M","?","E","R","M","T","R","E","M","M","E","R","B",null,"M","$","?","$","M","R","M","R","T","$","?","R","M","M","R","B",null,"M","?","$","?","?","R"],"character_chosen":"DEFECT","items_purchased":["Capacitor","Cables","Dexterity Potion"],"campfire_rested":1,"item_purchase_floors":[19,21,37],"current_hp_per_floor":[60,65,65,63,63,48,48,48,48,48,26,38,48,44,44,39,67,50,50,50,50,50,50,40,40,40,40,40,40,49,47,69,47,69,49,49,49,49,49,49,0],"gold":89,"neow_bonus":"THREE_RARE_CARDS","is_prod":false,"is_daily":false,"chose_seed":false,"campfire_upgraded":7,"win_rate":0,"timestamp":1539110486,"path_taken":["M","?","$","?","?","E","R","M","T","R","E","?","M","E","R","BOSS","M","$","?","$","?","R","M","R","T","$","?","R","M","?","R","BOSS","M","?","$","?","?","R","E"],"build_version":"2018-10-04v2","purchased_purges":3,"victory":false,"max_hp_per_floor":[71,76,76,76,76,76,76,76,76,76,76,76,76,76,76,76,76,76,76,76,76,76,76,76,76,76,76,76,76,76,76,76,76,76,76,76,76,76,76,76,76],"card_choices":[{"not_picked":["Biased Cognition","Amplify"],"picked":"Electrodynamics","floor":0},{"not_picked":["Cold Snap","Stack"],"picked":"Streamline","floor":1},{"not_picked":["Aggregate","Hello World"],"picked":"Leap","floor":4},{"not_picked":["Cold Snap","Compile Driver"],"picked":"BootSequence","floor":6},{"not_picked":["Reinforced Body","Consume"],"picked":"Hologram","floor":8},{"not_picked":["Double Energy","Sunder"],"picked":"Turbo","floor":11},{"not_picked":["Skim","Genetic Algorithm"],"picked":"Creative AI","floor":12},{"not_picked":["Leap","Sweeping Beam"],"picked":"Glacier","floor":13},{"not_picked":["Loop","Rebound"],"picked":"Hologram","floor":14},{"not_picked":["Meteor Strike","Fission"],"picked":"Echo Form","floor":16},{"not_picked":["Stack","Leap","Hologram"],"picked":"SKIP","floor":18},{"not_picked":["Redo","Tempest"],"picked":"Multi-Cast","floor":22},{"not_picked":["Fusion","Streamline","Aggregate"],"picked":"SKIP","floor":24},{"not_picked":["Tempest","Gash","Chaos+1"],"picked":"SKIP","floor":30},{"not_picked":["Melter","Stack"],"picked":"Ball Lightning","floor":31},{"not_picked":["Compile Driver","Fusion"],"picked":"Ball Lightning+1","floor":35},{"not_picked":["Deep Breath","Sadistic Nature"],"picked":"Purity","floor":38}],"player_experience":506077,"relics_obtained":[{"floor":6,"key":"Bag of Preparation"},{"floor":9,"key":"Symbiotic Virus"},{"floor":11,"key":"Meat on the Bone"},{"floor":14,"key":"Kunai"},{"floor":26,"key":"Gremlin Horn"}],"event_choices":[{"event_name":"Big Fish","player_choice":"Donut","floor":2,"damage_taken":0},{"event_name":"Liars Game","player_choice":"disagreed","floor":5,"damage_taken":0},{"event_name":"Ghosts","player_choice":"Ignored","floor":20,"damage_taken":0},{"event_name":"The Mausoleum","player_choice":"Yes","floor":28,"damage_taken":0},{"event_name":"Accursed Blacksmith","player_choice":"Forge","floor":36,"damage_taken":0},{"event_name":"SensoryStone","player_choice":"Memory 1","floor":38,"damage_taken":0},{"event_name":"Upgrade Shrine","player_choice":"Upgraded","floor":39,"damage_taken":0}],"is_beta":false,"boss_relics":[{"not_picked":["Velvet Choker","Ectoplasm"],"picked":"Cursed Key"},{"not_picked":["Black Star","FrozenCore"],"picked":"Runic Pyramid"}],"items_purged_floors":[3,27,37],"is_endless":false,"potions_floor_spawned":[4,11,12,13,16,22,24,30],"killed_by":"Giant Head","ascension_level":14}