{"gold_per_floor":[367,120,120,138,138,138,151,185,185,521,545,129,129,404,404,494,494,508,529,529,529,185,221,221,234,234,234,175,195,195,54,54,150,150,173,173,196,529,629,629,639,639,639,650,650,665,665,0,0,0],"floor_reached":51,"playtime":5334,"items_purged":["Strike_B"],"score":1252,"play_id":"ea90679f-9303-4c08-aa1c-4fa1f548363f","local_time":"20181103142904","is_ascension_mode":true,"campfire_choices":[{"data":"Streamline","floor":6,"key":"SMITH"},{"floor":13,"key":"REST"},{"floor":15,"key":"REST"},{"floor":24,"key":"REST"},{"data":"Ghostly","floor":27,"key":"SMITH"},{"floor":30,"key":"REST"},{"floor":32,"key":"REST"},{"data":"Ghostly","floor":40,"key":"SMITH"},{"data":"Ghostly","floor":42,"key":"SMITH"},{"data":"Capacitor","floor":45,"key":"SMITH"},{"data":"Consume","floor":49,"key":"SMITH"}],"neow_cost":"TEN_PERCENT_HP_LOSS","seed_source_timestamp":176743674735088,"circlet_count":0,"master_deck":["AscendersBane","Zap+1","Dualcast","Glacier","Streamline+1","Ball Lightning","Ball Lightning","Chill","FTL","Capacitor+1","Self Repair+1","Echo Form+1","Go for the Eyes+1","Ghostly+1","Ghostly+1","Ghostly+1","Self Repair+1","Seek","Coolheaded","Fusion","Hello World+1","Chill","Consume+1","Recycle","Beam Cell","Conserve Battery+1","Parasite","Darkness"],"relics":["Cracked Core","Omamori","Incense Burner","Shuriken","Old Coin","Frozen Egg 2","Cursed Key","Emotion Chip","The Courier","Pen Nib","Pandora\u0027s Box","Ice Cream","Red Mask"],"potions_floor_usage":[16,19,23,33,50],"damage_taken":[{"damage":1,"enemies":"Small Slimes","floor":1,"turns":4},{"damage":7,"enemies":"Jaw Worm","floor":4,"turns":3},{"damage":0,"enemies":"Cultist","floor":7,"turns":2},{"damage":24,"enemies":"Gremlin Nob","floor":8,"turns":4},{"damage":26,"enemies":"3 Sentries","floor":10,"turns":7},{"damage":1,"enemies":"Looter","floor":11,"turns":3},{"damage":11,"enemies":"The Guardian","floor":16,"turns":9},{"damage":9,"enemies":"Spheric Guardian","floor":18,"turns":4},{"damage":0,"enemies":"Chosen","floor":19,"turns":5},{"damage":31,"enemies":"Slavers","floor":23,"turns":7},{"damage":4,"enemies":"Centurion and Healer","floor":25,"turns":7},{"damage":24,"enemies":"Cultist and Chosen","floor":29,"turns":6},{"damage":23,"enemies":"Automaton","floor":33,"turns":9},{"damage":10,"enemies":"3 Shapes","floor":35,"turns":10},{"damage":17,"enemies":"Orb Walker","floor":37,"turns":5},{"damage":0,"enemies":"Mind Bloom Boss Battle","floor":39,"turns":8},{"damage":0,"enemies":"Maw","floor":41,"turns":8},{"damage":0,"enemies":"Jaw Worm Horde","floor":44,"turns":7},{"damage":2,"enemies":"Writhing Mass","floor":46,"turns":10},{"damage":26,"enemies":"Time Eater","floor":50,"turns":21}],"seed_played":"-4450373011118652860","potions_obtained":[{"floor":1,"key":"SpeedPotion"},{"floor":8,"key":"Ancient Potion"},{"floor":19,"key":"EssenceOfSteel"},{"floor":23,"key":"Energy Potion"},{"floor":33,"key":"Energy Potion"},{"floor":39,"key":"Fire Potion"}],"is_trial":false,"path_per_floor":["M","$","?","M","?","R","M","E","T","E","M","$","R","?","R","B",null,"M","M","$","?","$","E","R","M","T","R","?","M","R","$","R","B",null,"M","?","M","?","?","R","M","R","T","M","R","M","?","?","R","B",null],"character_chosen":"DEFECT","items_purchased":["Omamori","Streamline","Ball Lightning","Frozen Egg 2","Self Repair+1","Emotion Chip","FocusPotion","Self Repair+1"],"campfire_rested":5,"item_purchase_floors":[2,2,2,12,12,22,31,31],"current_hp_per_floor":[63,63,63,56,56,56,56,32,32,6,5,5,24,24,43,42,59,60,64,64,32,32,11,20,26,26,26,26,12,21,21,30,27,31,32,30,30,30,30,30,30,30,30,30,30,30,30,30,30,14],"gold":0,"neow_bonus":"TWO_FIFTY_GOLD","is_prod":false,"is_daily":false,"chose_seed":false,"campfire_upgraded":6,"win_rate":0,"timestamp":1541269744,"path_taken":["M","$","?","M","?","R","M","E","T","E","?","$","R","?","R","BOSS","M","?","$","?","$","E","R","M","T","R","?","?","R","?","R","BOSS","M","?","M","?","?","R","M","R","T","M","R","M","?","?","R","BOSS"],"build_version":"2018-11-01","purchased_purges":1,"victory":true,"max_hp_per_floor":[64,64,64,64,64,64,64,64,64,64,64,64,64,64,64,64,64,64,64,64,32,32,32,32,32,32,32,32,32,32,32,32,32,32,32,30,30,30,30,30,30,30,30,30,30,30,30,30,30,30],"card_choices":[{"not_picked":["Sunder","Cold Snap"],"picked":"Glacier","floor":1},{"not_picked":["Turbo","Skim"],"picked":"Ball Lightning","floor":4},{"not_picked":["Coolheaded","Sweeping Beam"],"picked":"Chill","floor":7},{"not_picked":["Redo","Leap","Aggregate"],"picked":"SKIP","floor":8},{"not_picked":["Hyperbeam","Steam Power"],"picked":"FTL","floor":10},{"not_picked":["Hologram","Compile Driver"],"picked":"Capacitor","floor":11},{"not_picked":["Machine Learning+1","All For One"],"picked":"Echo Form+1","floor":16},{"not_picked":["Turbo","Redo","Force Field"],"picked":"SKIP","floor":18},{"not_picked":["Gash","Compile Driver"],"picked":"Go for the Eyes+1","floor":19},{"not_picked":["Gash","Aggregate+1","Scrape"],"picked":"SKIP","floor":23},{"not_picked":["Redo","Streamline","Recycle"],"picked":"SKIP","floor":25},{"not_picked":["Auto Shields","Heatsinks+1","Streamline"],"picked":"SKIP","floor":29},{"not_picked":["Reboot","Echo Form+1"],"picked":"Seek","floor":33},{"not_picked":["Undo","Storm+1","Ball Lightning"],"picked":"SKIP","floor":35},{"not_picked":["Leap","Recycle"],"picked":"Conserve Battery+1","floor":37},{"not_picked":["Consume","Redo","Auto Shields+1"],"picked":"SKIP","floor":41},{"not_picked":["Consume","Redo","Auto Shields+1"],"picked":"SKIP","floor":41},{"not_picked":["Auto Shields","Scrape","Steam"],"picked":"SKIP","floor":44},{"not_picked":["Leap","Cold Snap"],"picked":"Darkness","floor":46}],"player_experience":658215,"relics_obtained":[{"floor":8,"key":"Incense Burner"},{"floor":9,"key":"Shuriken"},{"floor":10,"key":"Old Coin"},{"floor":23,"key":"The Courier"},{"floor":39,"key":"Ice Cream"}],"event_choices":[{"damage_healed":0,"gold_gain":0,"player_choice":"Take Wound","damage_taken":0,"relics_obtained":["Golden Idol"],"max_hp_gain":0,"max_hp_loss":0,"event_name":"Golden Idol","floor":3,"gold_loss":0,"cards_obtained":["Injury"]},{"damage_healed":0,"gold_gain":0,"player_choice":"Upgraded","damage_taken":0,"max_hp_gain":0,"max_hp_loss":0,"event_name":"Upgrade Shrine","floor":5,"gold_loss":0,"cards_upgraded":["Zap"]},{"damage_healed":0,"gold_gain":275,"player_choice":"Desecrate","damage_taken":0,"max_hp_gain":0,"max_hp_loss":0,"event_name":"Golden Shrine","floor":14,"gold_loss":0,"cards_obtained":["Regret"]},{"damage_healed":0,"gold_gain":0,"player_choice":"Became a Ghost","damage_taken":0,"max_hp_gain":0,"max_hp_loss":32,"event_name":"Ghosts","floor":21,"gold_loss":0,"cards_obtained":["Ghostly","Ghostly","Ghostly"]},{"damage_healed":0,"gold_gain":0,"player_choice":"Paid Gold","damage_taken":0,"relics_obtained":["Pen Nib"],"max_hp_gain":0,"max_hp_loss":0,"event_name":"WeMeetAgain","floor":28,"gold_loss":59},{"damage_healed":0,"gold_gain":0,"player_choice":"Max HP","damage_taken":0,"max_hp_gain":0,"max_hp_loss":2,"event_name":"Winding Halls","floor":36,"gold_loss":0},{"damage_healed":0,"gold_gain":333,"player_choice":"Gave Idol","damage_taken":0,"max_hp_gain":0,"max_hp_loss":0,"event_name":"The Moai Head","floor":38,"relics_lost":["Golden Idol"],"gold_loss":0},{"damage_healed":0,"gold_gain":0,"player_choice":"Fight","damage_taken":0,"max_hp_gain":0,"max_hp_loss":0,"event_name":"MindBloom","floor":39,"gold_loss":0},{"damage_healed":0,"gold_gain":0,"player_choice":"Memory 1","damage_taken":0,"max_hp_gain":0,"max_hp_loss":0,"event_name":"SensoryStone","floor":47,"gold_loss":0},{"damage_healed":0,"gold_gain":0,"player_choice":"Paid","damage_taken":0,"relics_obtained":["Red Mask"],"max_hp_gain":0,"max_hp_loss":0,"event_name":"Tomb of Lord Red Mask","floor":48,"gold_loss":665}],"is_beta":false,"boss_relics":[{"not_picked":["Philosopher\u0027s Stone","Busted Crown"],"picked":"Cursed Key"},{"not_picked":["Snecko Eye","Velvet Choker"],"picked":"Pandora\u0027s Box"}],"items_purged_floors":[12],"is_endless":false,"potions_floor_spawned":[1,8,10,19,23,33,39,41,46],"ascension_level":18}