{"gold_per_floor":[13,13,63,74,85,85,100,114,137,137,137,152,152,184,184,259,259,272,282,282,293,343,343,360,285,310,326,338,338,356,271,271,343,343,361,361,361,261,40,40,68,68,91,91,104,114,143,153,153,153,153,153,153,98,131,131],"floor_reached":57,"playtime":2718,"items_purged":["Cloak And Dagger","Predator+1"],"score":3153,"play_id":"e9ff5a8f-db9f-4c5f-bc95-a12e421d79e1","local_time":"20190815001650","is_ascension_mode":true,"campfire_choices":[{"data":"Neutralize","floor":6.0,"key":"SMITH"},{"data":"Well Laid Plans","floor":11.0,"key":"SMITH"},{"data":"Deadly Poison","floor":15.0,"key":"SMITH"},{"data":"Tactician","floor":23.0,"key":"SMITH"},{"data":"Acrobatics","floor":29.0,"key":"SMITH"},{"data":"Expertise","floor":32.0,"key":"SMITH"},{"floor":40.0,"key":"RECALL"},{"data":"Calculated Gamble","floor":49.0,"key":"SMITH"},{"floor":53.0,"key":"REST"}],"neow_cost":"NO_GOLD","seed_source_timestamp":1579067302707200,"circlet_count":0,"master_deck":["AscendersBane","Survivor+1","Neutralize+1","Well Laid Plans+1","Deadly Poison+1","After Image+1","Dodge and Roll+1","Eviscerate+1","Concentrate+1","Prepared+1","Expertise+1","Tactician+1","Acrobatics+1","Backflip+1","Acrobatics+1","After Image+1","Neutralize+1","Calculated Gamble+1"],"special_seed":0,"relics":["Ring of the Snake","Whetstone","Bronze Scales","Pandora\u0027s Box","Blood Vial","PreservedInsect","WristBlade","Mark of the Bloom","DollysMirror","The Specimen","Molten Egg 2","Ornamental Fan"],"potions_floor_usage":[56],"damage_taken":[{"damage":2.0,"enemies":"2 Louse","floor":1.0,"turns":4.0},{"damage":1.0,"enemies":"Cultist","floor":4.0,"turns":5.0},{"damage":1.0,"enemies":"Jaw Worm","floor":5.0,"turns":6.0},{"damage":0.0,"enemies":"Looter","floor":7.0,"turns":4.0},{"damage":9.0,"enemies":"Blue Slaver","floor":8.0,"turns":4.0},{"damage":5.0,"enemies":"Gremlin Gang","floor":12.0,"turns":4.0},{"damage":6.0,"enemies":"Gremlin Nob","floor":14.0,"turns":3.0},{"damage":0.0,"enemies":"The Guardian","floor":16.0,"turns":9.0},{"damage":4.0,"enemies":"3 Byrds","floor":18.0,"turns":3.0},{"damage":5.0,"enemies":"2 Thieves","floor":19.0,"turns":4.0},{"damage":0.0,"enemies":"Shelled Parasite and Fungi","floor":21.0,"turns":3.0},{"damage":0.0,"enemies":"Snake Plant","floor":24.0,"turns":3.0},{"damage":0.0,"enemies":"Snecko","floor":27.0,"turns":3.0},{"damage":0.0,"enemies":"Chosen and Byrds","floor":28.0,"turns":2.0},{"damage":16.0,"enemies":"Centurion and Healer","floor":30.0,"turns":6.0},{"damage":0.0,"enemies":"Collector","floor":33.0,"turns":1.0},{"damage":0.0,"enemies":"3 Darklings","floor":35.0,"turns":2.0},{"damage":0.0,"enemies":"Nemesis","floor":41.0,"turns":1.0},{"damage":0.0,"enemies":"3 Shapes","floor":45.0,"turns":1.0},{"damage":0.0,"enemies":"3 Darklings","floor":46.0,"turns":1.0},{"damage":0.0,"enemies":"Reptomancer","floor":47.0,"turns":1.0},{"damage":0.0,"enemies":"4 Shapes","floor":48.0,"turns":1.0},{"damage":0.0,"enemies":"Donu and Deca","floor":50.0,"turns":2.0},{"damage":0.0,"enemies":"Time Eater","floor":51.0,"turns":11.0},{"damage":0.0,"enemies":"Shield and Spear","floor":55.0,"turns":1.0},{"damage":3,"enemies":"The Heart","floor":56,"turns":4}],"seed_played":"-6206068431975752076","potions_obtained":[{"floor":7.0,"key":"Weak Potion"},{"floor":8.0,"key":"Strength Potion"},{"floor":16.0,"key":"Strength Potion"},{"floor":21.0,"key":"Poison Potion"},{"floor":55.0,"key":"GamblersBrew"}],"is_trial":false,"path_per_floor":["M","$","?","M","M","R","M","M","T","?","R","M","?","E","R","B",null,"M","M","?","M","?","R","M","$","T","M","M","R","M","?","R","B",null,"M","?","?","$","$","R","E","?","T","$","M","M","E","M","R","B","B",null,"R","$","E","B",null],"character_chosen":"THE_SILENT","items_purchased":["DollysMirror","Swift Potion"],"campfire_rested":1,"item_purchase_floors":[39,54],"current_hp_per_floor":[57,57,57,56,55,55,55,46,46,39,39,34,34,28,28,28,57,53,48,48,48,48,48,48,48,48,50,52,52,52,52,52,54,63,65,65,63,63,63,63,63,63,63,63,63,63,63,63,63,63,63,63,63,63,63,60],"gold":131,"neow_bonus":"REMOVE_TWO","is_prod":false,"is_daily":false,"chose_seed":false,"campfire_upgraded":7,"win_rate":0,"timestamp":1565799410,"path_taken":["M","$","?","M","M","R","?","M","T","?","R","M","?","E","R","BOSS","M","M","?","M","?","R","M","$","T","M","?","R","?","?","R","BOSS","M","?","?","?","$","R","E","?","T","$","M","M","E","M","R","BOSS","BOSS","R","$","E","BOSS"],"build_version":"2019-07-17","purchased_purges":2,"victory":true,"max_hp_per_floor":[66,66,66,66,66,66,66,66,66,66,66,66,66,66,66,66,66,66,66,66,66,66,66,66,66,66,66,66,66,66,66,66,66,66,66,66,63,63,63,63,63,63,63,63,63,63,63,63,63,63,63,63,63,63,63,63],"card_choices":[{"not_picked":["Underhanded Strike","Masterful Stab"],"picked":"Well Laid Plans","floor":1.0},{"not_picked":["Acrobatics","Sucker Punch","Bane"],"picked":"SKIP","floor":4.0},{"not_picked":["Outmaneuver","Expertise","Skewer"],"picked":"SKIP","floor":5.0},{"not_picked":["Expertise","All Out Attack"],"picked":"Predator","floor":7.0},{"not_picked":["Dagger Spray","Prepared","Blade Dance"],"picked":"SKIP","floor":8.0},{"not_picked":["Venomology","Distraction"],"picked":"Deadly Poison","floor":12.0},{"not_picked":["Riddle With Holes","Underhanded Strike","Choke"],"picked":"SKIP","floor":14.0},{"not_picked":["Venomology","A Thousand Cuts"],"picked":"After Image","floor":16.0},{"not_picked":["PiercingWail","Noxious Fumes"],"picked":"Tactician","floor":18.0},{"not_picked":["Blur","Quick Slash"],"picked":"Acrobatics","floor":19.0},{"not_picked":["Dagger Throw","Dodge and Roll"],"picked":"Backflip","floor":21.0},{"not_picked":["Quick Slash","Reflex","All Out Attack"],"picked":"SKIP","floor":24.0},{"not_picked":["Quick Slash","Reflex","All Out Attack"],"picked":"SKIP","floor":24.0},{"not_picked":["Reflex","Concentrate","Escape Plan"],"picked":"SKIP","floor":27.0},{"not_picked":["Prepared","Deflect"],"picked":"Acrobatics","floor":28.0},{"not_picked":["Tactician","Outmaneuver","Sucker Punch+1"],"picked":"SKIP","floor":30.0},{"not_picked":["Envenom","Venomology"],"picked":"After Image","floor":33.0},{"not_picked":["Deadly Poison","Escape Plan","Skewer"],"picked":"SKIP","floor":35.0},{"not_picked":["Acrobatics+1","Expertise","Footwork"],"picked":"SKIP","floor":41.0},{"not_picked":["Backstab","Dagger Spray","Masterful Stab"],"picked":"SKIP","floor":45.0},{"not_picked":["Dodge and Roll","Dagger Spray","Slice"],"picked":"SKIP","floor":46.0},{"not_picked":["Distraction","Storm of Steel"],"picked":"Calculated Gamble","floor":47.0},{"not_picked":["Sucker Punch+1","Outmaneuver","Acrobatics+1"],"picked":"SKIP","floor":48.0},{"not_picked":["Expertise","Riddle With Holes+1","Blur"],"picked":"SKIP","floor":55.0}],"player_experience":803557,"relics_obtained":[{"floor":9.0,"key":"Whetstone"},{"floor":14.0,"key":"Bronze Scales"},{"floor":26.0,"key":"Blood Vial"},{"floor":41.0,"key":"The Specimen"},{"floor":47.0,"key":"Molten Egg 2"},{"floor":55.0,"key":"Ornamental Fan"}],"event_choices":[{"damage_healed":0.0,"max_hp_gain":0.0,"max_hp_loss":0.0,"gold_gain":50.0,"event_name":"Golden Shrine","player_choice":"Pray","floor":3.0,"gold_loss":0.0,"damage_taken":0.0},{"cards_removed":["Strike_G"],"damage_healed":0.0,"max_hp_gain":0.0,"max_hp_loss":0.0,"gold_gain":0.0,"event_name":"Golden Wing","player_choice":"Card Removal","floor":10.0,"gold_loss":0.0,"damage_taken":7.0},{"damage_healed":0.0,"max_hp_gain":0.0,"max_hp_loss":0.0,"gold_gain":0.0,"event_name":"Liars Game","player_choice":"Ignored","floor":13.0,"gold_loss":0.0,"damage_taken":0.0},{"damage_healed":0.0,"max_hp_gain":0.0,"max_hp_loss":0.0,"gold_gain":0.0,"event_name":"The Mausoleum","player_choice":"Ignored","floor":20.0,"gold_loss":0.0,"damage_taken":0.0},{"damage_healed":0.0,"max_hp_gain":0.0,"max_hp_loss":0.0,"gold_gain":100.0,"event_name":"The Joust","player_choice":"Bet on Murderer","floor":22.0,"gold_loss":50.0,"damage_taken":0.0},{"damage_healed":0.0,"max_hp_gain":0.0,"max_hp_loss":0.0,"gold_gain":0.0,"event_name":"Addict","player_choice":"Obtained Relic","floor":31.0,"gold_loss":85.0,"damage_taken":0.0,"relics_obtained":["PreservedInsect"]},{"damage_healed":0.0,"max_hp_gain":0.0,"max_hp_loss":0.0,"gold_gain":0.0,"event_name":"MindBloom","player_choice":"Upgrade","floor":36.0,"gold_loss":0.0,"damage_taken":0.0,"cards_upgraded":["Survivor","After Image","Dodge and Roll","Eviscerate","Venomology","Concentrate","Prepared","Backflip","Acrobatics","After Image"],"relics_obtained":["Mark of the Bloom"]},{"damage_healed":0.0,"max_hp_gain":0.0,"max_hp_loss":3.0,"gold_gain":0.0,"event_name":"Winding Halls","player_choice":"Max HP","floor":37.0,"gold_loss":0.0,"damage_taken":0.0},{"cards_removed":["Venomology"],"damage_healed":0.0,"max_hp_gain":0.0,"max_hp_loss":0.0,"gold_gain":0.0,"event_name":"Falling","player_choice":"Removed Skill","floor":42.0,"gold_loss":0.0,"damage_taken":0.0}],"is_beta":false,"boss_relics":[{"not_picked":["Busted Crown","Runic Pyramid"],"picked":"Pandora\u0027s Box"},{"not_picked":["Fusion Hammer","White Beast Statue"],"picked":"WristBlade"}],"items_purged_floors":[25,38],"is_endless":false,"potions_floor_spawned":[7,8,16,18,21,27,28,35,45,55],"ascension_level":20}