{"gold_per_floor":[117,192,192,117,117,117,132,132,132,132,132,152,166,210,210,210],"floor_reached":16,"playtime":848,"items_purged":["Strike_B"],"score":132,"play_id":"31acfbf3-7c7b-49c9-b3ba-c51ae452287b","local_time":"20180828192748","is_ascension_mode":true,"campfire_choices":[{"data":"Hologram","floor":6,"key":"SMITH"},{"floor":11,"key":"REST"},{"floor":15,"key":"REST"}],"neow_cost":"PERCENT_DAMAGE","seed_source_timestamp":287178902675377,"circlet_count":0,"master_deck":["Strike_B","Defend_B","Defend_B","Defend_B","Defend_B","Zap","Dualcast","Hologram+1","Hologram","BootSequence","Loop"],"relics":["Cracked Core","Emotion Chip","Golden Idol","Mercury Hourglass","Meat on the Bone"],"potions_floor_usage":[14,16,16,16,16],"damage_taken":[{"damage":3,"enemies":"Small Slimes","floor":1,"turns":4},{"damage":2,"enemies":"Jaw Worm","floor":7,"turns":3},{"damage":1,"enemies":"2 Louse","floor":12,"turns":3},{"damage":2,"enemies":"Exordium Thugs","floor":13,"turns":4},{"damage":5,"enemies":"Lagavulin","floor":14,"turns":6},{"damage":50,"enemies":"Slime Boss","floor":16,"turns":7}],"seed_played":"-227743314181400975","potions_obtained":[{"floor":3,"key":"EntropicBrew"},{"floor":3,"key":"PowerPotion"},{"floor":3,"key":"SneckoOil"},{"floor":14,"key":"Strength Potion"}],"is_trial":false,"path_per_floor":["M","?","?","$","?","R","M","?","T","?","R","M","M","E","R"],"character_chosen":"DEFECT","items_purchased":[],"campfire_rested":2,"item_purchase_floors":[],"current_hp_per_floor":[47,36,36,36,29,29,27,9,9,9,31,30,28,23,45,0],"gold":210,"neow_bonus":"REMOVE_TWO","is_prod":false,"is_daily":false,"chose_seed":false,"campfire_upgraded":1,"win_rate":0,"timestamp":1535498868,"path_taken":["M","?","?","$","?","R","?","?","T","?","R","M","?","E","R","BOSS"],"build_version":"2018-08-23v2","purchased_purges":1,"victory":false,"max_hp_per_floor":[75,75,75,75,75,75,75,75,75,75,75,75,75,75,75,75],"card_choices":[{"not_picked":["Conserve Battery","Capacitor"],"picked":"Hologram","floor":1},{"not_picked":["Leap","Cold Snap"],"picked":"Hologram","floor":7},{"not_picked":["Gash","Turbo"],"picked":"BootSequence","floor":12},{"not_picked":["Sweeping Beam","Streamline","Cold Snap"],"picked":"SKIP","floor":13},{"not_picked":["Turbo","Scrape"],"picked":"Loop","floor":14}],"player_experience":282337,"relics_obtained":[{"floor":9,"key":"Mercury Hourglass"},{"floor":14,"key":"Meat on the Bone"}],"event_choices":[{"event_name":"World of Goop","player_choice":"Gather Gold","floor":2,"damage_taken":0},{"event_name":"The Lab","player_choice":"Got Potions","floor":3,"damage_taken":0},{"event_name":"Scrap Ooze","player_choice":"success","floor":5,"damage_taken":7},{"event_name":"Golden Idol","player_choice":"Take Damage","floor":8,"damage_taken":0},{"event_name":"Dead Adventurer","player_choice":"Searched \u00270\u0027 times","floor":10,"damage_taken":0}],"is_beta":false,"boss_relics":[],"items_purged_floors":[4],"is_endless":false,"potions_floor_spawned":[14],"killed_by":"Slime Boss","ascension_level":7}