{"gold_per_floor":[217,217,230,249,177,215,62,62,62,78,92,92,117,157,157,278,278,278,205,205,205,205,205,130,130,130,130,130,130,130,130,130,130,130,130,130,130,130,130,130,130,130,130,130,50,50,50,50,50,50,50,50,50,50,50],"floor_reached":56,"playtime":3439,"items_purged":["Strike_B","Strike_B"],"score":1323,"play_id":"62f071a4-b063-4f34-8088-64cf06c75719","local_time":"20190704000704","is_ascension_mode":true,"campfire_choices":[{"floor":8,"key":"REST"},{"data":"Zap","floor":12,"key":"SMITH"},{"floor":15,"key":"REST"},{"floor":25,"key":"REST"},{"floor":28,"key":"REST"},{"floor":30,"key":"REST"},{"data":"Amplify","floor":32,"key":"SMITH"},{"floor":41,"key":"RECALL"},{"data":"Hologram","floor":46,"key":"SMITH"},{"data":"Loop","floor":49,"key":"SMITH"},{"data":"Glacier","floor":52,"key":"SMITH"}],"neow_cost":"NONE","seed_source_timestamp":396103632385900,"circlet_count":0,"master_deck":["Strike_B","Defend_B","Defend_B","Defend_B","Defend_B+1","Zap+1","Dualcast","Loop+1","Cold Snap","Capacitor+1","Defragment+1","Biased Cognition+1","Heatsinks+1","BootSequence+1","Creative AI+1","Go for the Eyes+1","Defragment+1","Compile Driver","Amplify+1","Glacier+1","Hologram+1","Electrodynamics+1","Cold Snap+1","Defragment+1","Core Surge","Coolheaded+1","Coolheaded+1","Hologram+1","Ball Lightning+1"],"relics":["Cracked Core","Golden Idol","Question Card","Frozen Egg 2","Shuriken","Ectoplasm","War Paint","Pear","Anchor","Sozu","Pocketwatch","Happy Flower","The Courier","Omamori","Cables"],"potions_floor_usage":[6,13,14,16,31,31],"damage_taken":[{"damage":4,"enemies":"Jaw Worm","floor":1,"turns":3},{"damage":1,"enemies":"Cultist","floor":3,"turns":3},{"damage":0,"enemies":"Small Slimes","floor":4,"turns":3},{"damage":32,"enemies":"Gremlin Nob","floor":6,"turns":4},{"damage":7,"enemies":"Blue Slaver","floor":10,"turns":5},{"damage":0,"enemies":"Large Slime","floor":11,"turns":3},{"damage":25,"enemies":"Gremlin Gang","floor":13,"turns":5},{"damage":9,"enemies":"3 Sentries","floor":14,"turns":5},{"damage":27,"enemies":"The Guardian","floor":16,"turns":10},{"damage":18,"enemies":"Spheric Guardian","floor":18,"turns":5},{"damage":1,"enemies":"Shell Parasite","floor":22,"turns":5},{"damage":26,"enemies":"Gremlin Leader","floor":23,"turns":6},{"damage":29,"enemies":"3 Cultists","floor":27,"turns":6},{"damage":8,"enemies":"Shelled Parasite and Fungi","floor":29,"turns":6},{"damage":3,"enemies":"Book of Stabbing","floor":31,"turns":6},{"damage":23,"enemies":"Automaton","floor":33,"turns":10},{"damage":0,"enemies":"Orb Walker","floor":35,"turns":4},{"damage":0,"enemies":"3 Shapes","floor":37,"turns":1},{"damage":15,"enemies":"Mind Bloom Boss Battle","floor":39,"turns":6},{"damage":1,"enemies":"Nemesis","floor":40,"turns":5},{"damage":0,"enemies":"Giant Head","floor":42,"turns":8},{"damage":16,"enemies":"Jaw Worm Horde","floor":44,"turns":4},{"damage":0,"enemies":"Sphere and 2 Shapes","floor":47,"turns":3},{"damage":28,"enemies":"Awakened One","floor":50,"turns":12},{"damage":30,"enemies":"Shield and Spear","floor":54,"turns":6},{"damage":27,"enemies":"The Heart","floor":55,"turns":11}],"seed_played":"-7149106155592694818","potions_obtained":[{"floor":1,"key":"Swift Potion"},{"floor":11,"key":"Weak Potion"},{"floor":13,"key":"Block Potion"},{"floor":14,"key":"Dexterity Potion"},{"floor":23,"key":"Poison Potion"},{"floor":31,"key":"Fruit Juice"},{"floor":33,"key":"SpeedPotion"}],"is_trial":false,"path_per_floor":["M","?","M","M","?","E","$","R","T","M","M","R","M","E","R","B",null,"M","$","?","?","M","E","?","R","T","M","R","M","R","E","R","B",null,"M","?","M","?","?","E","R","E","T","M","$","R","M","?","R","B",null,"R","$","E","B",null],"character_chosen":"DEFECT","items_purchased":["Capacitor+1","Defragment+1"],"campfire_rested":5,"item_purchase_floors":[7,19],"current_hp_per_floor":[71,69,68,68,68,36,36,56,56,49,49,49,24,15,35,8,69,51,51,51,35,34,8,8,28,38,9,32,24,47,49,49,26,84,84,84,84,80,65,64,64,64,64,48,48,48,48,70,70,42,70,70,70,40,13],"gold":50,"neow_bonus":"HUNDRED_GOLD","is_prod":false,"is_daily":false,"chose_seed":false,"campfire_upgraded":5,"win_rate":0,"timestamp":1562213224,"path_taken":["M","?","M","M","?","E","$","R","T","M","M","R","?","E","R","BOSS","M","$","?","?","M","E","?","R","T","M","R","M","R","E","R","BOSS","M","?","?","?","?","E","R","E","T","M","$","R","M","?","R","BOSS","R","$","E","BOSS"],"build_version":"2019-07-01","purchased_purges":2,"victory":true,"max_hp_per_floor":[75,69,69,69,69,69,69,69,69,69,69,69,69,69,69,69,69,69,69,69,69,69,69,69,69,79,79,79,79,79,84,84,84,84,84,84,84,80,80,80,80,80,80,80,80,80,80,70,70,70,70,70,70,70,70],"card_choices":[{"not_picked":["Heatsinks","Barrage"],"picked":"Loop","floor":1},{"not_picked":["Aggregate","Barrage","Beam Cell"],"picked":"SKIP","floor":3},{"not_picked":["Storm","Steam Power","Redo"],"picked":"SKIP","floor":4},{"not_picked":["Blizzard","Barrage","Force Field"],"picked":"Cold Snap","floor":6},{"not_picked":["Chaos","Reprogram","Compile Driver"],"picked":"Defragment+1","floor":10},{"not_picked":["Coolheaded","Streamline","Steam"],"picked":"Biased Cognition+1","floor":11},{"not_picked":["Sunder","Cold Snap","Conserve Battery"],"picked":"Heatsinks+1","floor":13},{"not_picked":["Leap","Redo","Blizzard"],"picked":"BootSequence","floor":14},{"not_picked":["Hyperbeam","Machine Learning+1","Thunder Strike"],"picked":"Creative AI+1","floor":16},{"not_picked":["Consume","Aggregate+1","Stack"],"picked":"Go for the Eyes+1","floor":18},{"not_picked":["Beam Cell","Reprogram","Steam"],"picked":"Compile Driver","floor":22},{"not_picked":["Steam","Conserve Battery","Beam Cell"],"picked":"Amplify","floor":23},{"not_picked":["Gash+1","Steam","Rebound"],"picked":"Glacier","floor":27},{"not_picked":["Leap","Go for the Eyes+1","Beam Cell","Sweeping Beam"],"picked":"SKIP","floor":29},{"not_picked":["Force Field","Cold Snap","Streamline"],"picked":"Hologram","floor":31},{"not_picked":["Thunder Strike","Core Surge","Hyperbeam"],"picked":"Electrodynamics+1","floor":33},{"not_picked":["Go for the Eyes+1","Barrage","Steam Power"],"picked":"Cold Snap+1","floor":35},{"not_picked":["Force Field","Streamline","Cold Snap"],"picked":"Defragment+1","floor":37},{"not_picked":["Chill+1","Hologram","Self Repair+1"],"picked":"Core Surge","floor":39},{"not_picked":["Redo+1","Gash+1","Compile Driver+1","Stack"],"picked":"SKIP","floor":40},{"not_picked":["Leap","Rebound","Recycle+1"],"picked":"Coolheaded+1","floor":42},{"not_picked":["Ball Lightning","Reinforced Body","Auto Shields"],"picked":"Coolheaded+1","floor":44},{"not_picked":["Conserve Battery","Sweeping Beam","Static Discharge+1"],"picked":"Hologram+1","floor":47},{"not_picked":["Amplify","Reprogram","Rebound"],"picked":"Ball Lightning+1","floor":54}],"player_experience":810008,"relics_obtained":[{"floor":6,"key":"Frozen Egg 2"},{"floor":14,"key":"Shuriken"},{"floor":23,"key":"War Paint"},{"floor":26,"key":"Pear"},{"floor":31,"key":"Anchor"},{"floor":39,"key":"Pocketwatch"},{"floor":40,"key":"Happy Flower"},{"floor":42,"key":"The Courier"},{"floor":43,"key":"Omamori"},{"floor":54,"key":"Cables"}],"event_choices":[{"damage_healed":0,"gold_gain":0,"player_choice":"Lose Max HP","damage_taken":0,"relics_obtained":["Golden Idol"],"max_hp_gain":0,"max_hp_loss":6,"event_name":"Golden Idol","floor":2,"gold_loss":0},{"damage_healed":0,"gold_gain":0,"player_choice":"Paid Gold","damage_taken":0,"relics_obtained":["Question Card"],"max_hp_gain":0,"max_hp_loss":0,"event_name":"WeMeetAgain","floor":5,"gold_loss":72},{"damage_healed":0,"gold_gain":0,"player_choice":"Ignored","damage_taken":0,"max_hp_gain":0,"max_hp_loss":0,"event_name":"Vampires","floor":20,"gold_loss":0},{"damage_healed":0,"gold_gain":0,"player_choice":"Obtained Book","damage_taken":16,"max_hp_gain":0,"max_hp_loss":0,"event_name":"Cursed Tome","floor":21,"gold_loss":0},{"cards_removed":["Strike_B"],"damage_healed":0,"gold_gain":0,"player_choice":"Gave Gold","damage_taken":0,"max_hp_gain":0,"max_hp_loss":0,"event_name":"Beggar","floor":24,"gold_loss":75},{"damage_healed":0,"gold_gain":100,"player_choice":"Pray","damage_taken":0,"max_hp_gain":0,"max_hp_loss":0,"event_name":"Golden Shrine","floor":36,"gold_loss":0},{"damage_healed":0,"gold_gain":0,"player_choice":"Max HP","damage_taken":0,"max_hp_gain":0,"max_hp_loss":4,"event_name":"Winding Halls","floor":38,"gold_loss":0},{"damage_healed":0,"gold_gain":0,"player_choice":"Fight","damage_taken":0,"max_hp_gain":0,"max_hp_loss":0,"event_name":"MindBloom","floor":39,"gold_loss":0},{"damage_healed":70,"gold_gain":0,"player_choice":"Heal","damage_taken":0,"max_hp_gain":0,"max_hp_loss":10,"event_name":"The Moai Head","floor":48,"gold_loss":0}],"is_beta":false,"boss_relics":[{"not_picked":["Tiny House","Orrery"],"picked":"Ectoplasm"},{"not_picked":["Velvet Choker","Pandora\u0027s Box"],"picked":"Sozu"}],"items_purged_floors":[7,45],"is_endless":false,"potions_floor_spawned":[1,11,13,14,23,31,33,40,42,44,47,54],"ascension_level":2}