{"gold_per_floor":[111,128,128,128,142,169,169,183,183,201,228,26,26,43,43,139,139,154,154,253,142,161,174,200,200,200,200,211,211,227,253,253,357,357,373,386,386,399,410,410,410,438,463,167,167,167,186,215,215,215,215,215,67,97,97],"floor_reached":56,"playtime":3608,"items_purged":["Strike_B"],"score":1428,"play_id":"c24ff0fb-8f10-4190-9e0a-76a3d36e6c0c","local_time":"20190721165512","is_ascension_mode":true,"campfire_choices":[{"data":"Zap","floor":7,"key":"SMITH"},{"data":"Hologram","floor":13,"key":"SMITH"},{"data":"Biased Cognition","floor":15,"key":"SMITH"},{"data":"Defragment","floor":25,"key":"SMITH"},{"data":"Streamline","floor":29,"key":"SMITH"},{"floor":32,"key":"REST"},{"floor":40,"key":"RECALL"},{"floor":45,"key":"REST"},{"data":"Capacitor","floor":49,"key":"SMITH"},{"data":"Loop","floor":52,"key":"SMITH"}],"neow_cost":"NONE","seed_source_timestamp":855653044625600,"circlet_count":0,"master_deck":["Strike_B","Strike_B","Strike_B","Defend_B","Defend_B","Defend_B","Defend_B","Zap+1","Dualcast","Streamline+1","Ball Lightning","Coolheaded","Biased Cognition+1","Glacier","Lockon","Hologram+1","Chill","Echo Form+1","Compile Driver","Defragment+1","Hologram","Glacier","Capacitor+1","Loop+1","Core Surge","Coolheaded+1","Melter+1"],"relics":["Cracked Core","Oddly Smooth Stone","Boot","Dead Branch","Dodecahedron","Omamori","Sozu","Pocketwatch","Meat on the Bone","Cables","Dream Catcher","Snecko Eye","WarpedTongs","Regal Pillow","Centennial Puzzle","Ice Cream","Letter Opener","Juzu Bracelet","Happy Flower","Pear"],"potions_floor_usage":[11,55,55],"damage_taken":[{"damage":0,"enemies":"Jaw Worm","floor":1,"turns":3},{"damage":0,"enemies":"Cultist","floor":2,"turns":3},{"damage":6,"enemies":"Small Slimes","floor":5,"turns":3},{"damage":26,"enemies":"Gremlin Nob","floor":6,"turns":4},{"damage":5,"enemies":"Blue Slaver","floor":8,"turns":3},{"damage":0,"enemies":"Exordium Thugs","floor":10,"turns":3},{"damage":4,"enemies":"Lagavulin","floor":11,"turns":4},{"damage":0,"enemies":"2 Fungi Beasts","floor":14,"turns":3},{"damage":0,"enemies":"Slime Boss","floor":16,"turns":10},{"damage":0,"enemies":"Spheric Guardian","floor":18,"turns":4},{"damage":6,"enemies":"Chosen","floor":22,"turns":3},{"damage":15,"enemies":"Centurion and Healer","floor":23,"turns":7},{"damage":20,"enemies":"Slavers","floor":24,"turns":7},{"damage":0,"enemies":"Sentry and Sphere","floor":28,"turns":5},{"damage":20,"enemies":"Snake Plant","floor":30,"turns":3},{"damage":17,"enemies":"Book of Stabbing","floor":31,"turns":7},{"damage":8,"enemies":"Champ","floor":33,"turns":6},{"damage":16,"enemies":"3 Darklings","floor":35,"turns":6},{"damage":0,"enemies":"3 Shapes","floor":36,"turns":7},{"damage":0,"enemies":"3 Darklings","floor":38,"turns":7},{"damage":0,"enemies":"4 Shapes","floor":39,"turns":3},{"damage":21,"enemies":"Nemesis","floor":42,"turns":7},{"damage":0,"enemies":"Transient","floor":47,"turns":5},{"damage":9,"enemies":"Reptomancer","floor":48,"turns":6},{"damage":23,"enemies":"Time Eater","floor":50,"turns":8},{"damage":4,"enemies":"Shield and Spear","floor":54,"turns":6},{"damage":13,"enemies":"The Heart","floor":55,"turns":11}],"seed_played":"-1076192763516386062","potions_obtained":[{"floor":5,"key":"FearPotion"},{"floor":6,"key":"Strength Potion"},{"floor":8,"key":"PowerPotion"},{"floor":11,"key":"SteroidPotion"}],"is_trial":false,"path_per_floor":["M","M","?","$","M","E","R","M","T","M","E","$","R","M","R","B",null,"M","?","?","$","M","M","E","R","T","?","M","R","M","E","R","B",null,"M","M","?","M","M","R","?","E","T","$","R","T","M","E","R","B",null,"R","$","E","B",null],"character_chosen":"DEFECT","items_purchased":["Omamori","Hologram","Defragment","Ice Cream","Happy Flower"],"campfire_rested":2,"item_purchase_floors":[12,12,21,44,53],"current_hp_per_floor":[75,75,75,75,69,43,43,38,38,38,34,34,34,34,34,34,75,75,75,75,75,69,54,34,34,34,34,46,46,38,33,55,47,75,59,59,59,59,59,59,59,38,38,38,75,75,75,66,66,43,75,75,75,81,68],"gold":97,"neow_bonus":"RANDOM_COMMON_RELIC","is_prod":false,"is_daily":false,"chose_seed":false,"campfire_upgraded":7,"win_rate":0,"timestamp":1563742512,"path_taken":["M","M","?","$","M","E","R","?","T","M","E","$","R","?","R","BOSS","M","?","?","$","?","M","E","R","T","?","?","R","M","E","R","BOSS","M","M","?","?","M","R","?","E","T","?","R","?","M","E","R","BOSS","R","$","E","BOSS"],"build_version":"2019-07-17","purchased_purges":1,"victory":true,"max_hp_per_floor":[75,75,75,75,75,75,75,75,75,75,75,75,75,75,75,75,75,75,75,75,75,75,75,75,75,75,75,75,75,75,75,75,75,75,75,75,75,75,75,75,75,75,75,75,75,75,75,75,75,75,75,75,75,85,85],"card_choices":[{"not_picked":["Steam Power","Compile Driver"],"picked":"Sweeping Beam","floor":1},{"not_picked":["Redo","Chaos"],"picked":"Streamline","floor":2},{"not_picked":["Heatsinks","Turbo"],"picked":"Ball Lightning","floor":5},{"not_picked":["Heatsinks","Cold Snap"],"picked":"Coolheaded","floor":6},{"not_picked":["Steam","Rebound"],"picked":"Biased Cognition","floor":8},{"not_picked":["Coolheaded","Compile Driver"],"picked":"Glacier","floor":10},{"not_picked":["Leap","Chill"],"picked":"Lockon","floor":11},{"not_picked":["Auto Shields","Barrage"],"picked":"Chill","floor":14},{"not_picked":["Amplify","Reboot"],"picked":"Echo Form","floor":16},{"not_picked":["Beam Cell","Barrage+1"],"picked":"Compile Driver","floor":18},{"not_picked":["Sweeping Beam","Auto Shields"],"picked":"Hologram","floor":22},{"not_picked":["Cold Snap","Conserve Battery"],"picked":"Glacier","floor":23},{"not_picked":["Double Energy","Lockon","Compile Driver+1"],"picked":"SKIP","floor":24},{"not_picked":["Redo","Rebound","Darkness"],"picked":"SKIP","floor":28},{"not_picked":["Multi-Cast","Beam Cell","Compile Driver"],"picked":"SKIP","floor":30},{"not_picked":["Blizzard","Loop+1"],"picked":"Capacitor","floor":31},{"not_picked":["Go for the Eyes","Streamline"],"picked":"Loop","floor":32},{"not_picked":["Multi-Cast","Hyperbeam"],"picked":"Core Surge","floor":33},{"not_picked":["Steam","Rip and Tear"],"picked":"Coolheaded+1","floor":35},{"not_picked":["Double Energy+1","Go for the Eyes+1","Tempest"],"picked":"SKIP","floor":36},{"not_picked":["Gash+1","Go for the Eyes"],"picked":"Melter+1","floor":38},{"not_picked":["Static Discharge+1","Go for the Eyes","White Noise"],"picked":"SKIP","floor":39},{"not_picked":["Melter","Compile Driver+1","Chill"],"picked":"SKIP","floor":42},{"not_picked":["Gash+1","Hologram","Beam Cell+1"],"picked":"SKIP","floor":47},{"not_picked":["Barrage","Chaos+1","Hyperbeam"],"picked":"SKIP","floor":48},{"not_picked":["Go for the Eyes","Streamline","FTL"],"picked":"SKIP","floor":54}],"player_experience":883441,"relics_obtained":[{"floor":6,"key":"Dead Branch"},{"floor":11,"key":"Dodecahedron"},{"floor":24,"key":"Meat on the Bone"},{"floor":26,"key":"Cables"},{"floor":31,"key":"Dream Catcher"},{"floor":42,"key":"Regal Pillow"},{"floor":43,"key":"Centennial Puzzle"},{"floor":46,"key":"Letter Opener"},{"floor":48,"key":"Juzu Bracelet"},{"floor":54,"key":"Pear"}],"event_choices":[{"cards_removed":["Sweeping Beam"],"damage_healed":0,"gold_gain":0,"player_choice":"Gave Card","damage_taken":0,"relics_obtained":["Boot"],"max_hp_gain":0,"max_hp_loss":0,"event_name":"WeMeetAgain","floor":3,"gold_loss":0},{"damage_healed":0,"gold_gain":0,"player_choice":"Opened","damage_taken":0,"relics_obtained":["Pocketwatch"],"max_hp_gain":0,"max_hp_loss":0,"event_name":"The Mausoleum","floor":19,"gold_loss":0,"cards_obtained":["Writhe"]},{"damage_healed":0,"gold_gain":99,"player_choice":"Stole From Cult","damage_taken":0,"max_hp_gain":0,"max_hp_loss":0,"event_name":"Nest","floor":20,"gold_loss":0},{"damage_healed":0,"gold_gain":0,"player_choice":"Upgraded","damage_taken":0,"max_hp_gain":0,"max_hp_loss":0,"event_name":"Upgrade Shrine","floor":27,"gold_loss":0,"cards_upgraded":["Echo Form"]},{"damage_healed":0,"gold_gain":0,"player_choice":"Rummage","damage_taken":0,"relics_obtained":["WarpedTongs"],"max_hp_gain":0,"max_hp_loss":0,"event_name":"Accursed Blacksmith","floor":37,"gold_loss":0,"cards_obtained":["Pain"]},{"damage_healed":0,"gold_gain":0,"player_choice":"Ignored","damage_taken":0,"max_hp_gain":0,"max_hp_loss":0,"event_name":"Tomb of Lord Red Mask","floor":41,"gold_loss":0}],"is_beta":false,"boss_relics":[{"not_picked":["FrozenCore","Fusion Hammer"],"picked":"Sozu"},{"not_picked":["Tiny House","Runic Dome"],"picked":"Snecko Eye"}],"items_purged_floors":[21],"is_endless":false,"potions_floor_spawned":[5,6,8,11,22,23,31,33,35,36,39,42,48,54],"ascension_level":4}