{"gold_per_floor":[109,129,142,142,160,194,194,204,230,230,245,166,185,185,185,260,260,247,261,311,327,183,183,198,198,224,242,242,257,257,270,270,270],"floor_reached":33,"playtime":1466,"items_purged":["Strike_G"],"score":443,"play_id":"65ed8168-10d7-4053-82b2-7035087f279d","local_time":"20190821142639","is_ascension_mode":true,"campfire_choices":[{"floor":10,"key":"REST"},{"floor":15,"key":"REST"},{"floor":23,"key":"REST"},{"floor":25,"key":"REST"},{"floor":28,"key":"REST"},{"floor":30,"key":"REST"},{"floor":32,"key":"REST"}],"neow_cost":"NONE","seed_source_timestamp":272635978762400,"circlet_count":0,"master_deck":["AscendersBane","Strike_G","Strike_G","Strike_G","Strike_G","Defend_G","Defend_G","Defend_G","Defend_G","Defend_G","Survivor","Neutralize+1","Dodge and Roll","Dagger Spray","Prepared","Sucker Punch","Terror","Caltrops","Noxious Fumes","Heel Hook","Glass Knife","All Out Attack","Deadly Poison","Cloak And Dagger","Well Laid Plans","Catalyst"],"relics":["Ring of the Snake","Ice Cream","Oddly Smooth Stone","Regal Pillow","Lizard Tail","Ancient Tea Set"],"potions_floor_usage":[6,13,16,31],"damage_taken":[{"damage":0,"enemies":"Cultist","floor":1,"turns":5},{"damage":0,"enemies":"Small Slimes","floor":2,"turns":5},{"damage":1,"enemies":"2 Louse","floor":3,"turns":2},{"damage":4,"enemies":"2 Fungi Beasts","floor":5,"turns":4},{"damage":31,"enemies":"Gremlin Nob","floor":6,"turns":5},{"damage":5,"enemies":"3 Louse","floor":8,"turns":3},{"damage":12,"enemies":"Exordium Thugs","floor":11,"turns":5},{"damage":0,"enemies":"Gremlin Gang","floor":13,"turns":1},{"damage":23,"enemies":"Slime Boss","floor":16,"turns":13},{"damage":24,"enemies":"2 Thieves","floor":18,"turns":4},{"damage":31,"enemies":"Spheric Guardian","floor":19,"turns":6},{"damage":21,"enemies":"Centurion and Healer","floor":21,"turns":8},{"damage":35,"enemies":"Snake Plant","floor":24,"turns":5},{"damage":48,"enemies":"Chosen and Byrds","floor":27,"turns":7},{"damage":33,"enemies":"Shelled Parasite and Fungi","floor":29,"turns":7},{"damage":16,"enemies":"Snake Plant","floor":31,"turns":5},{"damage":60,"enemies":"Automaton","floor":33,"turns":6}],"seed_played":"7482058890993740037","potions_obtained":[{"floor":2,"key":"Fire Potion"},{"floor":6,"key":"Swift Potion"},{"floor":8,"key":"GhostInAJar"},{"floor":11,"key":"Explosive Potion"},{"floor":16,"key":"Ancient Potion"},{"floor":19,"key":"EssenceOfSteel"},{"floor":27,"key":"Block Potion"},{"floor":31,"key":"Swift Potion"}],"is_trial":false,"path_per_floor":["M","M","M","?","M","E","?","M","T","R","M","$","M","?","R","B",null,"M","M","?","M","$","R","M","R","T","M","R","M","R","M","R","B"],"character_chosen":"THE_SILENT","items_purchased":["Noxious Fumes","Well Laid Plans"],"campfire_rested":7,"item_purchase_floors":[12,22],"current_hp_per_floor":[59,59,58,58,54,23,12,7,7,41,29,29,29,29,63,40,60,36,5,5,18,18,52,17,51,51,3,37,4,38,22,56,0],"gold":270,"neow_bonus":"UPGRADE_CARD","is_prod":false,"is_daily":false,"chose_seed":false,"campfire_upgraded":0,"win_rate":0,"timestamp":1566368799,"path_taken":["M","M","?","?","M","E","?","M","T","R","M","$","M","?","R","BOSS","M","M","?","M","?","R","M","R","T","?","R","M","R","M","R","BOSS"],"build_version":"2019-07-17","purchased_purges":1,"victory":false,"max_hp_per_floor":[66,66,66,66,66,66,66,66,66,66,66,66,66,66,66,66,66,66,66,66,66,66,66,66,66,66,66,66,66,66,66,66,66],"card_choices":[{"not_picked":["Underhanded Strike","PiercingWail"],"picked":"Dodge and Roll","floor":1},{"not_picked":["Reflex","Slice"],"picked":"Dagger Spray","floor":2},{"not_picked":["Underhanded Strike","Eviscerate"],"picked":"Prepared","floor":3},{"not_picked":["Dagger Throw","Tactician"],"picked":"Sucker Punch","floor":5},{"not_picked":["Dodge and Roll","Blade Dance"],"picked":"Terror","floor":6},{"not_picked":["Dagger Throw","Slice","Acrobatics"],"picked":"SKIP","floor":8},{"not_picked":["Acrobatics","Finisher"],"picked":"Caltrops","floor":11},{"not_picked":["Finisher","Acrobatics"],"picked":"Heel Hook","floor":13},{"not_picked":["Bullet Time","Storm of Steel"],"picked":"Glass Knife","floor":16},{"not_picked":["Slice+1","Deflect"],"picked":"All Out Attack","floor":18},{"not_picked":["All Out Attack","Dagger Throw"],"picked":"Deadly Poison","floor":19},{"not_picked":["Poisoned Stab","Predator"],"picked":"Cloak And Dagger","floor":21},{"not_picked":["Underhanded Strike","Choke+1"],"picked":"Catalyst","floor":24},{"not_picked":["Distraction","Dodge and Roll","Well Laid Plans"],"picked":"SKIP","floor":27},{"not_picked":["Poisoned Stab","Backstab","Calculated Gamble"],"picked":"SKIP","floor":29},{"not_picked":["Outmaneuver","Deflect","Poisoned Stab"],"picked":"SKIP","floor":31}],"player_experience":891189,"relics_obtained":[{"floor":6,"key":"Ice Cream"},{"floor":9,"key":"Regal Pillow"},{"floor":26,"key":"Ancient Tea Set"}],"event_choices":[{"damage_healed":0,"gold_gain":0,"player_choice":"Ignored","damage_taken":0,"max_hp_gain":0,"max_hp_loss":0,"event_name":"Golden Wing","floor":4,"gold_loss":0},{"damage_healed":0,"gold_gain":0,"player_choice":"Success","damage_taken":11,"relics_obtained":["Oddly Smooth Stone"],"max_hp_gain":0,"max_hp_loss":0,"event_name":"Scrap Ooze","floor":7,"gold_loss":0},{"damage_healed":0,"gold_gain":0,"player_choice":"Ignored","damage_taken":0,"max_hp_gain":0,"max_hp_loss":0,"event_name":"Liars Game","floor":14,"gold_loss":0},{"damage_healed":0,"gold_gain":50,"player_choice":"Pray","damage_taken":0,"max_hp_gain":0,"max_hp_loss":0,"event_name":"Golden Shrine","floor":20,"gold_loss":0}],"is_beta":false,"boss_relics":[{"not_picked":["Coffee Dripper","Eternal Feather"],"picked":"Lizard Tail"}],"items_purged_floors":[22],"is_endless":false,"potions_floor_spawned":[2,6,8,11,16,19,27,31],"killed_by":"Automaton","ascension_level":15}