{"gold_per_floor":[118,118,138,138,138,163,163,179,256,286,130,130,142,161,161,233,233,243,273,188,188,207,207,238,238,264,290,290,325,325,325,325,403,403,416,433,447,447,465,495,495,795,795,826,837,866,866,913,913,913,913,913,913,29,59,59],"floor_reached":57,"playtime":2824,"items_purged":["Strike_G","Strike_G"],"score":3058,"play_id":"885fa6bf-48f6-4535-a8b7-667041b5cf22","local_time":"20190821123635","is_ascension_mode":true,"campfire_choices":[{"data":"Neutralize","floor":7.0,"key":"SMITH"},{"data":"Glass Knife","floor":12.0,"key":"SMITH"},{"data":"Prepared","floor":15.0,"key":"SMITH"},{"data":"Flechettes","floor":23.0,"key":"SMITH"},{"data":"Catalyst","floor":25.0,"key":"SMITH"},{"data":"Well Laid Plans","floor":30.0,"key":"SMITH"},{"data":"Terror","floor":32.0,"key":"SMITH"},{"floor":41,"key":"RECALL"},{"data":"Deep Breath","floor":49,"key":"SMITH"},{"data":"Backflip","floor":53,"key":"SMITH"}],"neow_cost":"NONE","seed_source_timestamp":527592455535399,"circlet_count":0,"master_deck":["AscendersBane","Strike_G+1","Defend_G+1","Defend_G","Defend_G","Defend_G","Defend_G+1","Survivor","Neutralize+1","Deadly Poison+1","Glass Knife+1","Prepared+1","Well Laid Plans+1","Terror+1","Acrobatics+1","Catalyst+1","Flechettes+1","Adrenaline","Backflip+1","Concentrate+1","Deep Breath+1","Neutralize+1","Reflex+1"],"special_seed":0,"relics":["Ring of the Snake","NeowsBlessing","Tingsha","Meat on the Bone","Pear","Pocketwatch","WristBlade","Red Mask","War Paint","Strawberry","Vajra","Dream Catcher","Singing Bowl","Black Star","Snake Skull","Anchor","Oddly Smooth Stone","Ginger","Centennial Puzzle","Juzu Bracelet","Tough Bandages","Paper Crane","Letter Opener","DollysMirror","Bag of Preparation","Bottled Lightning"],"potions_floor_usage":[40,55,56],"damage_taken":[{"damage":0.0,"enemies":"Small Slimes","floor":1.0,"turns":1.0},{"damage":0.0,"enemies":"Cultist","floor":3.0,"turns":1.0},{"damage":0.0,"enemies":"3 Sentries","floor":6.0,"turns":1.0},{"damage":0.0,"enemies":"Jaw Worm","floor":8.0,"turns":3.0},{"damage":29.0,"enemies":"Lagavulin","floor":10.0,"turns":8.0},{"damage":0.0,"enemies":"Blue Slaver","floor":13.0,"turns":3.0},{"damage":7.0,"enemies":"Large Slime","floor":14.0,"turns":6.0},{"damage":4.0,"enemies":"Slime Boss","floor":16.0,"turns":7.0},{"damage":10.0,"enemies":"Spheric Guardian","floor":18.0,"turns":5.0},{"damage":20.0,"enemies":"Masked Bandits","floor":19.0,"turns":5.0},{"damage":1.0,"enemies":"Chosen","floor":22.0,"turns":3.0},{"damage":18.0,"enemies":"Gremlin Leader","floor":24.0,"turns":7.0},{"damage":27.0,"enemies":"Slavers","floor":27.0,"turns":6.0},{"damage":9.0,"enemies":"Gremlin Leader","floor":29.0,"turns":6.0},{"damage":34.0,"enemies":"Automaton","floor":33.0,"turns":6.0},{"damage":13.0,"enemies":"3 Darklings","floor":35.0,"turns":4.0},{"damage":7.0,"enemies":"Orb Walker","floor":36.0,"turns":3.0},{"damage":0.0,"enemies":"Sphere and 2 Shapes","floor":37.0,"turns":3.0},{"damage":12.0,"enemies":"Jaw Worm Horde","floor":39.0,"turns":3.0},{"damage":11,"enemies":"Reptomancer","floor":40,"turns":3},{"damage":2,"enemies":"Nemesis","floor":44,"turns":5},{"damage":2,"enemies":"4 Shapes","floor":45,"turns":4},{"damage":0,"enemies":"Giant Head","floor":46,"turns":4},{"damage":2,"enemies":"2 Orb Walkers","floor":48,"turns":3},{"damage":13,"enemies":"Awakened One","floor":50,"turns":14},{"damage":30,"enemies":"Time Eater","floor":51,"turns":9},{"damage":29,"enemies":"Shield and Spear","floor":55,"turns":6},{"damage":46,"enemies":"The Heart","floor":56,"turns":8}],"seed_played":"4519234624455580647","potions_obtained":[{"floor":3.0,"key":"Fire Potion"},{"floor":10.0,"key":"AttackPotion"},{"floor":14.0,"key":"GamblersBrew"},{"floor":29.0,"key":"Block Potion"},{"floor":33.0,"key":"GamblersBrew"},{"floor":39.0,"key":"Dexterity Potion"},{"floor":45,"key":"Block Potion"}],"is_trial":false,"path_per_floor":["M","?","M","T","?","E","R","M","T","E","$","R","M","M","R","B",null,"M","?","?","?","M","R","E","R","T","E","?","E","R","?","R","B",null,"M","M","M","?","M","E","R","?","T","E","M","E","?","?","R","B","B",null,"R","$","E","B",null],"character_chosen":"THE_SILENT","items_purchased":["Well Laid Plans","Paper Crane","Letter Opener","DollysMirror"],"campfire_rested":0,"item_purchase_floors":[11,54,54,54],"current_hp_per_floor":[59,59,59,59,39,39,39,39,49,32,32,32,44,49,49,45,68,58,50,50,50,49,49,50,50,50,35,35,38,38,38,38,18,68,57,52,52,52,54,57,57,57,57,57,57,59,53,65,65,64,46,90,90,90,61,27],"gold":59,"neow_bonus":"THREE_ENEMY_KILL","is_prod":false,"is_daily":false,"chose_seed":false,"campfire_upgraded":9,"win_rate":0,"timestamp":1566362195,"path_taken":["M","?","?","?","?","E","R","M","T","E","$","R","M","M","R","BOSS","M","?","?","?","?","R","E","R","T","E","?","E","R","?","R","BOSS","M","M","M","?","M","E","R","?","T","E","M","E","?","?","R","BOSS","BOSS","R","$","E","BOSS"],"build_version":"2019-07-17","purchased_purges":2,"victory":true,"max_hp_per_floor":[66,66,66,66,66,66,66,66,76,76,76,76,76,76,76,76,76,76,76,76,76,76,76,83,83,83,83,83,83,83,83,83,85,85,87,89,89,89,91,93,93,93,93,95,97,99,103,105,105,105,105,105,105,105,105,105],"card_choices":[{"not_picked":["PiercingWail","Slice"],"picked":"Deadly Poison","floor":1.0},{"not_picked":["Outmaneuver","PiercingWail","Acrobatics"],"picked":"SKIP","floor":3.0},{"not_picked":["Bullet Time","Outmaneuver","Sucker Punch"],"picked":"SKIP","floor":6.0},{"not_picked":["Bane","Quick Slash"],"picked":"Glass Knife","floor":8.0},{"not_picked":["Underhanded Strike","Deadly Poison"],"picked":"Prepared","floor":10.0},{"not_picked":["Poisoned Stab","Dodge and Roll","Riddle With Holes"],"picked":"SKIP","floor":13.0},{"not_picked":["Poisoned Stab","Dodge and Roll","Riddle With Holes"],"picked":"SKIP","floor":13.0},{"not_picked":["Choke","Outmaneuver"],"picked":"Terror","floor":14.0},{"not_picked":["Deadly Poison+1","Bouncing Flask"],"picked":"Acrobatics+1","floor":18.0},{"not_picked":["Backflip","Footwork+1"],"picked":"Flechettes","floor":22.0},{"not_picked":["Sucker Punch","Expertise","Bane"],"picked":"SKIP","floor":24.0},{"not_picked":["Dagger Throw","Dagger Spray+1"],"picked":"Adrenaline","floor":27.0},{"not_picked":["A Thousand Cuts","Slice"],"picked":"Backflip","floor":29.0},{"not_picked":["Storm of Steel","Night Terror","Envenom"],"picked":"Singing Bowl","floor":33.0},{"not_picked":["Expertise","Caltrops+1","Poisoned Stab"],"picked":"Singing Bowl","floor":35.0},{"not_picked":["Distraction","Acrobatics+1","Flechettes+1"],"picked":"Singing Bowl","floor":36.0},{"not_picked":["Sucker Punch+1","Choke+1"],"picked":"Concentrate+1","floor":37.0},{"not_picked":["Flying Knee+1","Dagger Throw","Cloak And Dagger"],"picked":"Singing Bowl","floor":39.0},{"not_picked":["PiercingWail","Caltrops+1","All Out Attack"],"picked":"Singing Bowl","floor":40},{"not_picked":["Dagger Throw","Blade Dance+1","Dash"],"picked":"Singing Bowl","floor":44},{"not_picked":["Flying Knee","Riddle With Holes","Dagger Spray"],"picked":"Singing Bowl","floor":45},{"not_picked":["Infinite Blades+1","Dagger Throw+1","All Out Attack+1"],"picked":"Singing Bowl","floor":46},{"not_picked":["Finesse","Metamorphosis","PanicButton"],"picked":"Singing Bowl","floor":47},{"not_picked":["Finesse","Forethought","Violence"],"picked":"Singing Bowl","floor":47},{"not_picked":["Panache","Enlightenment"],"picked":"Deep Breath","floor":47},{"not_picked":["Dodge and Roll","Backflip","Prepared+1"],"picked":"Singing Bowl","floor":48},{"not_picked":["Prepared","Endless Agony"],"picked":"Reflex+1","floor":55}],"player_experience":856248,"relics_obtained":[{"floor":4.0,"key":"Tingsha"},{"floor":6.0,"key":"Meat on the Bone"},{"floor":9.0,"key":"Pear"},{"floor":10.0,"key":"Pocketwatch"},{"floor":19.0,"key":"Red Mask"},{"floor":24.0,"key":"Strawberry"},{"floor":26.0,"key":"Vajra"},{"floor":27.0,"key":"Dream Catcher"},{"floor":29.0,"key":"Singing Bowl"},{"floor":40,"key":"Snake Skull"},{"floor":40,"key":"Anchor"},{"floor":44,"key":"Oddly Smooth Stone"},{"floor":44,"key":"Ginger"},{"floor":46,"key":"Centennial Puzzle"},{"floor":46,"key":"Juzu Bracelet"},{"floor":48,"key":"Tough Bandages"},{"floor":55,"key":"Bag of Preparation"},{"floor":55,"key":"Bottled Lightning"}],"event_choices":[{"damage_healed":0.0,"max_hp_gain":0.0,"max_hp_loss":0.0,"gold_gain":0.0,"event_name":"Upgrade Shrine","player_choice":"Upgraded","floor":2.0,"gold_loss":0.0,"damage_taken":0.0,"cards_upgraded":["Deadly Poison"]},{"damage_healed":0.0,"max_hp_gain":0.0,"max_hp_loss":0.0,"gold_gain":0.0,"event_name":"Shining Light","player_choice":"Entered Light","floor":5.0,"gold_loss":0.0,"damage_taken":20.0,"cards_upgraded":["Strike_G","Strike_G"]},{"damage_healed":0.0,"max_hp_gain":0.0,"max_hp_loss":0.0,"gold_gain":0.0,"event_name":"Masked Bandits","player_choice":"Fought Bandits","floor":19.0,"gold_loss":0.0,"damage_taken":0.0},{"damage_healed":0.0,"max_hp_gain":0.0,"max_hp_loss":0.0,"gold_gain":0.0,"event_name":"Addict","player_choice":"Obtained Relic","floor":20.0,"gold_loss":85.0,"damage_taken":0.0,"relics_obtained":["War Paint"]},{"damage_healed":0.0,"max_hp_gain":0.0,"max_hp_loss":0.0,"gold_gain":0.0,"event_name":"The Library","player_choice":"Read","floor":21.0,"gold_loss":0.0,"damage_taken":0.0,"cards_obtained":["Catalyst"]},{"cards_removed":["Strike_G"],"damage_healed":0.0,"max_hp_gain":0.0,"max_hp_loss":0.0,"gold_gain":0.0,"event_name":"Back to Basics","player_choice":"Elegance","floor":28.0,"gold_loss":0.0,"damage_taken":0.0},{"damage_healed":0.0,"max_hp_gain":0.0,"max_hp_loss":0.0,"gold_gain":0.0,"event_name":"Cursed Tome","player_choice":"Ignored","floor":31.0,"gold_loss":0.0,"damage_taken":0.0},{"cards_removed":["Strike_G"],"damage_healed":0.0,"max_hp_gain":0.0,"max_hp_loss":0.0,"gold_gain":0.0,"event_name":"Falling","player_choice":"Removed Attack","floor":38.0,"gold_loss":0.0,"damage_taken":0.0},{"damage_healed":0,"gold_gain":300,"player_choice":"Gold","damage_taken":0,"max_hp_gain":0,"max_hp_loss":0,"event_name":"Wheel of Change","floor":42,"gold_loss":0},{"damage_healed":0,"gold_gain":0,"player_choice":"Memory 3","damage_taken":10,"max_hp_gain":0,"max_hp_loss":0,"event_name":"SensoryStone","floor":47,"gold_loss":0},{"damage_healed":0,"gold_gain":0,"player_choice":"Fight","damage_taken":0,"max_hp_gain":0,"max_hp_loss":0,"event_name":"Mysterious Sphere","floor":48,"gold_loss":0}],"is_beta":false,"boss_relics":[{"not_picked":["Busted Crown","HoveringKite"],"picked":"WristBlade"},{"not_picked":["Fusion Hammer","White Beast Statue"],"picked":"Black Star"}],"items_purged_floors":[11,54],"is_endless":false,"potions_floor_spawned":[3,10,14,29,33,39,45,46,48],"ascension_level":20}