{"gold_per_floor":[126,152,164,176,188,200,242,254,266,298,326,338,23,52,52,131,131,143,175,275,59,70,70,70,81,81,98,118,118,118,130,130,130],"floor_reached":33,"playtime":1557,"items_purged":[],"score":497,"play_id":"d967f260-efd4-4259-bfe8-ba0db892b883","local_time":"20181103185014","is_ascension_mode":true,"campfire_choices":[{"data":"Zap","floor":6,"key":"SMITH"},{"data":"Lockon","floor":8,"key":"SMITH"},{"floor":12,"key":"REST"},{"data":"Static Discharge","floor":15,"key":"SMITH"},{"data":"Biased Cognition","floor":23,"key":"SMITH"},{"floor":32,"key":"REST"}],"neow_cost":"NONE","seed_source_timestamp":196248977260462,"circlet_count":0,"master_deck":["AscendersBane","Strike_B","Defend_B","Defend_B","Defend_B","Defend_B","Zap+1","Dualcast","Static Discharge+1","Compile Driver","Lockon+1","Leap","Ball Lightning","Biased Cognition+1","Echo Form","Pain","Self Repair+1","Static Discharge","Undo"],"relics":["Cracked Core","MawBank","Gremlin Horn","Oddly Smooth Stone","Cables","Thread and Needle","Torii","Velvet Choker","Red Mask","Dead Branch","Darkstone Periapt","Lee\u0027s Waffle","WarpedTongs","Unceasing Top","Potion Belt"],"potions_floor_usage":[16,19,20,20,33,33],"damage_taken":[{"damage":4,"enemies":"Small Slimes","floor":1,"turns":3},{"damage":4,"enemies":"Jaw Worm","floor":2,"turns":4},{"damage":20,"enemies":"Lagavulin","floor":7,"turns":6},{"damage":2,"enemies":"2 Louse","floor":10,"turns":2},{"damage":0,"enemies":"Lots of Slimes","floor":11,"turns":2},{"damage":17,"enemies":"3 Sentries","floor":14,"turns":5},{"damage":17,"enemies":"The Guardian","floor":16,"turns":5},{"damage":1,"enemies":"3 Byrds","floor":18,"turns":3},{"damage":31,"enemies":"Masked Bandits","floor":19,"turns":4},{"damage":1,"enemies":"Colosseum Slavers","floor":20,"turns":3},{"damage":16,"enemies":"Colosseum Nobs","floor":20,"turns":3},{"damage":0,"enemies":"Shell Parasite","floor":22,"turns":3},{"damage":12,"enemies":"Sentry and Sphere","floor":25,"turns":3},{"damage":14,"enemies":"Snake Plant","floor":27,"turns":3},{"damage":29,"enemies":"Snecko","floor":28,"turns":4},{"damage":14,"enemies":"Chosen and Byrds","floor":31,"turns":5},{"damage":72,"enemies":"Collector","floor":33,"turns":6}],"seed_played":"5634257805848225442","potions_obtained":[{"floor":1,"key":"PowerPotion"},{"floor":10,"key":"LiquidBronze"},{"floor":16,"key":"Strength Potion"},{"floor":19,"key":"EssenceOfSteel"},{"floor":22,"key":"Energy Potion"},{"floor":27,"key":"FearPotion"}],"is_trial":false,"path_per_floor":["M","M","?","?","T","R","E","R","T","M","M","R","$","E","R","B",null,"M","?","?","$","M","R","?","M","T","M","M","?","T","M","R","B"],"character_chosen":"DEFECT","items_purchased":["Thread and Needle","Lee\u0027s Waffle"],"campfire_rested":2,"item_purchase_floors":[13,21],"current_hp_per_floor":[60,56,49,49,49,49,29,29,29,27,27,48,48,31,31,14,57,56,25,8,78,78,78,84,72,72,58,29,29,29,25,50,0],"gold":130,"neow_bonus":"RANDOM_COMMON_RELIC","is_prod":false,"is_daily":false,"chose_seed":false,"campfire_upgraded":4,"win_rate":0,"timestamp":1541285414,"path_taken":["M","M","?","?","?","R","E","R","T","M","M","R","$","E","R","BOSS","M","?","?","$","M","R","?","?","T","M","M","?","?","M","R","BOSS"],"build_version":"2018-11-01","purchased_purges":0,"victory":false,"max_hp_per_floor":[71,71,71,71,71,71,71,71,71,71,71,71,71,71,71,71,71,71,71,71,78,78,78,84,84,84,84,84,84,84,84,84,84],"card_choices":[{"not_picked":["Auto Shields","Beam Cell"],"picked":"Static Discharge","floor":1},{"not_picked":["Blizzard","Aggregate"],"picked":"Compile Driver","floor":2},{"not_picked":["Gash","Steam Power"],"picked":"Lockon","floor":7},{"not_picked":["Beam Cell","Barrage"],"picked":"Leap","floor":10},{"not_picked":["Rebound","Undo"],"picked":"Ball Lightning","floor":11},{"not_picked":["Rip and Tear","Chaos"],"picked":"Biased Cognition","floor":14},{"not_picked":["All For One","Seek"],"picked":"Echo Form","floor":16},{"not_picked":["Turbo","Go for the Eyes","Scrape"],"picked":"SKIP","floor":18},{"not_picked":["Gash+1","Stack","Amplify"],"picked":"SKIP","floor":22},{"not_picked":["Streamline","Go for the Eyes","Stack"],"picked":"SKIP","floor":25},{"not_picked":["Melter","Barrage+1","Turbo"],"picked":"SKIP","floor":27},{"not_picked":["Stack","Rebound"],"picked":"Self Repair+1","floor":28},{"not_picked":["Reinforced Body","Sweeping Beam","Stack"],"picked":"SKIP","floor":31}],"player_experience":663549,"relics_obtained":[{"floor":5,"key":"Gremlin Horn"},{"floor":7,"key":"Oddly Smooth Stone"},{"floor":9,"key":"Cables"},{"floor":14,"key":"Torii"},{"floor":19,"key":"Red Mask"},{"floor":20,"key":"Dead Branch"},{"floor":20,"key":"Darkstone Periapt"},{"floor":26,"key":"Unceasing Top"},{"floor":30,"key":"Potion Belt"}],"event_choices":[{"cards_removed":["Strike_B"],"damage_healed":0,"gold_gain":0,"player_choice":"Card Removal","damage_taken":7,"max_hp_gain":0,"max_hp_loss":0,"event_name":"Golden Wing","floor":3,"gold_loss":0},{"damage_healed":0,"gold_gain":0,"player_choice":"Ignored","damage_taken":0,"max_hp_gain":0,"max_hp_loss":0,"event_name":"Liars Game","floor":4,"gold_loss":0},{"damage_healed":0,"gold_gain":0,"player_choice":"Fought Bandits","damage_taken":0,"max_hp_gain":0,"max_hp_loss":0,"event_name":"Masked Bandits","floor":19,"gold_loss":0},{"damage_healed":0,"gold_gain":0,"player_choice":"Fight","damage_taken":0,"max_hp_gain":0,"max_hp_loss":0,"event_name":"Colosseum","floor":20,"gold_loss":0},{"damage_healed":0,"gold_gain":0,"player_choice":"Fought Nobs","damage_taken":0,"max_hp_gain":0,"max_hp_loss":0,"event_name":"Colosseum","floor":20,"gold_loss":0},{"damage_healed":0,"gold_gain":0,"player_choice":"Rummage","damage_taken":0,"relics_obtained":["WarpedTongs"],"max_hp_gain":0,"max_hp_loss":0,"event_name":"Accursed Blacksmith","floor":24,"gold_loss":0,"cards_obtained":["Pain"]},{"damage_healed":0,"gold_gain":0,"cards_transformed":["Strike_B","Strike_B"],"player_choice":"Became Test Subject","damage_taken":0,"max_hp_gain":0,"max_hp_loss":0,"event_name":"Drug Dealer","floor":29,"gold_loss":0,"cards_obtained":["Static Discharge","Undo"]}],"is_beta":false,"boss_relics":[{"not_picked":["Fusion Hammer","Orrery"],"picked":"Velvet Choker"}],"items_purged_floors":[],"is_endless":false,"potions_floor_spawned":[1,10,11,16,19,22,27],"killed_by":"Collector","ascension_level":19}