{"gold_per_floor":[114,129,144,95,110,140,140,170,220,72,87,87,137,167,167,267,267,282,197,212,212,227,257,257,272,347,347,272,287,317,332,332,432,432,447,447,97,112,127,157,82,82,82,97,97,127,142,0,0,0],"floor_reached":51,"playtime":2581,"items_purged":["Strike_R","Defend_G"],"score":867,"play_id":"74855ecc-35a2-40b1-8259-37f357f02d3e","local_time":"20190814180806","daily_mods":["Chimera","ControlledChaos","Night Terrors"],"is_ascension_mode":false,"campfire_choices":[{"data":"Inflame","floor":12,"key":"SMITH"},{"data":"Limit Break","floor":15,"key":"SMITH"},{"data":"Disarm","floor":24,"key":"SMITH"},{"data":"Bash","floor":27,"key":"SMITH"},{"data":"Offering","floor":32,"key":"SMITH"},{"data":"Zap","floor":42,"key":"SMITH"},{"data":"Limit Break","floor":49,"key":"SMITH"}],"neow_cost":"","seed_source_timestamp":0,"circlet_count":0,"master_deck":["Bash+1","Survivor","Zap+1","Strike_G+1","Strike_B+1","Defend_B","Shrug It Off","Shrug It Off","Ghostly Armor","Disarm+1","Inflame+1","Limit Break+1","Offering+1","Headbutt","Uppercut+1","Limit Break+1","Inflame+1"],"special_seed":18122,"relics":["Burning Blood","Frozen Eye","Blood Vial","Ancient Tea Set","Whetstone","Vajra","Letter Opener","Eternal Feather","Pear","Meat on the Bone","Dodecahedron","Singing Bowl","Runic Dome","Bottled Tornado","Bag of Marbles","Happy Flower","Boot","Red Mask"],"potions_floor_usage":[23,23,30,30,40,50],"damage_taken":[{"damage":7,"enemies":"Cultist","floor":1,"turns":4},{"damage":0,"enemies":"2 Louse","floor":2,"turns":2},{"damage":3,"enemies":"Jaw Worm","floor":3,"turns":3},{"damage":3,"enemies":"Blue Slaver","floor":5,"turns":4},{"damage":11,"enemies":"Lagavulin","floor":6,"turns":7},{"damage":3,"enemies":"3 Sentries","floor":8,"turns":6},{"damage":0,"enemies":"3 Louse","floor":11,"turns":4},{"damage":2,"enemies":"Gremlin Nob","floor":14,"turns":3},{"damage":34,"enemies":"Slime Boss","floor":16,"turns":11},{"damage":6,"enemies":"Chosen","floor":18,"turns":5},{"damage":23,"enemies":"Shell Parasite","floor":20,"turns":5},{"damage":29,"enemies":"3 Cultists","floor":22,"turns":5},{"damage":35,"enemies":"Gremlin Leader","floor":23,"turns":5},{"damage":6,"enemies":"Snake Plant","floor":25,"turns":3},{"damage":16,"enemies":"Shelled Parasite and Fungi","floor":29,"turns":4},{"damage":37,"enemies":"Slavers","floor":30,"turns":3},{"damage":10,"enemies":"Snecko","floor":31,"turns":4},{"damage":19,"enemies":"Champ","floor":33,"turns":9},{"damage":25,"enemies":"Orb Walker","floor":35,"turns":3},{"damage":8,"enemies":"3 Shapes","floor":38,"turns":4},{"damage":10,"enemies":"Writhing Mass","floor":39,"turns":4},{"damage":72,"enemies":"Giant Head","floor":40,"turns":8},{"damage":17,"enemies":"4 Shapes","floor":44,"turns":3},{"damage":12,"enemies":"Nemesis","floor":46,"turns":5},{"damage":22,"enemies":"3 Darklings","floor":47,"turns":4},{"damage":36,"enemies":"Time Eater","floor":50,"turns":6}],"seed_played":"4084429554855056004","potions_obtained":[{"floor":2,"key":"FearPotion"},{"floor":5,"key":"Weak Potion"},{"floor":11,"key":"Ancient Potion"},{"floor":16,"key":"SpeedPotion"},{"floor":25,"key":"SteroidPotion"},{"floor":30,"key":"Fruit Juice"},{"floor":35,"key":"Swift Potion"},{"floor":40,"key":"GamblersBrew"},{"floor":44,"key":"SteroidPotion"},{"floor":47,"key":"Fire Potion"}],"is_trial":false,"path_per_floor":["M","M","M","$","M","E","?","E","T","$","M","R","T","E","R","B",null,"M","?","M","?","M","E","R","M","T","R","?","M","E","M","R","B",null,"M","?","$","M","M","E","$","R","T","M","?","E","M","?","R","B",null],"character_chosen":"IRONCLAD","items_purchased":["Shrug It Off","Inflame","Bottled Tornado","Limit Break"],"campfire_rested":0,"item_purchase_floors":[4,10,37,41],"current_hp_per_floor":[79,80,80,80,80,75,75,80,80,80,80,80,80,80,80,52,80,80,90,73,55,34,7,16,30,30,39,39,43,33,45,54,55,104,87,116,116,116,114,64,64,73,73,78,80,76,76,76,85,69],"gold":0,"neow_bonus":"","is_prod":false,"is_daily":true,"chose_seed":false,"campfire_upgraded":7,"win_rate":0,"timestamp":1565820486,"path_taken":["M","?","M","?","M","E","?","E","T","$","M","R","?","E","R","BOSS","M","?","M","?","M","E","R","M","T","R","?","M","E","M","R","BOSS","M","?","$","M","M","E","?","R","T","M","?","E","M","?","R","BOSS"],"build_version":"2019-07-17","purchased_purges":2,"victory":true,"max_hp_per_floor":[80,80,80,80,80,80,80,80,80,80,80,80,80,80,80,80,80,80,90,90,95,95,95,95,95,95,95,95,95,102,104,104,104,104,106,116,116,118,118,120,120,120,120,122,124,124,126,126,126,126],"card_choices":[{"not_picked":["Clash","Warcry","Anger"],"picked":"SKIP","floor":1},{"not_picked":["Flex","Ghostly Armor"],"picked":"Shrug It Off","floor":2},{"not_picked":["Warcry","Intimidate","Heavy Blade"],"picked":"SKIP","floor":3},{"not_picked":["Cleave","Anger","Wild Strike"],"picked":"SKIP","floor":5},{"not_picked":["Body Slam","Clothesline"],"picked":"Ghostly Armor","floor":6},{"not_picked":["Bludgeon","Rampage"],"picked":"Disarm","floor":8},{"not_picked":["Seeing Red","Sever Soul","Twin Strike"],"picked":"SKIP","floor":11},{"not_picked":["Battle Trance","Wild Strike"],"picked":"Limit Break","floor":14},{"not_picked":["Double Tap","Brutality"],"picked":"Offering","floor":16},{"not_picked":["Clothesline","Armaments+1"],"picked":"Headbutt","floor":18},{"not_picked":["Ghostly Armor","Whirlwind","Fire Breathing"],"picked":"SKIP","floor":20},{"not_picked":["Twin Strike","Iron Wave","Pommel Strike"],"picked":"SKIP","floor":22},{"not_picked":["Headbutt","Clothesline","Body Slam"],"picked":"SKIP","floor":23},{"not_picked":["Perfected Strike","Heavy Blade","Seeing Red+1"],"picked":"SKIP","floor":25},{"not_picked":["Clothesline+1","Double Tap","Warcry"],"picked":"SKIP","floor":29},{"not_picked":["Armaments","Body Slam","Headbutt"],"picked":"Singing Bowl","floor":30},{"not_picked":["Fire Breathing","Twin Strike","Havoc"],"picked":"Singing Bowl","floor":31},{"not_picked":["Bludgeon","Demon Form"],"picked":"Feed","floor":33},{"not_picked":["Carnage+1","Cleave+1","Entrench+1"],"picked":"Singing Bowl","floor":35},{"not_picked":["Headbutt+1","Dual Wield+1","Evolve"],"picked":"Singing Bowl","floor":38},{"not_picked":["Wild Strike","Reckless Charge+1"],"picked":"Uppercut+1","floor":39},{"not_picked":["Cleave+1","Fire Breathing+1","Shrug It Off"],"picked":"Singing Bowl","floor":40},{"not_picked":["Havoc","Impervious","Cleave"],"picked":"Singing Bowl","floor":44},{"not_picked":["Purity","Forethought","Mind Blast"],"picked":"Singing Bowl","floor":45},{"not_picked":["Whirlwind","Twin Strike"],"picked":"Inflame+1","floor":46},{"not_picked":["Headbutt","Combust+1","Sword Boomerang"],"picked":"Singing Bowl","floor":47}],"player_experience":964859,"relics_obtained":[{"floor":6,"key":"Blood Vial"},{"floor":8,"key":"Ancient Tea Set"},{"floor":9,"key":"Whetstone"},{"floor":13,"key":"Vajra"},{"floor":14,"key":"Letter Opener"},{"floor":23,"key":"Meat on the Bone"},{"floor":26,"key":"Dodecahedron"},{"floor":30,"key":"Singing Bowl"},{"floor":40,"key":"Bag of Marbles"},{"floor":43,"key":"Happy Flower"},{"floor":46,"key":"Boot"}],"event_choices":[{"damage_healed":0,"gold_gain":0,"player_choice":"Ignored","damage_taken":0,"max_hp_gain":0,"max_hp_loss":0,"event_name":"Shining Light","floor":7,"gold_loss":0},{"damage_healed":0,"gold_gain":0,"player_choice":"Obtained Relic","damage_taken":0,"relics_obtained":["Pear"],"max_hp_gain":0,"max_hp_loss":0,"event_name":"Addict","floor":19,"gold_loss":85},{"damage_healed":0,"gold_gain":0,"player_choice":"Shed Blood","damage_taken":23,"max_hp_gain":5,"max_hp_loss":0,"event_name":"Forgotten Altar","floor":21,"gold_loss":0},{"cards_removed":["Defend_R"],"damage_healed":0,"gold_gain":0,"player_choice":"Gave Gold","damage_taken":0,"max_hp_gain":0,"max_hp_loss":0,"event_name":"Beggar","floor":28,"gold_loss":75},{"cards_removed":["Feed"],"damage_healed":19,"gold_gain":0,"player_choice":"Offered Rare","damage_taken":0,"max_hp_gain":10,"max_hp_loss":0,"event_name":"Bonfire Elementals","floor":36,"gold_loss":0},{"damage_healed":0,"gold_gain":0,"player_choice":"Memory 1","damage_taken":0,"max_hp_gain":0,"max_hp_loss":0,"event_name":"SensoryStone","floor":45,"gold_loss":0},{"damage_healed":0,"gold_gain":0,"player_choice":"Paid","damage_taken":0,"relics_obtained":["Red Mask"],"max_hp_gain":0,"max_hp_loss":0,"event_name":"Tomb of Lord Red Mask","floor":48,"gold_loss":142}],"is_beta":false,"boss_relics":[{"not_picked":["Velvet Choker","Lizard Tail"],"picked":"Eternal Feather"},{"not_picked":["Tiny House","Pandora\u0027s Box"],"picked":"Runic Dome"}],"items_purged_floors":[10,37],"is_endless":false,"potions_floor_spawned":[2,5,11,16,20,22,25,30,35,40,44,47],"ascension_level":0}