{"gold_per_floor":[109,129,54,54,54,83,94,122,122,122,122,102,102,112,112,183,183,199,66,66,66,81,81,107,107],"floor_reached":25,"playtime":445,"items_purged":["Strike_B"],"score":608,"play_id":"563d8c2f-9c6a-4e27-a7bf-81d4c5bf9504","local_time":"20190817212332","is_ascension_mode":true,"campfire_choices":[{"data":"Darkness","floor":10.0,"key":"SMITH"},{"data":"Zap","floor":15.0,"key":"SMITH"},{"data":"Recycle","floor":23.0,"key":"SMITH"}],"neow_cost":"NONE","seed_source_timestamp":216325582995000,"circlet_count":0,"master_deck":["AscendersBane","Strike_B","Defend_B","Defend_B","Defend_B","Defend_B","Zap+1","Dualcast","Cold Snap+1","Darkness+1","FTL","Echo Form+1","Compile Driver","Multi-Cast","Recycle+1","Coolheaded","Turbo"],"special_seed":0,"relics":["Cracked Core","NeowsBlessing","Pen Nib","Thread and Needle","Coffee Dripper","Blood Vial"],"potions_floor_usage":[24],"damage_taken":[{"damage":0.0,"enemies":"2 Louse","floor":1.0,"turns":1.0},{"damage":0.0,"enemies":"Small Slimes","floor":2.0,"turns":1.0},{"damage":0.0,"enemies":"3 Sentries","floor":6.0,"turns":1.0},{"damage":2.0,"enemies":"Jaw Worm","floor":7.0,"turns":3.0},{"damage":21.0,"enemies":"Lagavulin","floor":8.0,"turns":6.0},{"damage":8.0,"enemies":"Exordium Thugs","floor":12.0,"turns":4.0},{"damage":0.0,"enemies":"Exordium Wildlife","floor":14.0,"turns":2.0},{"damage":0.0,"enemies":"Slime Boss","floor":16.0,"turns":4.0},{"damage":16.0,"enemies":"Shell Parasite","floor":18.0,"turns":4.0},{"damage":0.0,"enemies":"Spheric Guardian","floor":22.0,"turns":3.0},{"damage":29,"enemies":"Book of Stabbing","floor":24,"turns":5},{"damage":16,"enemies":"Shelled Parasite and Fungi","floor":25,"turns":2}],"seed_played":"-2459067079853770243","potions_obtained":[{"floor":1.0,"key":"Fire Potion"},{"floor":6.0,"key":"Explosive Potion"},{"floor":14.0,"key":"Energy Potion"},{"floor":16.0,"key":"SteroidPotion"},{"floor":18.0,"key":"Regen Potion"}],"is_trial":false,"path_per_floor":["M","M","?","$","?","E","M","E","T","R","?","M","?","M","R","B",null,"M","$","?","$","M","R","E","M"],"character_chosen":"DEFECT","items_purchased":["Coolheaded"],"campfire_rested":0,"item_purchase_floors":[19],"current_hp_per_floor":[64,64,64,64,69,69,67,46,46,46,46,38,15,15,15,15,61,45,45,45,45,54,54,25,11],"gold":107,"neow_bonus":"THREE_ENEMY_KILL","is_prod":false,"is_daily":false,"chose_seed":false,"campfire_upgraded":3,"win_rate":0,"timestamp":1566048212,"path_taken":["M","M","?","$","?","E","M","E","T","R","?","?","?","M","R","BOSS","M","$","?","$","M","R","E","M"],"build_version":"2019-07-17","purchased_purges":1,"victory":false,"max_hp_per_floor":[71,71,71,71,76,76,76,76,76,76,76,76,76,76,76,76,76,76,76,76,76,76,76,76,76],"card_choices":[{"not_picked":["Doom and Gloom","Storm"],"picked":"Cold Snap","floor":1.0},{"not_picked":["Conserve Battery","Beam Cell","Barrage"],"picked":"SKIP","floor":2.0},{"not_picked":["Steam Power","Cold Snap","Gash"],"picked":"SKIP","floor":6.0},{"not_picked":["Hologram","Rebound"],"picked":"Darkness","floor":7.0},{"not_picked":["Ball Lightning","BootSequence","Streamline"],"picked":"SKIP","floor":8.0},{"not_picked":["Sweeping Beam","Gash"],"picked":"Echo Form","floor":12.0},{"not_picked":["Go for the Eyes","Barrage"],"picked":"Compile Driver","floor":14.0},{"not_picked":["All For One","Machine Learning"],"picked":"Multi-Cast","floor":16.0},{"not_picked":["Cold Snap","Compile Driver"],"picked":"Recycle","floor":18.0},{"not_picked":["Self Repair","Stack"],"picked":"Turbo","floor":22.0},{"not_picked":["Aggregate","Consume","Force Field"],"picked":"SKIP","floor":24}],"player_experience":821605,"relics_obtained":[{"floor":6.0,"key":"Pen Nib"},{"floor":8.0,"key":"Thread and Needle"},{"floor":24,"key":"Blood Vial"}],"event_choices":[{"cards_removed":["Strike_B"],"damage_healed":0.0,"max_hp_gain":0.0,"max_hp_loss":0.0,"gold_gain":0.0,"event_name":"The Cleric","player_choice":"Card Removal","floor":3.0,"gold_loss":75.0,"damage_taken":0.0},{"damage_healed":0.0,"max_hp_gain":5.0,"max_hp_loss":0.0,"gold_gain":0.0,"event_name":"Big Fish","player_choice":"Donut","floor":5.0,"gold_loss":0.0,"damage_taken":0.0},{"damage_healed":0.0,"max_hp_gain":0.0,"max_hp_loss":0.0,"gold_gain":0.0,"cards_transformed":["Strike_B"],"event_name":"Living Wall","player_choice":"Change","floor":11.0,"gold_loss":0.0,"damage_taken":0.0,"cards_obtained":["FTL"]},{"damage_healed":0.0,"max_hp_gain":0.0,"max_hp_loss":0.0,"gold_gain":0.0,"event_name":"Shining Light","player_choice":"Entered Light","floor":13.0,"gold_loss":0.0,"damage_taken":23.0,"cards_upgraded":["Echo Form","Cold Snap"]},{"damage_healed":0.0,"max_hp_gain":0.0,"max_hp_loss":0.0,"gold_gain":0.0,"event_name":"Vampires","player_choice":"Ignored","floor":20.0,"gold_loss":0.0,"damage_taken":0.0}],"is_beta":false,"boss_relics":[{"not_picked":["Sozu","Fusion Hammer"],"picked":"Coffee Dripper"}],"items_purged_floors":[19],"is_endless":false,"potions_floor_spawned":[1,6,14,16,18],"killed_by":"Shelled Parasite and Fungi","ascension_level":20}