{"gold_per_floor":[118,118,118,129,129,163,88,88,163,181,181,201,217,231,231,304,304,322,337,387,41,41,41,71,71],"floor_reached":25,"playtime":688,"items_purged":["Strike_G"],"score":492,"play_id":"b2158c6d-d9e9-478e-b673-a9218300f3c1","local_time":"20190819142055","is_ascension_mode":true,"campfire_choices":[{"data":"Bouncing Flask","floor":8,"key":"SMITH"},{"data":"Well Laid Plans","floor":11,"key":"SMITH"},{"data":"Neutralize","floor":15,"key":"SMITH"},{"data":"Blade Dance","floor":23,"key":"SMITH"}],"neow_cost":"NONE","seed_source_timestamp":363636018214300,"circlet_count":0,"master_deck":["AscendersBane","Strike_G","Strike_G","Defend_G","Defend_G","Defend_G","Defend_G","Defend_G","Survivor","Neutralize+1","Bouncing Flask+1","Neutralize","Well Laid Plans+1","Adrenaline","Acrobatics","Blade Dance+1"],"special_seed":0,"relics":["Ring of the Snake","NeowsBlessing","Strawberry","Cursed Key","Kunai","Question Card"],"potions_floor_usage":[],"damage_taken":[{"damage":0.0,"enemies":"Jaw Worm","floor":1.0,"turns":1.0},{"damage":0.0,"enemies":"Cultist","floor":4.0,"turns":1.0},{"damage":0,"enemies":"Lagavulin","floor":6,"turns":1},{"damage":3,"enemies":"2 Louse","floor":10,"turns":3},{"damage":0,"enemies":"Looter","floor":12,"turns":4},{"damage":10,"enemies":"Large Slime","floor":13,"turns":8},{"damage":10,"enemies":"3 Louse","floor":14,"turns":5},{"damage":9,"enemies":"The Guardian","floor":16,"turns":10},{"damage":11,"enemies":"Spheric Guardian","floor":18,"turns":6},{"damage":3,"enemies":"Shell Parasite","floor":19,"turns":4},{"damage":37,"enemies":"Book of Stabbing","floor":24,"turns":8},{"damage":11,"enemies":"3 Cultists","floor":25,"turns":4}],"seed_played":"6374347548396391444","potions_obtained":[{"floor":6,"key":"Ancient Potion"},{"floor":10,"key":"GamblersBrew"}],"is_trial":false,"path_per_floor":["M","?","?","M","?","E","$","R","T","M","R","M","M","M","R","B",null,"M","M","?","$","?","R","E","M"],"character_chosen":"THE_SILENT","items_purchased":["Kunai","Blade Dance"],"campfire_rested":0,"item_purchase_floors":[21,21],"current_hp_per_floor":[59,59,59,59,59,66,66,66,66,63,63,63,53,43,43,34,63,52,49,49,49,49,49,12,1],"gold":71,"neow_bonus":"THREE_ENEMY_KILL","is_prod":false,"is_daily":false,"chose_seed":false,"campfire_upgraded":4,"win_rate":0,"timestamp":1566195655,"path_taken":["M","?","?","?","?","E","$","R","T","?","R","M","M","M","R","BOSS","M","M","?","$","?","R","E","M"],"build_version":"2019-07-17","purchased_purges":1,"victory":false,"max_hp_per_floor":[66,66,66,66,66,73,73,73,73,73,73,73,73,73,73,73,73,73,73,73,73,73,73,73,73],"card_choices":[{"not_picked":["Poisoned Stab","Dodge and Roll"],"picked":"Bouncing Flask","floor":1.0},{"not_picked":["Distraction","Masterful Stab","Dagger Spray"],"picked":"SKIP","floor":4.0},{"not_picked":["Blur","Dagger Spray"],"picked":"Well Laid Plans","floor":6},{"not_picked":["Slice","Prepared","Outmaneuver"],"picked":"SKIP","floor":10},{"not_picked":["Expertise","Bane","Sucker Punch"],"picked":"SKIP","floor":12},{"not_picked":["Endless Agony","Masterful Stab","Dagger Throw"],"picked":"SKIP","floor":13},{"not_picked":["Dash","Dagger Spray","Well Laid Plans"],"picked":"SKIP","floor":14},{"not_picked":["Wraith Form v2","Die Die Die"],"picked":"Adrenaline","floor":16},{"not_picked":["Dagger Spray","PiercingWail"],"picked":"Acrobatics","floor":18},{"not_picked":["Dodge and Roll+1","Heel Hook+1","Blur"],"picked":"SKIP","floor":19},{"not_picked":["Poisoned Stab","Storm of Steel","All Out Attack"],"picked":"SKIP","floor":24}],"player_experience":839292,"relics_obtained":[{"floor":6,"key":"Strawberry"},{"floor":24,"key":"Question Card"}],"event_choices":[{"damage_healed":0.0,"max_hp_gain":0.0,"max_hp_loss":0.0,"gold_gain":0.0,"event_name":"Liars Game","player_choice":"Ignored","floor":2.0,"gold_loss":0.0,"damage_taken":0.0},{"cards_removed":["Strike_G"],"damage_healed":0.0,"max_hp_gain":0.0,"max_hp_loss":0.0,"gold_gain":0.0,"event_name":"Purifier","player_choice":"Purged","floor":3.0,"gold_loss":0.0,"damage_taken":0.0},{"damage_healed":0,"gold_gain":0,"player_choice":"1 cards matched","damage_taken":0,"max_hp_gain":0,"max_hp_loss":0,"event_name":"Match and Keep!","floor":5,"gold_loss":0,"cards_obtained":["Neutralize"]},{"damage_healed":0,"gold_gain":50,"player_choice":"Stole From Cult","damage_taken":0,"max_hp_gain":0,"max_hp_loss":0,"event_name":"Nest","floor":20,"gold_loss":0},{"cards_removed":["Strike_G"],"damage_healed":0,"gold_gain":0,"player_choice":"Elegance","damage_taken":0,"max_hp_gain":0,"max_hp_loss":0,"event_name":"Back to Basics","floor":22,"gold_loss":0}],"is_beta":false,"boss_relics":[{"not_picked":["Sozu","Empty Cage"],"picked":"Cursed Key"}],"items_purged_floors":[7],"is_endless":false,"potions_floor_spawned":[6,10,13,16,24],"killed_by":"3 Cultists","ascension_level":20}