{"gold_per_floor":[115,290,290,290,307,307,342,354,381,183,183,211,222,222],"floor_reached":14,"playtime":682,"items_purged":["Doubt"],"score":132,"play_id":"a4d06949-9faa-43bd-b520-fb1af2c51024","local_time":"20180908213846","is_ascension_mode":true,"campfire_choices":[{"data":"Hologram","floor":6,"key":"SMITH"},{"floor":11,"key":"REST"}],"neow_cost":"TEN_PERCENT_HP_LOSS","seed_source_timestamp":48304517934585,"circlet_count":0,"master_deck":["Strike_B","Strike_B+1","Defend_B","Defend_B+1","Defend_B","Defend_B","Zap+1","Dualcast","Double Energy","Hologram+1","Chill","BootSequence","Conserve Battery"],"relics":["Cracked Core","PreservedInsect","Orichalcum","Tiny Chest","Centennial Puzzle"],"potions_floor_usage":[7,13,14],"damage_taken":[{"damage":2,"enemies":"Small Slimes","floor":1,"turns":4},{"damage":7,"enemies":"Jaw Worm","floor":5,"turns":3},{"damage":35,"enemies":"Gremlin Nob","floor":7,"turns":4},{"damage":0,"enemies":"Cultist","floor":8,"turns":3},{"damage":10,"enemies":"3 Sentries","floor":12,"turns":6},{"damage":1,"enemies":"Blue Slaver","floor":13,"turns":4},{"damage":23,"enemies":"Gremlin Nob","floor":14,"turns":3}],"seed_played":"-5359051812708820399","potions_obtained":[{"floor":5,"key":"AttackPotion"},{"floor":7,"key":"SpeedPotion"},{"floor":8,"key":"EntropicBrew"}],"is_trial":false,"path_per_floor":["M","?","?","?","M","R","E","M","T","$","R","E","M"],"character_chosen":"DEFECT","items_purchased":["Tiny Chest"],"campfire_rested":1,"item_purchase_floors":[10],"current_hp_per_floor":[66,66,66,52,45,45,10,10,10,10,30,20,19,0],"gold":222,"neow_bonus":"REMOVE_TWO","is_prod":false,"is_daily":false,"chose_seed":false,"campfire_upgraded":1,"win_rate":0,"timestamp":1536457126,"path_taken":["M","?","?","?","M","R","E","?","T","$","R","E","M","E"],"build_version":"2018-09-06","purchased_purges":1,"victory":false,"max_hp_per_floor":[68,68,68,68,68,68,68,68,68,68,68,68,68,68],"card_choices":[{"not_picked":["Compile Driver","Reinforced Body"],"picked":"Double Energy","floor":1},{"not_picked":["Doom and Gloom","Go for the Eyes"],"picked":"Hologram","floor":5},{"not_picked":["Hologram","Gash"],"picked":"Chill","floor":7},{"not_picked":["Gash","Compile Driver","Sweeping Beam"],"picked":"SKIP","floor":8},{"not_picked":["Lockon","Conserve Battery"],"picked":"BootSequence","floor":12},{"not_picked":["Stack","Ball Lightning"],"picked":"Conserve Battery","floor":13}],"player_experience":341602,"relics_obtained":[{"floor":7,"key":"PreservedInsect"},{"floor":9,"key":"Orichalcum"},{"floor":12,"key":"Centennial Puzzle"}],"event_choices":[{"event_name":"Liars Game","player_choice":"agreed","floor":2,"damage_taken":0},{"event_name":"Upgrade Shrine","player_choice":"Upgraded","floor":3,"damage_taken":0},{"event_name":"Shining Light","player_choice":"Entered Light","floor":4,"damage_taken":0}],"is_beta":false,"boss_relics":[],"items_purged_floors":[10],"is_endless":false,"potions_floor_spawned":[5,7,8],"killed_by":"Gremlin Nob","ascension_level":7}