{"gold_per_floor":[113,38,38,38,58,92,92,124,203,203,203,50,125,145,145,220,220,232,232,247,261,280,280,1,13,67,67,67,22,122,142,142,218,218,233,247,247,247,347,373,385,385,408,736,471,396,407,292,292,292,292,292,292,24,57,57],"floor_reached":57,"playtime":1965,"items_purged":["Strike_R","Strike_R","Defend_R","Immolate+1","Uppercut+1","Defend_R"],"score":2832,"play_id":"50c2a03c-19de-4a22-a1e2-de6969e77a72","local_time":"20190811192808","is_ascension_mode":true,"campfire_choices":[{"data":"Inflame","floor":7.0,"key":"SMITH"},{"floor":10.0,"key":"REST"},{"data":"Body Slam","floor":15.0,"key":"SMITH"},{"data":"Battle Trance","floor":23.0,"key":"SMITH"},{"data":"Shrug It Off","floor":27.0,"key":"SMITH"},{"data":"Immolate","floor":32.0,"key":"SMITH"},{"data":"Entrench","floor":42.0,"key":"SMITH"},{"floor":49,"key":"RECALL"},{"data":"Defend_R","floor":53,"key":"PURGE"}],"neow_cost":"NONE","seed_source_timestamp":1303217179494500,"circlet_count":0,"master_deck":["AscendersBane","Defend_R+1","Inflame+1","Battle Trance+1","Body Slam+1","Shrug It Off+1","Disarm","Barricade+1","Second Wind+1","Bloodletting","Feel No Pain","Intimidate","Flash of Steel","Entrench+1","Master of Strategy","Impervious","Power Through","Burning Pact+1","AscendersBane"],"special_seed":0,"relics":["Burning Blood","NeowsBlessing","Dream Catcher","Happy Flower","Anchor","Matryoshka","Centennial Puzzle","Astrolabe","Membership Card","Pantograph","Tiny Chest","Peace Pipe","Self Forming Clay","Runic Cube","Calipers","Kunai","Bronze Scales","Old Coin","Magic Flower","DollysMirror","Orichalcum"],"potions_floor_usage":[56,56],"damage_taken":[{"damage":0.0,"enemies":"Jaw Worm","floor":1.0,"turns":1.0},{"damage":0.0,"enemies":"Small Slimes","floor":5.0,"turns":1.0},{"damage":0.0,"enemies":"Lagavulin","floor":6.0,"turns":1.0},{"damage":54.0,"enemies":"3 Sentries","floor":8.0,"turns":13.0},{"damage":0.0,"enemies":"Cultist","floor":14.0,"turns":2.0},{"damage":2.0,"enemies":"The Guardian","floor":16.0,"turns":11.0},{"damage":11.0,"enemies":"2 Thieves","floor":18.0,"turns":4.0},{"damage":3.0,"enemies":"Spheric Guardian","floor":20.0,"turns":4.0},{"damage":0.0,"enemies":"Snake Plant","floor":21.0,"turns":5.0},{"damage":0.0,"enemies":"Centurion and Healer","floor":22.0,"turns":6.0},{"damage":2.0,"enemies":"Snecko","floor":25.0,"turns":5.0},{"damage":15.0,"enemies":"Colosseum Slavers","floor":30.0,"turns":3.0},{"damage":0.0,"enemies":"Colosseum Nobs","floor":30.0,"turns":5.0},{"damage":0.0,"enemies":"Chosen and Byrds","floor":31.0,"turns":7.0},{"damage":20.0,"enemies":"Automaton","floor":33.0,"turns":5.0},{"damage":11.0,"enemies":"3 Darklings","floor":35.0,"turns":3.0},{"damage":0.0,"enemies":"3 Shapes","floor":36.0,"turns":4.0},{"damage":0.0,"enemies":"Mind Bloom Boss Battle","floor":39.0,"turns":4.0},{"damage":10.0,"enemies":"Nemesis","floor":40.0,"turns":7.0},{"damage":6.0,"enemies":"Writhing Mass","floor":41.0,"turns":5.0},{"damage":44.0,"enemies":"Reptomancer","floor":44.0,"turns":7.0},{"damage":0,"enemies":"Jaw Worm Horde","floor":47,"turns":4},{"damage":6,"enemies":"Time Eater","floor":50,"turns":7},{"damage":17,"enemies":"Donu and Deca","floor":51,"turns":4},{"damage":15,"enemies":"Shield and Spear","floor":55,"turns":5},{"damage":25,"enemies":"The Heart","floor":56,"turns":7}],"seed_played":"-3797847226492406427","potions_obtained":[{"floor":8.0,"key":"Fruit Juice"},{"floor":14.0,"key":"AttackPotion"},{"floor":16.0,"key":"BloodPotion"},{"floor":21.0,"key":"BloodPotion"},{"floor":22.0,"key":"SteroidPotion"},{"floor":30.0,"key":"SpeedPotion"}],"is_trial":false,"path_per_floor":["M","?","?","?","M","E","R","E","T","R","?","$","?","M","R","B",null,"M","?","M","M","M","R","$","M","T","R","?","$","?","M","R","B",null,"M","M","?","?","?","E","M","R","T","E","$","$","M","$","R","B","B",null,"R","$","E","B",null],"character_chosen":"IRONCLAD","items_purchased":["Body Slam","Shrug It Off","Membership Card","Flash of Steel","Power Through","Magic Flower","Swift Potion","DollysMirror","PowerPotion","Energy Potion"],"campfire_rested":1,"item_purchase_floors":[12,12,24,29,45,45,48,54,54,54],"current_hp_per_floor":[74,74,51,51,57,63,63,20,20,44,33,33,22,28,28,32,68,63,63,80,80,80,80,80,80,80,80,80,80,77,80,80,66,77,72,78,68,68,76,72,72,72,72,53,53,53,62,62,62,76,68,74,74,74,68,60],"gold":57,"neow_bonus":"THREE_ENEMY_KILL","is_prod":false,"is_daily":false,"chose_seed":false,"campfire_upgraded":6,"win_rate":0,"timestamp":1565522888,"path_taken":["M","?","?","?","?","E","R","E","T","R","?","$","?","M","R","BOSS","M","?","M","?","M","R","$","?","T","R","?","$","?","M","R","BOSS","M","M","?","?","?","E","M","R","T","E","?","$","?","$","R","BOSS","BOSS","R","$","E","BOSS"],"build_version":"2019-07-17","purchased_purges":6,"victory":true,"max_hp_per_floor":[75,75,75,75,75,75,75,80,80,80,80,80,80,80,80,80,80,80,80,80,80,80,80,80,80,80,80,80,80,80,80,80,80,80,80,80,80,76,76,76,76,76,76,76,76,76,76,76,76,76,76,76,76,76,76,76],"card_choices":[{"not_picked":["Clash","Flex"],"picked":"Shrug It Off","floor":1.0},{"not_picked":["Anger","Flex"],"picked":"Inflame","floor":5.0},{"not_picked":["Feel No Pain","Pommel Strike"],"picked":"Battle Trance","floor":6.0},{"not_picked":["Spot Weakness","Thunderclap","True Grit"],"picked":"SKIP","floor":8.0},{"not_picked":["Flex","Rampage"],"picked":"Disarm","floor":14.0},{"not_picked":["Offering","Impervious"],"picked":"Barricade","floor":16.0},{"not_picked":["True Grit","Perfected Strike"],"picked":"Second Wind+1","floor":18.0},{"not_picked":["Wild Strike","Clothesline"],"picked":"Bloodletting","floor":20.0},{"not_picked":["Rupture","Headbutt+1"],"picked":"Feel No Pain","floor":21.0},{"not_picked":["Headbutt","Reckless Charge","Bloodletting"],"picked":"SKIP","floor":22.0},{"not_picked":["Sword Boomerang","Cleave","Pummel"],"picked":"SKIP","floor":25.0},{"not_picked":["Iron Wave","Cleave","Clash"],"picked":"SKIP","floor":31.0},{"not_picked":["Havoc+1","Clash","Armaments"],"picked":"SKIP","floor":35.0},{"not_picked":["True Grit","Evolve"],"picked":"Entrench","floor":36.0},{"not_picked":["Enlightenment","Mind Blast"],"picked":"Master of Strategy","floor":37.0},{"not_picked":["Perfected Strike+1","Battle Trance"],"picked":"Impervious","floor":40.0},{"not_picked":["Thunderclap","Shrug It Off","Flame Barrier"],"picked":"SKIP","floor":41.0},{"not_picked":["Iron Wave","Impervious","Bludgeon"],"picked":"SKIP","floor":44.0},{"not_picked":["Sword Boomerang","Anger+1"],"picked":"Burning Pact+1","floor":47},{"not_picked":["Clothesline","Wild Strike","Uppercut"],"picked":"SKIP","floor":55}],"player_experience":783168,"relics_obtained":[{"floor":6.0,"key":"Happy Flower"},{"floor":8.0,"key":"Anchor"},{"floor":9.0,"key":"Matryoshka"},{"floor":26.0,"key":"Pantograph"},{"floor":26.0,"key":"Tiny Chest"},{"floor":30.0,"key":"Peace Pipe"},{"floor":30.0,"key":"Self Forming Clay"},{"floor":39.0,"key":"Calipers"},{"floor":40.0,"key":"Kunai"},{"floor":43.0,"key":"Bronze Scales"},{"floor":44.0,"key":"Old Coin"},{"floor":55,"key":"Orichalcum"}],"event_choices":[{"cards_removed":["Strike_R"],"damage_healed":0.0,"max_hp_gain":0.0,"max_hp_loss":0.0,"gold_gain":0.0,"event_name":"The Cleric","player_choice":"Card Removal","floor":2.0,"gold_loss":75.0,"damage_taken":0.0},{"damage_healed":0.0,"max_hp_gain":0.0,"max_hp_loss":0.0,"gold_gain":0.0,"event_name":"Shining Light","player_choice":"Entered Light","floor":3.0,"gold_loss":0.0,"damage_taken":23.0,"cards_upgraded":["Defend_R","Bash"]},{"cards_removed":["Shrug It Off"],"damage_healed":0.0,"max_hp_gain":0.0,"max_hp_loss":0.0,"gold_gain":0.0,"event_name":"WeMeetAgain","player_choice":"Gave Card","floor":4.0,"gold_loss":0.0,"damage_taken":0.0,"relics_obtained":["Dream Catcher"]},{"damage_healed":0.0,"max_hp_gain":0.0,"max_hp_loss":0.0,"gold_gain":0.0,"event_name":"Scrap Ooze","player_choice":"Success","floor":11.0,"gold_loss":0.0,"damage_taken":11.0,"relics_obtained":["Centennial Puzzle"]},{"damage_healed":0.0,"max_hp_gain":0.0,"max_hp_loss":0.0,"gold_gain":75.0,"event_name":"World of Goop","player_choice":"Gather Gold","floor":13.0,"gold_loss":0.0,"damage_taken":11.0},{"damage_healed":0.0,"max_hp_gain":0.0,"max_hp_loss":0.0,"gold_gain":0.0,"event_name":"Upgrade Shrine","player_choice":"Upgraded","floor":19.0,"gold_loss":0.0,"damage_taken":0.0,"cards_upgraded":["Barricade"]},{"damage_healed":0.0,"max_hp_gain":0.0,"max_hp_loss":0.0,"gold_gain":0.0,"cards_transformed":["Whirlwind","Flex"],"event_name":"Drug Dealer","player_choice":"Became Test Subject","floor":28.0,"gold_loss":0.0,"damage_taken":0.0,"cards_obtained":["Immolate","Intimidate"]},{"damage_healed":0.0,"max_hp_gain":0.0,"max_hp_loss":0.0,"gold_gain":0.0,"event_name":"Colosseum","player_choice":"Fight","floor":30.0,"gold_loss":0.0,"damage_taken":0.0},{"damage_healed":0.0,"max_hp_gain":0.0,"max_hp_loss":0.0,"gold_gain":0.0,"event_name":"Colosseum","player_choice":"Fought Nobs","floor":30.0,"gold_loss":0.0,"damage_taken":0.0},{"damage_healed":0.0,"max_hp_gain":0.0,"max_hp_loss":0.0,"gold_gain":0.0,"event_name":"SensoryStone","player_choice":"Memory 3","floor":37.0,"gold_loss":0.0,"damage_taken":10.0},{"damage_healed":0.0,"max_hp_gain":0.0,"max_hp_loss":4.0,"gold_gain":0.0,"event_name":"Winding Halls","player_choice":"Max HP","floor":38.0,"gold_loss":0.0,"damage_taken":0.0},{"damage_healed":0.0,"max_hp_gain":0.0,"max_hp_loss":0.0,"gold_gain":0.0,"event_name":"MindBloom","player_choice":"Fight","floor":39.0,"gold_loss":0.0,"damage_taken":0.0}],"is_beta":false,"boss_relics":[{"not_picked":["Velvet Choker","Pandora\u0027s Box"],"picked":"Astrolabe"},{"not_picked":["Mark of Pain","Black Star"],"picked":"Runic Cube"}],"items_purged_floors":[12,24,45,46,48,54],"is_endless":false,"potions_floor_spawned":[8,14,16,18,21,22,30,39,40,55],"ascension_level":20}