{"gold_per_floor":[119,44,59,59,23,23,23,57,57,68,68,84,95,61,61,164,164,104,34,34,50,64,64],"floor_reached":23,"playtime":2038,"items_purged":["Defend_B"],"score":255,"play_id":"df67dc92-b8d9-48aa-943e-ae978dea5887","local_time":"20180825151229","is_ascension_mode":true,"campfire_choices":[{"data":"Loop","floor":6,"key":"SMITH"},{"floor":11,"key":"REST"},{"floor":15,"key":"REST"}],"neow_cost":"PERCENT_DAMAGE","seed_source_timestamp":11469314376248,"circlet_count":0,"master_deck":["Strike_B","Defend_B","Defend_B","Defend_B","Zap","Dualcast","Coolheaded","Self Repair","Loop+1","Defragment","FTL","Seek","Capacitor","Loop","Creative AI","Steam","Defragment","Glacier","Ball Lightning"],"relics":["Cracked Core","Ginger","Gambling Chip","Black Star"],"potions_floor_usage":[12,12,16],"damage_taken":[{"damage":0,"enemies":"Cultist","floor":1,"turns":3},{"damage":3,"enemies":"Small Slimes","floor":3,"turns":3},{"damage":27,"enemies":"3 Sentries","floor":8,"turns":10},{"damage":0,"enemies":"2 Louse","floor":10,"turns":2},{"damage":38,"enemies":"Gremlin Gang","floor":12,"turns":5},{"damage":6,"enemies":"Exordium Wildlife","floor":13,"turns":6},{"damage":29,"enemies":"Hexaghost","floor":16,"turns":9},{"damage":28,"enemies":"2 Thieves","floor":18,"turns":4},{"damage":15,"enemies":"Shell Parasite","floor":21,"turns":7},{"damage":20,"enemies":"Snecko","floor":22,"turns":11},{"damage":31,"enemies":"Slavers","floor":23,"turns":3}],"seed_played":"-6008466498686922995","potions_obtained":[{"floor":1,"key":"Block Potion"},{"floor":10,"key":"AttackPotion"},{"floor":12,"key":"LiquidBronze"},{"floor":13,"key":"Strength Potion"},{"floor":22,"key":"Strength Potion"}],"is_trial":false,"path_per_floor":["M","$","M","?","$","R","$","E","T","M","R","M","M","$","R","B",null,"M","$","?","M","M"],"character_chosen":"DEFECT","items_purchased":["Loop","Loop","Defragment"],"campfire_rested":2,"item_purchase_floors":[5,14,19],"current_hp_per_floor":[50,50,47,47,47,47,47,27,27,34,56,25,26,26,48,26,63,42,42,42,34,21,0],"gold":64,"neow_bonus":"REMOVE_TWO","is_prod":false,"is_daily":false,"chose_seed":false,"campfire_upgraded":1,"win_rate":0,"timestamp":1535224349,"path_taken":["M","?","M","?","?","R","?","E","T","M","R","M","?","$","R","BOSS","M","$","?","M","?","E"],"build_version":"2018-08-23v2","purchased_purges":1,"victory":false,"max_hp_per_floor":[75,75,75,75,75,75,75,75,75,75,75,75,75,75,75,75,75,75,75,75,75,75,75],"card_choices":[{"not_picked":["Darkness","Double Energy"],"picked":"Coolheaded","floor":1},{"not_picked":["Gash","Scrape"],"picked":"Self Repair","floor":3},{"not_picked":["Recycle","Aggregate"],"picked":"Defragment","floor":8},{"not_picked":["Genetic Algorithm","Redo"],"picked":"FTL","floor":10},{"not_picked":["Rebound","Force Field"],"picked":"Seek","floor":12},{"not_picked":["Tempest","Gash"],"picked":"Capacitor","floor":13},{"not_picked":["Reboot","Core Surge"],"picked":"Creative AI","floor":16},{"not_picked":["Barrage","Turbo"],"picked":"Steam","floor":18},{"not_picked":["Melter+1","Steam"],"picked":"Glacier","floor":21},{"not_picked":["Beam Cell","Redo"],"picked":"Ball Lightning","floor":22}],"player_experience":253907,"relics_obtained":[{"floor":8,"key":"Ginger"},{"floor":9,"key":"Gambling Chip"}],"event_choices":[{"event_name":"Living Wall","player_choice":"Forget","floor":4,"damage_taken":0},{"event_name":"Beggar","player_choice":"Ignored","floor":20,"damage_taken":0}],"is_beta":false,"boss_relics":[{"not_picked":["Empty Cage","Pandora\u0027s Box"],"picked":"Black Star"}],"items_purged_floors":[2],"is_endless":false,"potions_floor_spawned":[1,10,12,13,22],"killed_by":"Slavers","ascension_level":7}