{"gold_per_floor":[114,114,126,51,51,63,63,83,83,15,15,15,28,55,55,126,126,141,155,155,175,40,40,73,83,83,114,128,203,233,20,20,20],"floor_reached":33,"playtime":1126,"items_purged":["Strike_B"],"score":664,"play_id":"e67f0872-62a6-4694-b67f-f608fe9646ec","local_time":"20190817215624","is_ascension_mode":true,"campfire_choices":[{"data":"Zap","floor":7.0,"key":"SMITH"},{"data":"Consume","floor":15.0,"key":"SMITH"},{"data":"Rainbow","floor":23.0,"key":"SMITH"},{"data":"Coolheaded","floor":32.0,"key":"SMITH"}],"neow_cost":"NONE","seed_source_timestamp":217531079241300,"circlet_count":0,"master_deck":["AscendersBane","Strike_B+1","Defend_B","Defend_B","Defend_B","Defend_B","Zap+1","Dualcast","Cold Snap","Fission+1","Turbo","Glacier","Ball Lightning","Injury","Skim","Double Energy","Consume+1","Rainbow+1","Compile Driver+1","Hologram","Hologram","Turbo","Coolheaded+1","Clumsy"],"special_seed":0,"relics":["Cursed Key","The Courier","Shuriken","Runic Pyramid","FaceOfCleric","DataDisk","Singing Bowl","Mercury Hourglass","PreservedInsect","Membership Card"],"potions_floor_usage":[],"damage_taken":[{"damage":2.0,"enemies":"Jaw Worm","floor":1.0,"turns":4.0},{"damage":0.0,"enemies":"Cultist","floor":3.0,"turns":5.0},{"damage":0.0,"enemies":"Small Slimes","floor":6.0,"turns":4.0},{"damage":2.0,"enemies":"Blue Slaver","floor":8.0,"turns":4.0},{"damage":0.0,"enemies":"Gremlin Gang","floor":12.0,"turns":3.0},{"damage":13.0,"enemies":"Large Slime","floor":13.0,"turns":5.0},{"damage":6.0,"enemies":"Lagavulin","floor":14.0,"turns":8.0},{"damage":16.0,"enemies":"Hexaghost","floor":16.0,"turns":12.0},{"damage":2.0,"enemies":"Chosen","floor":18.0,"turns":6.0},{"damage":0.0,"enemies":"Spheric Guardian","floor":19.0,"turns":5.0},{"damage":22.0,"enemies":"Snake Plant","floor":21.0,"turns":4.0},{"damage":2.0,"enemies":"Book of Stabbing","floor":24.0,"turns":4.0},{"damage":15.0,"enemies":"Centurion and Healer","floor":25.0,"turns":6.0},{"damage":26.0,"enemies":"Slavers","floor":27.0,"turns":5.0},{"damage":0.0,"enemies":"Sentry and Sphere","floor":28.0,"turns":5.0},{"damage":0.0,"enemies":"Book of Stabbing","floor":30.0,"turns":4.0},{"damage":21,"enemies":"Champ","floor":33,"turns":10}],"seed_played":"-2829741700346413968","potions_obtained":[{"floor":1.0,"key":"SmokeBomb"},{"floor":13.0,"key":"Fire Potion"},{"floor":16.0,"key":"Regen Potion"},{"floor":21.0,"key":"Fire Potion"},{"floor":24.0,"key":"FairyPotion"},{"floor":28.0,"key":"Block Potion"}],"is_trial":false,"path_per_floor":["M","?","M","?","?","M","R","M","T","$","?","M","M","E","R","B",null,"M","M","?","M","$","R","E","M","T","E","M","T","E","$","R","B"],"character_chosen":"DEFECT","items_purchased":["Skim","DataDisk","Membership Card"],"campfire_rested":0,"item_purchase_floors":[10,22,31],"current_hp_per_floor":[62,62,62,62,41,41,41,39,39,39,62,62,49,43,43,27,60,58,58,58,46,46,46,45,31,31,6,9,9,12,12,12,8],"gold":20,"neow_bonus":"BOSS_RELIC","is_prod":false,"is_daily":false,"chose_seed":false,"campfire_upgraded":4,"win_rate":0,"timestamp":1566050184,"path_taken":["M","?","?","?","?","M","R","M","T","$","?","M","?","E","R","BOSS","M","?","?","?","?","R","E","M","T","E","M","?","E","$","R","BOSS"],"build_version":"2019-07-17","purchased_purges":1,"victory":false,"max_hp_per_floor":[71,71,71,71,71,71,71,71,71,71,71,71,71,71,71,71,71,71,71,71,72,72,72,73,74,74,75,78,78,81,81,81,81],"card_choices":[{"not_picked":["Reprogram","Barrage"],"picked":"Cold Snap","floor":1.0},{"not_picked":["Melter","Gash"],"picked":"Turbo","floor":3.0},{"not_picked":["Skim","Scrape"],"picked":"Glacier","floor":6.0},{"not_picked":["Redo","Steam Power"],"picked":"Ball Lightning","floor":8.0},{"not_picked":["Barrage","Fission"],"picked":"Double Energy","floor":13.0},{"not_picked":["Reprogram","Fission"],"picked":"Consume","floor":14.0},{"not_picked":["Multi-Cast","Buffer"],"picked":"Rainbow","floor":16.0},{"not_picked":["Go for the Eyes+1","Cold Snap","Redo"],"picked":"SKIP","floor":18.0},{"not_picked":["Steam","Gash"],"picked":"Compile Driver+1","floor":19.0},{"not_picked":["Leap","Blizzard"],"picked":"Hologram","floor":21.0},{"not_picked":["Steam","FTL"],"picked":"Hologram","floor":24.0},{"not_picked":["Reinforced Body+1","Leap"],"picked":"Turbo","floor":25.0},{"not_picked":["Ball Lightning","Redo"],"picked":"Coolheaded","floor":27.0},{"not_picked":["Beam Cell","Leap","Hyperbeam"],"picked":"Singing Bowl","floor":28.0},{"not_picked":["Scrape","Rip and Tear","Streamline"],"picked":"Singing Bowl","floor":30.0}],"player_experience":822050,"relics_obtained":[{"floor":9.0,"key":"The Courier"},{"floor":14.0,"key":"Shuriken"},{"floor":24.0,"key":"Singing Bowl"},{"floor":27.0,"key":"Mercury Hourglass"},{"floor":30.0,"key":"PreservedInsect"}],"event_choices":[{"damage_healed":0.0,"max_hp_gain":0.0,"max_hp_loss":0.0,"gold_gain":0.0,"cards_transformed":["Strike_B"],"event_name":"Transmorgrifier","player_choice":"Transformed","floor":2.0,"gold_loss":0.0,"damage_taken":0.0,"cards_obtained":["Fission"]},{"cards_removed":["Strike_B"],"damage_healed":0.0,"max_hp_gain":0.0,"max_hp_loss":0.0,"gold_gain":0.0,"event_name":"The Cleric","player_choice":"Card Removal","floor":4.0,"gold_loss":75.0,"damage_taken":0.0},{"damage_healed":0.0,"max_hp_gain":0.0,"max_hp_loss":0.0,"gold_gain":0.0,"event_name":"Shining Light","player_choice":"Entered Light","floor":5.0,"gold_loss":0.0,"damage_taken":21.0,"cards_upgraded":["Strike_B","Fission"]},{"damage_healed":23.0,"max_hp_gain":0.0,"max_hp_loss":0.0,"gold_gain":0.0,"event_name":"Big Fish","player_choice":"Banana","floor":11.0,"gold_loss":0.0,"damage_taken":0.0},{"damage_healed":0.0,"max_hp_gain":0.0,"max_hp_loss":0.0,"gold_gain":0.0,"event_name":"FaceTrader","player_choice":"Trade","floor":20.0,"gold_loss":0.0,"damage_taken":0.0,"relics_obtained":["FaceOfCleric"]}],"is_beta":false,"boss_relics":[{"not_picked":["Philosopher\u0027s Stone","Eternal Feather"],"picked":"Runic Pyramid"}],"items_purged_floors":[31],"is_endless":false,"potions_floor_spawned":[1,12,13,16,21,24,28],"killed_by":"Champ","ascension_level":20}