{"gold_per_floor":[112,112,127,127,146,146,177,197,221,241,241,271,290,322,322,395,395,407,407,159,178,93,93,93,127,127,127,127,27,27,61,61,61],"floor_reached":33,"playtime":786,"items_purged":["Strike_G","Strike_G"],"score":542,"play_id":"c070f4c3-4d8e-418c-8eae-f768972a7492","local_time":"20190810164731","is_ascension_mode":true,"campfire_choices":[{"data":"Glass Knife","floor":6.0,"key":"SMITH"},{"data":"Noxious Fumes","floor":11.0,"key":"SMITH"},{"data":"Catalyst","floor":15.0,"key":"SMITH"},{"data":"Adrenaline","floor":23.0,"key":"SMITH"},{"data":"Acrobatics","floor":27.0,"key":"SMITH"},{"data":"Calculated Gamble","floor":30.0,"key":"SMITH"},{"floor":32.0,"key":"REST"}],"neow_cost":"NONE","seed_source_timestamp":1208195850391000,"circlet_count":0,"master_deck":["AscendersBane","Strike_G","Strike_G+1","Defend_G","Defend_G","Defend_G","Defend_G","Survivor","Neutralize+1","Noxious Fumes+1","Neutralize","Glass Knife+1","Adrenaline+1","Catalyst+1","Grand Finale","Acrobatics+1","Calculated Gamble+1"],"special_seed":0,"relics":["Empty Cage","Whetstone","Juzu Bracelet","Bronze Scales","Mummified Hand","White Beast Statue","Oddly Smooth Stone","Blood Vial","Anchor","Potion Belt","Red Mask"],"potions_floor_usage":[33],"damage_taken":[{"damage":5.0,"enemies":"Small Slimes","floor":1.0,"turns":5.0},{"damage":1.0,"enemies":"2 Louse","floor":3.0,"turns":3.0},{"damage":0.0,"enemies":"Cultist","floor":5.0,"turns":4.0},{"damage":29.0,"enemies":"Lagavulin","floor":7.0,"turns":8.0},{"damage":1.0,"enemies":"Blue Slaver","floor":8.0,"turns":3.0},{"damage":4.0,"enemies":"2 Fungi Beasts","floor":10.0,"turns":2.0},{"damage":6.0,"enemies":"Exordium Thugs","floor":13.0,"turns":3.0},{"damage":10.0,"enemies":"3 Sentries","floor":14.0,"turns":5.0},{"damage":20.0,"enemies":"The Guardian","floor":16.0,"turns":10.0},{"damage":6.0,"enemies":"3 Byrds","floor":18.0,"turns":3.0},{"damage":9.0,"enemies":"Shell Parasite","floor":21.0,"turns":4.0},{"damage":22.0,"enemies":"Slavers","floor":25.0,"turns":2.0},{"damage":12.0,"enemies":"Masked Bandits","floor":31.0,"turns":3.0},{"damage":61,"enemies":"Automaton","floor":33,"turns":8}],"seed_played":"1105187052268108085","potions_obtained":[{"floor":3.0,"key":"Regen Potion"},{"floor":7.0,"key":"Energy Potion"},{"floor":8.0,"key":"Explosive Potion"},{"floor":13.0,"key":"SkillPotion"},{"floor":16.0,"key":"Weak Potion"},{"floor":21.0,"key":"GamblersBrew"},{"floor":25.0,"key":"Ancient Potion"},{"floor":31.0,"key":"Regen Potion"}],"is_trial":false,"path_per_floor":["M","?","M","?","M","R","E","M","T","M","R","?","M","E","R","B",null,"M","?","$","M","?","R","?","E","T","R","?","$","R","?","R","B"],"character_chosen":"THE_SILENT","items_purchased":["Oddly Smooth Stone"],"campfire_rested":1,"item_purchase_floors":[20],"current_hp_per_floor":[54,59,58,58,58,58,44,43,43,39,39,39,33,23,23,3,54,48,48,48,39,39,39,39,19,19,19,19,19,19,9,30,0],"gold":61,"neow_bonus":"BOSS_RELIC","is_prod":false,"is_daily":false,"chose_seed":false,"campfire_upgraded":6,"win_rate":0,"timestamp":1565426851,"path_taken":["M","?","M","?","?","R","E","M","T","M","R","?","M","E","R","BOSS","M","?","$","M","?","R","?","E","T","R","?","$","R","?","R","BOSS"],"build_version":"2019-07-17","purchased_purges":2,"victory":false,"max_hp_per_floor":[66,71,71,71,71,71,71,71,71,71,71,71,71,71,71,71,71,71,71,71,71,71,71,71,71,71,71,71,71,71,71,71,71],"card_choices":[{"not_picked":["Dodge and Roll","Deflect","Acrobatics"],"picked":"SKIP","floor":1.0},{"not_picked":["Dagger Throw","Bouncing Flask"],"picked":"Noxious Fumes","floor":3.0},{"not_picked":["Infinite Blades","Bane"],"picked":"Adrenaline","floor":5.0},{"not_picked":["Deadly Poison","Bane","Poisoned Stab"],"picked":"SKIP","floor":7.0},{"not_picked":["Deadly Poison","Bane","Poisoned Stab"],"picked":"SKIP","floor":7.0},{"not_picked":["Cloak And Dagger","Setup","Dagger Spray"],"picked":"SKIP","floor":8.0},{"not_picked":["Dagger Throw","Underhanded Strike","Poisoned Stab"],"picked":"SKIP","floor":10.0},{"not_picked":["Outmaneuver","Heel Hook"],"picked":"Catalyst","floor":13.0},{"not_picked":["Bane","Dagger Spray","Quick Slash"],"picked":"SKIP","floor":14.0},{"not_picked":["After Image","Adrenaline"],"picked":"Grand Finale","floor":16.0},{"not_picked":["Distraction","Cloak And Dagger","Deadly Poison"],"picked":"SKIP","floor":18.0},{"not_picked":["Dagger Spray","Slice","Backstab"],"picked":"SKIP","floor":21.0},{"not_picked":["Deadly Poison","PiercingWail"],"picked":"Acrobatics","floor":25.0}],"player_experience":770611,"relics_obtained":[{"floor":7.0,"key":"Whetstone"},{"floor":9.0,"key":"Juzu Bracelet"},{"floor":14.0,"key":"Mummified Hand"},{"floor":25.0,"key":"Anchor"},{"floor":26.0,"key":"Potion Belt"},{"floor":31.0,"key":"Red Mask"}],"event_choices":[{"damage_healed":0.0,"max_hp_gain":5.0,"max_hp_loss":0.0,"gold_gain":0.0,"event_name":"Big Fish","player_choice":"Donut","floor":2.0,"gold_loss":0.0,"damage_taken":0.0},{"damage_healed":0.0,"max_hp_gain":0.0,"max_hp_loss":0.0,"gold_gain":0.0,"event_name":"Match and Keep!","player_choice":"2 cards matched","floor":4.0,"gold_loss":0.0,"damage_taken":0.0,"cards_obtained":["Neutralize","Glass Knife"]},{"damage_healed":0.0,"max_hp_gain":0.0,"max_hp_loss":0.0,"gold_gain":30.0,"event_name":"Dead Adventurer","player_choice":"Searched \u00272\u0027 times","floor":12.0,"gold_loss":0.0,"damage_taken":0.0,"relics_obtained":["Bronze Scales"]},{"damage_healed":0.0,"max_hp_gain":0.0,"max_hp_loss":0.0,"gold_gain":0.0,"event_name":"Vampires","player_choice":"Ignored","floor":19.0,"gold_loss":0.0,"damage_taken":0.0},{"damage_healed":0.0,"max_hp_gain":0.0,"max_hp_loss":0.0,"gold_gain":0.0,"event_name":"Addict","player_choice":"Obtained Relic","floor":22.0,"gold_loss":85.0,"damage_taken":0.0,"relics_obtained":["Blood Vial"]},{"damage_healed":0.0,"max_hp_gain":0.0,"max_hp_loss":0.0,"gold_gain":0.0,"event_name":"N\u0027loth","player_choice":"Ignored","floor":24.0,"gold_loss":0.0,"damage_taken":0.0},{"damage_healed":0.0,"max_hp_gain":0.0,"max_hp_loss":0.0,"gold_gain":0.0,"event_name":"The Library","player_choice":"Read","floor":28.0,"gold_loss":0.0,"damage_taken":0.0,"cards_obtained":["Calculated Gamble"]},{"damage_healed":0.0,"max_hp_gain":0.0,"max_hp_loss":0.0,"gold_gain":0.0,"event_name":"Masked Bandits","player_choice":"Fought Bandits","floor":31.0,"gold_loss":0.0,"damage_taken":0.0}],"is_beta":false,"boss_relics":[{"not_picked":["Ectoplasm","Snecko Eye"],"picked":"White Beast Statue"}],"items_purged_floors":[20,29],"is_endless":false,"potions_floor_spawned":[3,7,8,13,16,18,21,25,31],"killed_by":"Automaton","ascension_level":20}