{"gold_per_floor":[117,42,42,54,54,81,81,6,76,96,96,112,144,163,163,240,240,258,238,110,385,3,3,58,72,72,90,102,102,102,122,122,196,196,207,207,220,220,6,32,45,71,71,96,96,96,108,142,142,142,142,142,142,62,89,89],"floor_reached":57,"playtime":2497,"items_purged":["Strike_B","Strike_B","Defend_B+1"],"score":3211,"play_id":"f3f2f85f-82df-4a44-916b-6e244eb53239","local_time":"20190821234629","is_ascension_mode":true,"campfire_choices":[{"data":"Consume","floor":11.0,"key":"SMITH"},{"data":"Sunder","floor":15.0,"key":"SMITH"},{"data":"Turbo","floor":23.0,"key":"SMITH"},{"data":"Recycle","floor":29.0,"key":"SMITH"},{"data":"Redo","floor":32.0,"key":"SMITH"},{"data":"Defragment","floor":46.0,"key":"SMITH"},{"floor":49.0,"key":"RECALL"},{"data":"Capacitor","floor":53.0,"key":"SMITH"}],"neow_cost":"NONE","seed_source_timestamp":567856452343200,"circlet_count":0,"master_deck":["AscendersBane","Defend_B+1","Zap+1","Dualcast+1","Sunder+1","Skim+1","Consume+1","Capacitor+1","Cold Snap+1","Buffer+1","Hologram+1","Defragment+1","Double Energy+1","Rainbow+1","Turbo+1","Recycle+1","Heatsinks+1","Turbo+1","Creative AI+1","Skim+1","Redo+1","Electrodynamics+1","Defragment+1","Capacitor+1","Core Surge"],"special_seed":0,"relics":["Cracked Core","NeowsBlessing","Centennial Puzzle","Gambling Chip","Omamori","Lizard Tail","Medical Kit","Tiny Chest","Cables","Coffee Dripper","Mark of the Bloom","Pear","PreservedInsect","Torii","Boot","Mummified Hand","Happy Flower"],"potions_floor_usage":[56,56],"damage_taken":[{"damage":0.0,"enemies":"Jaw Worm","floor":1.0,"turns":1.0},{"damage":0.0,"enemies":"2 Louse","floor":4.0,"turns":1.0},{"damage":0.0,"enemies":"Lagavulin","floor":6.0,"turns":1.0},{"damage":1.0,"enemies":"Cultist","floor":10.0,"turns":4.0},{"damage":31.0,"enemies":"Exordium Thugs","floor":12.0,"turns":6.0},{"damage":24.0,"enemies":"Gremlin Nob","floor":13.0,"turns":4.0},{"damage":5.0,"enemies":"Blue Slaver","floor":14.0,"turns":6.0},{"damage":0.0,"enemies":"Slime Boss","floor":16.0,"turns":9.0},{"damage":3.0,"enemies":"Shell Parasite","floor":18.0,"turns":6.0},{"damage":7.0,"enemies":"Slavers","floor":24.0,"turns":2.0},{"damage":23.0,"enemies":"3 Byrds","floor":25.0,"turns":7.0},{"damage":10.0,"enemies":"Snecko","floor":27.0,"turns":5.0},{"damage":3.0,"enemies":"Shelled Parasite and Fungi","floor":28.0,"turns":7.0},{"damage":0.0,"enemies":"Chosen and Byrds","floor":31.0,"turns":3.0},{"damage":1.0,"enemies":"Automaton","floor":33.0,"turns":11.0},{"damage":11.0,"enemies":"3 Shapes","floor":35.0,"turns":2.0},{"damage":0.0,"enemies":"3 Darklings","floor":37.0,"turns":1.0},{"damage":0.0,"enemies":"Giant Head","floor":40.0,"turns":4.0},{"damage":0.0,"enemies":"Maw","floor":41.0,"turns":5.0},{"damage":0.0,"enemies":"Reptomancer","floor":44.0,"turns":2.0},{"damage":0.0,"enemies":"Transient","floor":47.0,"turns":6.0},{"damage":0.0,"enemies":"Nemesis","floor":48.0,"turns":3.0},{"damage":0.0,"enemies":"Awakened One","floor":50.0,"turns":3.0},{"damage":10.0,"enemies":"Time Eater","floor":51.0,"turns":5.0},{"damage":0,"enemies":"Shield and Spear","floor":55,"turns":2},{"damage":26,"enemies":"The Heart","floor":56,"turns":5}],"seed_played":"825227787121608180","potions_obtained":[{"floor":1.0,"key":"Regen Potion"},{"floor":4.0,"key":"FearPotion"},{"floor":13.0,"key":"Energy Potion"},{"floor":18.0,"key":"PowerPotion"},{"floor":24.0,"key":"FocusPotion"},{"floor":31.0,"key":"SneckoOil"},{"floor":41.0,"key":"Swift Potion"}],"is_trial":false,"path_per_floor":["M","?","$","M","T","E","?","$","T","M","R","M","E","M","R","B",null,"M","?","$","?","$","R","E","M","T","M","M","R","?","M","R","B",null,"M","?","M","?","$","E","M","T","T","E","?","R","M","E","R","B","B",null,"R","$","E","B",null],"character_chosen":"DEFECT","items_purchased":["Turbo","Recycle","Medical Kit","Heatsinks","Defragment","Ancient Potion"],"campfire_rested":0,"item_purchase_floors":[20,22,22,22,39,54],"current_hp_per_floor":[64,64,64,64,64,64,64,64,64,63,63,46,22,17,17,17,58,55,55,55,55,55,55,48,25,25,15,12,12,12,12,12,11,56,45,45,45,45,45,45,45,45,45,45,45,45,45,45,45,45,35,35,35,35,35,9],"gold":89,"neow_bonus":"THREE_ENEMY_KILL","is_prod":false,"is_daily":false,"chose_seed":false,"campfire_upgraded":7,"win_rate":0,"timestamp":1566402389,"path_taken":["M","?","?","M","?","E","?","$","T","M","R","M","E","M","R","BOSS","BOSS","M","?","?","?","$","R","E","M","T","M","?","R","?","M","R","BOSS","M","?","M","?","?","E","?","?","T","E","?","R","M","E","R","BOSS","BOSS","R","$","E","BOSS"],"build_version":"2019-07-17","purchased_purges":3,"victory":true,"max_hp_per_floor":[71,71,71,71,71,71,71,71,71,71,71,71,71,71,71,71,71,71,71,71,71,71,71,71,71,71,71,71,71,71,71,71,71,71,71,71,71,71,71,81,81,81,81,81,81,81,81,81,81,81,81,81,81,81,81,81],"card_choices":[{"not_picked":["Rip and Tear","Double Energy"],"picked":"Sunder","floor":1.0},{"not_picked":["Sweeping Beam","Gash"],"picked":"Skim","floor":4.0},{"not_picked":["Coolheaded","Leap"],"picked":"Consume","floor":6.0},{"not_picked":["Tempest","Sweeping Beam"],"picked":"Hologram","floor":10.0},{"not_picked":["Turbo","Beam Cell"],"picked":"Defragment","floor":12.0},{"not_picked":["Beam Cell","Reinforced Body","Streamline"],"picked":"SKIP","floor":13.0},{"not_picked":["Beam Cell","Reinforced Body","Streamline"],"picked":"SKIP","floor":13.0},{"not_picked":["Barrage","Go for the Eyes"],"picked":"Double Energy","floor":14.0},{"not_picked":["Seek","Amplify"],"picked":"Rainbow","floor":16.0},{"not_picked":["Undo","Streamline","Doom and Gloom"],"picked":"SKIP","floor":18.0},{"not_picked":["Melter","Aggregate","Conserve Battery"],"picked":"SKIP","floor":24.0},{"not_picked":["Sunder","Sweeping Beam","Steam"],"picked":"SKIP","floor":25.0},{"not_picked":["Rebound","Sweeping Beam"],"picked":"Turbo+1","floor":27.0},{"not_picked":["Hello World","Melter","Beam Cell"],"picked":"SKIP","floor":28.0},{"not_picked":["Streamline","Go for the Eyes"],"picked":"Redo","floor":31.0},{"not_picked":["Echo Form","Multi-Cast"],"picked":"Electrodynamics","floor":33.0},{"not_picked":["Barrage","Compile Driver+1","Stack"],"picked":"SKIP","floor":35.0},{"not_picked":["Blizzard","Rip and Tear","Turbo"],"picked":"SKIP","floor":37.0},{"not_picked":["Turbo","Conserve Battery","Streamline"],"picked":"SKIP","floor":40.0},{"not_picked":["Blizzard","Leap","Melter"],"picked":"SKIP","floor":41.0},{"not_picked":["Redo","Reinforced Body"],"picked":"Capacitor","floor":44.0},{"not_picked":["Go for the Eyes","Gash","Streamline"],"picked":"SKIP","floor":47.0},{"not_picked":["Leap+1","Streamline","Ball Lightning"],"picked":"SKIP","floor":48.0},{"not_picked":["Sweeping Beam","Darkness","Consume"],"picked":"SKIP","floor":55}],"player_experience":862208,"relics_obtained":[{"floor":5.0,"key":"Centennial Puzzle"},{"floor":6.0,"key":"Gambling Chip"},{"floor":13.0,"key":"Omamori"},{"floor":24.0,"key":"Tiny Chest"},{"floor":26.0,"key":"Cables"},{"floor":40.0,"key":"Pear"},{"floor":42.0,"key":"PreservedInsect"},{"floor":43.0,"key":"Torii"},{"floor":44.0,"key":"Boot"},{"floor":48.0,"key":"Mummified Hand"},{"floor":55,"key":"Happy Flower"}],"event_choices":[{"cards_removed":["Strike_B"],"damage_healed":0.0,"max_hp_gain":0.0,"max_hp_loss":0.0,"gold_gain":0.0,"event_name":"The Cleric","player_choice":"Card Removal","floor":2.0,"gold_loss":75.0,"damage_taken":0.0},{"damage_healed":0.0,"max_hp_gain":0.0,"max_hp_loss":0.0,"gold_gain":0.0,"event_name":"Match and Keep!","player_choice":"3 cards matched","floor":7.0,"gold_loss":0.0,"damage_taken":0.0,"cards_obtained":["Capacitor","Cold Snap","Buffer"]},{"damage_healed":0.0,"max_hp_gain":0.0,"max_hp_loss":0.0,"gold_gain":0.0,"event_name":"The Woman in Blue","player_choice":"Bought 1 Potion","floor":19.0,"gold_loss":0.0,"damage_taken":0.0},{"damage_healed":0.0,"max_hp_gain":0.0,"max_hp_loss":0.0,"gold_gain":275.0,"event_name":"Golden Shrine","player_choice":"Desecrate","floor":21.0,"gold_loss":0.0,"damage_taken":0.0,"cards_obtained":["Regret"]},{"damage_healed":0.0,"max_hp_gain":0.0,"max_hp_loss":0.0,"gold_gain":0.0,"cards_transformed":["Strike_B","Defend_B"],"event_name":"Drug Dealer","player_choice":"Became Test Subject","floor":30.0,"gold_loss":0.0,"damage_taken":0.0,"cards_obtained":["Creative AI","Skim"]},{"damage_healed":0.0,"max_hp_gain":0.0,"max_hp_loss":0.0,"gold_gain":0.0,"event_name":"MindBloom","player_choice":"Upgrade","floor":36.0,"gold_loss":0.0,"damage_taken":0.0,"cards_upgraded":["Defend_B","Defend_B","Defend_B","Zap","Dualcast","Skim","Capacitor","Cold Snap","Buffer","Hologram","Defragment","Double Energy","Rainbow","Heatsinks","Creative AI","Skim","Electrodynamics"],"relics_obtained":["Mark of the Bloom"]},{"damage_healed":0.0,"max_hp_gain":0.0,"max_hp_loss":0.0,"gold_gain":0.0,"event_name":"Tomb of Lord Red Mask","player_choice":"Ignored","floor":38.0,"gold_loss":0.0,"damage_taken":0.0},{"damage_healed":0.0,"max_hp_gain":0.0,"max_hp_loss":0.0,"gold_gain":0.0,"cards_transformed":["Defend_B"],"event_name":"Transmorgrifier","player_choice":"Transformed","floor":45.0,"gold_loss":0.0,"damage_taken":0.0,"cards_obtained":["Core Surge"]}],"is_beta":false,"boss_relics":[{"not_picked":["Snecko Eye","Velvet Choker"],"picked":"Lizard Tail"},{"not_picked":["Philosopher\u0027s Stone","FrozenCore"],"picked":"Coffee Dripper"}],"items_purged_floors":[8,20,39],"is_endless":false,"potions_floor_spawned":[1,4,13,18,24,31,40,41,47,48],"ascension_level":20}