{"gold_per_floor":[113,113,213,228,242,242,269,269,322,342,342,342,342,371,371,474,474,489,489],"floor_reached":19,"playtime":1330,"items_purged":[],"score":248,"play_id":"ad38dc9d-e0d9-41bc-a699-1dfc4e8ba9fb","local_time":"20180927120348","is_ascension_mode":true,"campfire_choices":[{"data":"Sweeping Beam","floor":6,"key":"SMITH"},{"floor":8,"key":"REST"},{"data":"Hologram","floor":11,"key":"SMITH"},{"floor":15,"key":"REST"}],"neow_cost":"NONE","seed_source_timestamp":317009427435488,"circlet_count":0,"master_deck":["Strike_B","Strike_B","Strike_B","Strike_B","Defend_B","Defend_B","Defend_B","Defend_B","Zap+1","Dualcast","AscendersBane","Coolheaded","FTL","Sweeping Beam+1","Electrodynamics","Hologram+1","Creative AI","Echo Form","Cold Snap+1"],"relics":["Cracked Core","Lantern","Vajra","Odd Mushroom","Philosopher\u0027s Stone"],"potions_floor_usage":[16,18,19],"damage_taken":[{"damage":1,"enemies":"Cultist","floor":1,"turns":3},{"damage":2,"enemies":"2 Louse","floor":4,"turns":3},{"damage":5,"enemies":"Jaw Worm","floor":5,"turns":3},{"damage":40,"enemies":"Gremlin Nob","floor":7,"turns":4},{"damage":6,"enemies":"Large Slime","floor":10,"turns":5},{"damage":13,"enemies":"The Mushroom Lair","floor":14,"turns":2},{"damage":24,"enemies":"The Guardian","floor":16,"turns":10},{"damage":33,"enemies":"Chosen","floor":18,"turns":4},{"damage":34,"enemies":"Shell Parasite","floor":19,"turns":2}],"seed_played":"2223629529381624624","potions_obtained":[{"floor":5,"key":"Energy Potion"},{"floor":7,"key":"SteroidPotion"},{"floor":14,"key":"PowerPotion"}],"is_trial":false,"path_per_floor":["M","$","?","M","M","R","E","R","T","M","R","?","$","?","R","B",null,"M"],"character_chosen":"DEFECT","items_purchased":[],"campfire_rested":2,"item_purchase_floors":[],"current_hp_per_floor":[67,67,67,65,60,60,20,42,42,36,36,36,36,23,45,21,62,29,0],"gold":489,"neow_bonus":"UPGRADE_CARD","is_prod":false,"is_daily":false,"chose_seed":false,"campfire_upgraded":2,"win_rate":0,"timestamp":1538064228,"path_taken":["M","?","?","M","M","R","E","R","T","?","R","?","$","?","R","BOSS","M","M"],"build_version":"2018-09-20","purchased_purges":0,"victory":false,"max_hp_per_floor":[75,75,75,75,75,75,75,75,75,75,75,75,75,75,75,75,75,75,75],"card_choices":[{"not_picked":["Rebound","Go for the Eyes"],"picked":"Coolheaded","floor":1},{"not_picked":["Ball Lightning","Conserve Battery"],"picked":"FTL","floor":4},{"not_picked":["Melter","Go for the Eyes"],"picked":"Sweeping Beam","floor":5},{"not_picked":["Genetic Algorithm","Barrage"],"picked":"Electrodynamics","floor":7},{"not_picked":["Turbo","Reinforced Body"],"picked":"Hologram","floor":10},{"not_picked":["Cold Snap","Steam Power"],"picked":"Creative AI","floor":14},{"not_picked":["Thunder Strike","Buffer"],"picked":"Echo Form","floor":16},{"not_picked":["Rip and Tear","Streamline"],"picked":"Cold Snap+1","floor":18}],"player_experience":410793,"relics_obtained":[{"floor":7,"key":"Lantern"},{"floor":9,"key":"Vajra"},{"floor":14,"key":"Odd Mushroom"}],"event_choices":[{"event_name":"Golden Shrine","player_choice":"Pray","floor":3,"damage_taken":0},{"event_name":"Shining Light","player_choice":"Ignored","floor":12,"damage_taken":0},{"event_name":"Mushrooms","player_choice":"Fought Mushrooms","floor":14,"damage_taken":0}],"is_beta":false,"boss_relics":[{"not_picked":["Tiny House","Astrolabe"],"picked":"Philosopher\u0027s Stone"}],"items_purged_floors":[],"is_endless":false,"potions_floor_spawned":[5,7,14],"killed_by":"Shell Parasite","ascension_level":10}