{"gold_per_floor":[114,289,304,54,69,69,69,99,149,149,179,179,254,284,284,396,408,435,447,558,570,582,624,966,978,990,1002,677,677,377,392,392,492,492,507,226,255,255,255,255,255,255,255,285,285,165,180,195,195,195],"floor_reached":51,"playtime":1857,"items_purged":[],"score":1021,"play_id":"66d73e9c-1b30-4e6b-9678-af88d5a7653d","local_time":"20181230204455","daily_mods":["Cursed Run","Flight","Binary"],"is_ascension_mode":false,"campfire_choices":[{"data":"Sweeping Beam","floor":10,"key":"SMITH"},{"floor":15,"key":"DIG"},{"floor":25,"key":"REST"},{"floor":27,"key":"DIG"},{"floor":29,"key":"DIG"},{"floor":32,"key":"DIG"},{"data":"1","floor":40,"key":"LIFT"},{"data":"2","floor":41,"key":"LIFT"},{"data":"3","floor":42,"key":"LIFT"},{"floor":45,"key":"DIG"},{"floor":49,"key":"DIG"}],"neow_cost":"","seed_source_timestamp":0,"circlet_count":0,"master_deck":["Strike_B+1","Strike_B+1","Strike_B+1","Defend_B+1","Defend_B+1","Defend_B+1","Defend_B+1","Zap","Dualcast","Compile Driver","Doubt","Sweeping Beam+1","Cold Snap","Regret","FTL","Injury","Seek","Writhe","Static Discharge","Decay","Hyperbeam+1","Hologram","Streamline+1","Hologram","Steam","FTL+1","Hyperbeam+1","Parasite","Panacea+1","Coolheaded+1","Recycle+1","Steam+1","Injury","Seek+1","Self Repair","Decay","Hologram+1","Beam Cell+1","Parasite"],"special_seed":17896,"relics":["Cursed Key","Darkstone Periapt","Du-Vu Doll","Mummified Hand","Ornamental Fan","Symbiotic Virus","Smiling Mask","Cables","Molten Egg 2","Shovel","MawBank","Orrery","Matryoshka","Kunai","Old Coin","Anchor","Toxic Egg 2","Regal Pillow","Bag of Preparation","Mango","Turnip","Girya","Inserter","ClockworkSouvenir","Ice Cream","Happy Flower","The Courier","DataDisk","Letter Opener","Pen Nib","Thread and Needle"],"potions_floor_usage":[16,37,44,50,50],"damage_taken":[{"damage":0,"enemies":"Small Slimes","floor":1,"turns":3},{"damage":6,"enemies":"Jaw Worm","floor":3,"turns":2},{"damage":5,"enemies":"2 Louse","floor":5,"turns":2},{"damage":12,"enemies":"Gremlin Nob","floor":8,"turns":4},{"damage":3,"enemies":"3 Sentries","floor":11,"turns":4},{"damage":3,"enemies":"Gremlin Nob","floor":14,"turns":2},{"damage":32,"enemies":"The Guardian","floor":16,"turns":7},{"damage":0,"enemies":"3 Byrds","floor":18,"turns":2},{"damage":28,"enemies":"Book of Stabbing","floor":23,"turns":4},{"damage":19,"enemies":"Gremlin Leader","floor":24,"turns":4},{"damage":0,"enemies":"2 Thieves","floor":31,"turns":1},{"damage":28,"enemies":"Automaton","floor":33,"turns":6},{"damage":0,"enemies":"3 Darklings","floor":35,"turns":1},{"damage":13,"enemies":"2 Orb Walkers","floor":37,"turns":3},{"damage":17,"enemies":"Giant Head","floor":44,"turns":6},{"damage":6,"enemies":"Orb Walker","floor":47,"turns":3},{"damage":4,"enemies":"Writhing Mass","floor":48,"turns":3},{"damage":82,"enemies":"Time Eater","floor":50,"turns":8}],"seed_played":"-1256899049179470920","potions_obtained":[{"floor":3,"key":"FocusPotion"},{"floor":5,"key":"GamblersBrew"},{"floor":16,"key":"GamblersBrew"},{"floor":33,"key":"GamblersBrew"},{"floor":48,"key":"Regen Potion"}],"is_trial":false,"path_per_floor":["M","?","M","$","M","?","$","E","T","R","E","?","T","E","R","B",null,"M","?","?","?","?","E","E","R","T","R","$","R","$","M","R","B",null,"M","$","?","?","?","R","R","R","T","E","R","$","M","M","R","B",null],"character_chosen":"DEFECT","items_purchased":["Mummified Hand","Panacea+1","Bag of Preparation","Coolheaded+1","Recycle+1","Turnip","ClockworkSouvenir","Self Repair","Pen Nib"],"campfire_rested":1,"item_purchase_floors":[4,28,28,28,28,30,36,36,46],"current_hp_per_floor":[75,81,75,75,70,76,76,64,70,70,67,60,66,63,63,37,105,105,105,105,105,105,77,58,89,95,95,95,109,109,109,109,87,131,131,131,118,118,118,118,118,118,124,114,114,114,108,104,104,47],"gold":195,"neow_bonus":"","is_prod":false,"is_daily":true,"chose_seed":false,"campfire_upgraded":1,"win_rate":0,"timestamp":1546220695,"path_taken":["M","?","M","$","M","?","?","E","T","R","E","?","?","E","R","BOSS","M","?","?","?","?","E","E","R","T","R","$","R","?","M","R","BOSS","M","$","?","?","?","R","R","R","T","E","R","$","M","?","R","BOSS"],"build_version":"2018-12-20","purchased_purges":0,"victory":true,"max_hp_per_floor":[75,81,81,81,81,87,87,87,93,93,93,93,99,99,99,105,105,105,105,105,105,105,105,105,105,111,111,111,125,125,125,125,131,131,131,131,131,131,131,131,131,131,137,137,137,137,137,137,137,143],"card_choices":[{"not_picked":["Go for the Eyes"],"picked":"Compile Driver","floor":1},{"not_picked":["Hologram"],"picked":"Sweeping Beam","floor":3},{"not_picked":["Coolheaded"],"picked":"Cold Snap","floor":5},{"not_picked":["Genetic Algorithm"],"picked":"FTL","floor":8},{"not_picked":["Auto Shields"],"picked":"Seek","floor":11},{"not_picked":["All For One+1"],"picked":"Static Discharge","floor":14},{"not_picked":["Core Surge+1"],"picked":"Hyperbeam+1","floor":16},{"not_picked":["Redo"],"picked":"Hologram","floor":17},{"not_picked":["Coolheaded"],"picked":"Streamline+1","floor":17},{"not_picked":["Gash+1"],"picked":"Hologram","floor":17},{"not_picked":["Sweeping Beam+1"],"picked":"Steam","floor":17},{"not_picked":["Consume","Lockon+1"],"picked":"SKIP","floor":18},{"not_picked":["Redo"],"picked":"Hyperbeam+1","floor":23},{"not_picked":["Genetic Algorithm","Undo"],"picked":"SKIP","floor":24},{"not_picked":["Doom and Gloom+1"],"picked":"Steam+1","floor":31},{"not_picked":["All For One+1"],"picked":"Seek+1","floor":33},{"not_picked":["Sunder+1","Force Field+1"],"picked":"SKIP","floor":35},{"not_picked":["Force Field+1"],"picked":"Hologram+1","floor":44},{"not_picked":["Sweeping Beam+1"],"picked":"Beam Cell+1","floor":47},{"not_picked":["Turbo+1","Stack+1"],"picked":"SKIP","floor":48}],"player_experience":767671,"relics_obtained":[{"floor":8,"key":"Symbiotic Virus"},{"floor":9,"key":"Smiling Mask"},{"floor":11,"key":"Cables"},{"floor":13,"key":"Molten Egg 2"},{"floor":14,"key":"Shovel"},{"floor":15,"key":"MawBank"},{"floor":23,"key":"Kunai"},{"floor":24,"key":"Old Coin"},{"floor":26,"key":"Anchor"},{"floor":26,"key":"Toxic Egg 2"},{"floor":27,"key":"Regal Pillow"},{"floor":29,"key":"Mango"},{"floor":32,"key":"Girya"},{"floor":37,"key":"Ice Cream"},{"floor":43,"key":"Happy Flower"},{"floor":43,"key":"The Courier"},{"floor":44,"key":"DataDisk"},{"floor":45,"key":"Letter Opener"},{"floor":49,"key":"Thread and Needle"}],"event_choices":[{"damage_healed":0,"gold_gain":175,"player_choice":"AGREE","damage_taken":0,"max_hp_gain":0,"max_hp_loss":0,"event_name":"Liars Game","floor":2,"gold_loss":0,"cards_obtained":["Doubt"]},{"damage_healed":0,"gold_gain":0,"player_choice":"Box","damage_taken":0,"relics_obtained":["Ornamental Fan"],"max_hp_gain":0,"max_hp_loss":0,"event_name":"Big Fish","floor":6,"gold_loss":0,"cards_obtained":["Regret"]},{"cards_removed":["Strike_B"],"damage_healed":0,"gold_gain":0,"player_choice":"Card Removal","damage_taken":7,"max_hp_gain":0,"max_hp_loss":0,"event_name":"Golden Wing","floor":12,"gold_loss":0},{"damage_healed":0,"gold_gain":0,"player_choice":"Opened","damage_taken":0,"relics_obtained":["Matryoshka"],"max_hp_gain":0,"max_hp_loss":0,"event_name":"The Mausoleum","floor":19,"gold_loss":0},{"damage_healed":0,"gold_gain":99,"player_choice":"Stole From Cult","damage_taken":0,"max_hp_gain":0,"max_hp_loss":0,"event_name":"Nest","floor":20,"gold_loss":0},{"damage_healed":0,"gold_gain":0,"player_choice":"Read","damage_taken":0,"max_hp_gain":0,"max_hp_loss":0,"event_name":"The Library","floor":21,"gold_loss":0,"cards_obtained":["FTL"]},{"damage_healed":0,"gold_gain":0,"player_choice":"Simplicity","damage_taken":0,"max_hp_gain":0,"max_hp_loss":0,"event_name":"Back to Basics","floor":22,"gold_loss":0,"cards_upgraded":["Strike_B","Strike_B","Strike_B","Defend_B","Defend_B","Defend_B","Defend_B"]},{"damage_healed":0,"gold_gain":0,"player_choice":"Fight","damage_taken":0,"max_hp_gain":0,"max_hp_loss":0,"event_name":"Mysterious Sphere","floor":37,"gold_loss":0},{"damage_healed":0,"gold_gain":0,"player_choice":"Ignored","damage_taken":0,"max_hp_gain":0,"max_hp_loss":0,"event_name":"Tomb of Lord Red Mask","floor":38,"gold_loss":0},{"damage_healed":0,"gold_gain":0,"player_choice":"Memory 1","damage_taken":0,"max_hp_gain":0,"max_hp_loss":0,"event_name":"SensoryStone","floor":39,"gold_loss":0}],"is_beta":false,"boss_relics":[{"not_picked":["Velvet Choker","Coffee Dripper"],"picked":"Orrery"},{"not_picked":["Tiny House","Lizard Tail"],"picked":"Inserter"}],"items_purged_floors":[],"is_endless":false,"potions_floor_spawned":[3,5,16,33,48],"ascension_level":0}