{"gold_per_floor":[367,367,367,29,29,45,45,57,57,20,35,35,64,10,10,88,88,51,51,99,117,131,131,148,148,173,32,82,82,2,12,12,90,90,110,125,125,39,51,79,91,91,118,118,133,160,160,209,209,209,209],"floor_reached":51,"playtime":1887,"items_purged":["Strike_G","Strike_G"],"score":1441,"play_id":"b1a70020-d4f8-4fdf-8ad4-5368181dd9ba","local_time":"20190820083420","is_ascension_mode":true,"campfire_choices":[{"data":"Deadly Poison","floor":7.0,"key":"SMITH"},{"floor":15.0,"key":"REST"},{"data":"Neutralize","floor":23.0,"key":"SMITH"},{"floor":25.0,"key":"RECALL"},{"data":"Catalyst","floor":29.0,"key":"SMITH"},{"data":"Footwork","floor":32.0,"key":"SMITH"},{"data":"Purity","floor":44.0,"key":"SMITH"},{"data":"Bouncing Flask","floor":49,"key":"SMITH"}],"neow_cost":"TEN_PERCENT_HP_LOSS","seed_source_timestamp":427816808204900,"circlet_count":0,"master_deck":["AscendersBane","Strike_G","Strike_G","Strike_G","Defend_G+1","Defend_G","Defend_G","Defend_G","Defend_G","Survivor+1","Neutralize+1","Deadly Poison+1","Backflip","Well Laid Plans","Bane+1","Dagger Spray+1","Prepared+1","Backflip+1","Catalyst+1","Footwork+1","Bouncing Flask+1","Purity+1","Tactician","Footwork"],"special_seed":0,"relics":["Ring of the Snake","Dodecahedron","Sundial","Molten Egg 2","Strawberry","Meat on the Bone","Runic Pyramid","Pen Nib","Centennial Puzzle","Philosopher\u0027s Stone","Kunai","Regal Pillow"],"potions_floor_usage":[45,50],"damage_taken":[{"damage":1.0,"enemies":"2 Louse","floor":1.0,"turns":3.0},{"damage":5.0,"enemies":"Jaw Worm","floor":6.0,"turns":8.0},{"damage":2.0,"enemies":"Small Slimes","floor":8.0,"turns":5.0},{"damage":0.0,"enemies":"Red Slaver","floor":11.0,"turns":4.0},{"damage":33.0,"enemies":"Gremlin Nob","floor":13.0,"turns":4.0},{"damage":16.0,"enemies":"Slime Boss","floor":16.0,"turns":9.0},{"damage":15.0,"enemies":"2 Thieves","floor":18.0,"turns":5.0},{"damage":4.0,"enemies":"Spheric Guardian","floor":21.0,"turns":5.0},{"damage":13.0,"enemies":"3 Cultists","floor":22.0,"turns":6.0},{"damage":27.0,"enemies":"Chosen and Byrds","floor":24.0,"turns":4.0},{"damage":11.0,"enemies":"Sentry and Sphere","floor":31.0,"turns":6.0},{"damage":21.0,"enemies":"Champ","floor":33.0,"turns":15.0},{"damage":0.0,"enemies":"3 Shapes","floor":35.0,"turns":6.0},{"damage":4.0,"enemies":"3 Darklings","floor":36.0,"turns":8.0},{"damage":10.0,"enemies":"Maw","floor":39.0,"turns":5.0},{"damage":35.0,"enemies":"Nemesis","floor":40.0,"turns":9.0},{"damage":1.0,"enemies":"Transient","floor":41.0,"turns":6.0},{"damage":0.0,"enemies":"Reptomancer","floor":42.0,"turns":1.0},{"damage":4,"enemies":"Writhing Mass","floor":45,"turns":6},{"damage":4,"enemies":"Nemesis","floor":46,"turns":9},{"damage":37,"enemies":"Time Eater","floor":50,"turns":10},{"damage":15,"enemies":"Donu and Deca","floor":51,"turns":5}],"seed_played":"-3774151548302258725","potions_obtained":[{"floor":1.0,"key":"Fire Potion"},{"floor":6.0,"key":"Dexterity Potion"},{"floor":22.0,"key":"LiquidBronze"},{"floor":36.0,"key":"Block Potion"},{"floor":40.0,"key":"Explosive Potion"},{"floor":41.0,"key":"SmokeBomb"},{"floor":46,"key":"AttackPotion"}],"is_trial":false,"path_per_floor":["M","?","?","$","?","M","R","M","T","$","M","?","E","?","R","B",null,"M","?","T","M","M","R","M","R","T","$","?","R","$","M","R","B",null,"M","M","?","$","M","E","M","E","T","R","M","E","?","T","R","B","B"],"character_chosen":"THE_SILENT","items_purchased":["Sundial","Well Laid Plans","Catalyst","Footwork","Tactician"],"campfire_rested":1,"item_purchase_floors":[4,10,27,30,38],"current_hp_per_floor":[58,58,53,53,35,30,30,28,28,28,28,48,22,22,42,38,60,45,45,45,41,40,40,25,25,25,25,25,25,25,26,26,17,55,55,51,51,51,41,18,29,41,41,41,37,45,45,45,45,20,5],"gold":209,"neow_bonus":"TWO_FIFTY_GOLD","is_prod":false,"is_daily":false,"chose_seed":false,"campfire_upgraded":6,"win_rate":0,"timestamp":1566261260,"path_taken":["M","?","?","$","?","M","R","?","T","$","M","?","E","?","R","BOSS","M","?","?","?","M","R","M","R","T","$","?","R","?","M","R","BOSS","M","?","?","$","M","E","M","E","T","R","M","E","?","?","R","BOSS","BOSS"],"build_version":"2019-07-17","purchased_purges":2,"victory":false,"max_hp_per_floor":[60,60,60,60,60,60,60,60,60,60,60,60,67,67,67,67,67,67,67,67,67,67,67,67,67,67,67,67,67,67,67,67,67,67,67,67,67,67,67,67,67,67,67,67,67,67,67,67,67,67,67],"card_choices":[{"not_picked":["Caltrops","Blur","Dodge and Roll"],"picked":"SKIP","floor":1.0},{"not_picked":["Skewer","Expertise"],"picked":"Deadly Poison","floor":6.0},{"not_picked":["Leg Sweep","Reflex"],"picked":"Backflip","floor":8.0},{"not_picked":["Outmaneuver","Blade Dance"],"picked":"Bane+1","floor":11.0},{"not_picked":["Poisoned Stab+1","Dagger Throw+1","Dagger Spray+1"],"picked":"SKIP","floor":13.0},{"not_picked":["Poisoned Stab+1","Dagger Throw+1"],"picked":"Dagger Spray+1","floor":13.0},{"not_picked":["Sucker Punch+1","Choke+1","Poisoned Stab+1"],"picked":"SKIP","floor":18.0},{"not_picked":["Skewer+1","Concentrate"],"picked":"Prepared+1","floor":21.0},{"not_picked":["Quick Slash+1","Prepared","Bane+1"],"picked":"SKIP","floor":22.0},{"not_picked":["Concentrate","Distraction"],"picked":"Backflip+1","floor":24.0},{"not_picked":["Eviscerate+1","Acrobatics","Dagger Spray+1"],"picked":"SKIP","floor":31.0},{"not_picked":["Deadly Poison","Finisher+1","Blade Dance"],"picked":"SKIP","floor":35.0},{"not_picked":["Dagger Spray+1","Reflex"],"picked":"Bouncing Flask","floor":36.0},{"not_picked":["Forethought","Bandage Up"],"picked":"Purity","floor":37.0},{"not_picked":["Reflex","Sucker Punch+1","Underhanded Strike+1"],"picked":"SKIP","floor":39.0},{"not_picked":["Crippling Poison","Acrobatics"],"picked":"Footwork","floor":40.0},{"not_picked":["Masterful Stab+1","Bullet Time","Prepared"],"picked":"SKIP","floor":41.0},{"not_picked":["Dagger Throw+1","Acrobatics","Blade Dance"],"picked":"SKIP","floor":45},{"not_picked":["Slice+1","Choke+1","Blade Dance"],"picked":"SKIP","floor":46}],"player_experience":844490,"relics_obtained":[{"floor":9.0,"key":"Molten Egg 2"},{"floor":13.0,"key":"Strawberry"},{"floor":20.0,"key":"Pen Nib"},{"floor":26.0,"key":"Centennial Puzzle"},{"floor":40.0,"key":"Kunai"},{"floor":48,"key":"Regal Pillow"}],"event_choices":[{"damage_healed":0.0,"max_hp_gain":0.0,"max_hp_loss":0.0,"gold_gain":0.0,"event_name":"Liars Game","player_choice":"Ignored","floor":2.0,"gold_loss":0.0,"damage_taken":0.0},{"damage_healed":0.0,"max_hp_gain":0.0,"max_hp_loss":0.0,"gold_gain":0.0,"event_name":"Scrap Ooze","player_choice":"Success","floor":3.0,"gold_loss":0.0,"damage_taken":5.0,"relics_obtained":["Dodecahedron"]},{"damage_healed":0.0,"max_hp_gain":0.0,"max_hp_loss":0.0,"gold_gain":0.0,"event_name":"Shining Light","player_choice":"Entered Light","floor":5.0,"gold_loss":0.0,"damage_taken":18.0,"cards_upgraded":["Survivor","Defend_G"]},{"damage_healed":20.0,"max_hp_gain":0.0,"max_hp_loss":0.0,"gold_gain":0.0,"event_name":"Big Fish","player_choice":"Banana","floor":12.0,"gold_loss":0.0,"damage_taken":0.0},{"damage_healed":0.0,"max_hp_gain":0.0,"max_hp_loss":0.0,"gold_gain":0.0,"event_name":"WeMeetAgain","player_choice":"Paid Gold","floor":14.0,"gold_loss":54.0,"damage_taken":0.0,"relics_obtained":["Meat on the Bone"]},{"damage_healed":0.0,"max_hp_gain":0.0,"max_hp_loss":0.0,"gold_gain":0.0,"event_name":"Vampires","player_choice":"Ignored","floor":19.0,"gold_loss":0.0,"damage_taken":0.0},{"damage_healed":0.0,"max_hp_gain":0.0,"max_hp_loss":0.0,"gold_gain":50.0,"event_name":"Nest","player_choice":"Stole From Cult","floor":28.0,"gold_loss":0.0,"damage_taken":0.0},{"damage_healed":0.0,"max_hp_gain":0.0,"max_hp_loss":0.0,"gold_gain":0.0,"event_name":"SensoryStone","player_choice":"Memory 1","floor":37.0,"gold_loss":0.0,"damage_taken":0.0},{"damage_healed":0,"gold_gain":0,"player_choice":"Ignored","damage_taken":0,"max_hp_gain":0,"max_hp_loss":0,"event_name":"Mysterious Sphere","floor":47,"gold_loss":0}],"is_beta":false,"boss_relics":[{"not_picked":["HoveringKite","Fusion Hammer"],"picked":"Runic Pyramid"},{"not_picked":["WristBlade","Velvet Choker"],"picked":"Philosopher\u0027s Stone"}],"items_purged_floors":[4,27],"is_endless":false,"potions_floor_spawned":[1,6,11,13,22,36,40,41,46],"killed_by":"Donu and Deca","ascension_level":20}