{"gold_per_floor":[112,112,112,130,149,149,175,175,229,241,275,275,275,291,291,394,444,460,460,478,493,507,532,532,551,578,588,588,615,615,456,456,552,552,571,587,587,602,602,635,635,635,684,113,125,125,138,0,0,0],"floor_reached":51,"playtime":3951,"items_purged":["Defend_B","Strike_B+1"],"score":982,"play_id":"b6b2010f-54e6-4830-9a2d-819a9cf4bdd5","local_time":"20180921165752","is_ascension_mode":true,"campfire_choices":[{"data":"Go for the Eyes","floor":6,"key":"SMITH"},{"data":"Beam Cell","floor":8,"key":"SMITH"},{"floor":13,"key":"REST"},{"floor":15,"key":"REST"},{"floor":24,"key":"REST"},{"floor":28,"key":"REST"},{"data":"Defragment","floor":30,"key":"SMITH"},{"floor":32,"key":"REST"},{"floor":41,"key":"REST"},{"floor":46,"key":"REST"},{"floor":49,"key":"REST"}],"neow_cost":"NONE","seed_source_timestamp":714241965080232,"circlet_count":0,"master_deck":["Strike_B+1","Defend_B","Defend_B","Defend_B","Zap+1","Dualcast","Conserve Battery+1","Go for the Eyes+1","Beam Cell+1","Go for the Eyes","Electrodynamics","Lockon","Thunder Strike","Conserve Battery","Defragment+1","Redo+1","Echo Form","Leap+1","Steam+1","Lockon","Hologram","Seek","Tempest+1","Thinking Ahead","Loop","Dark Shackles","Chill","Turbo+1"],"relics":["Cracked Core","Whetstone","Oddly Smooth Stone","Happy Flower","Bag of Preparation","Tiny House","Calipers","Centennial Puzzle","Omamori","Nuclear Battery","Regal Pillow","Vajra","Bottled Tornado","Red Mask"],"potions_floor_usage":[10,16,23,29,29,33,35,40,40,50,50,50],"damage_taken":[{"damage":0,"enemies":"Cultist","floor":1,"turns":2},{"damage":1,"enemies":"2 Louse","floor":4,"turns":3},{"damage":0,"enemies":"Small Slimes","floor":5,"turns":2},{"damage":9,"enemies":"Lagavulin","floor":7,"turns":6},{"damage":13,"enemies":"Exordium Thugs","floor":10,"turns":5},{"damage":33,"enemies":"3 Sentries","floor":11,"turns":7},{"damage":0,"enemies":"2 Fungi Beasts","floor":14,"turns":2},{"damage":14,"enemies":"Hexaghost","floor":16,"turns":11},{"damage":0,"enemies":"3 Byrds","floor":18,"turns":2},{"damage":1,"enemies":"Chosen","floor":20,"turns":3},{"damage":15,"enemies":"Centurion and Healer","floor":21,"turns":5},{"damage":31,"enemies":"Shelled Parasite and Fungi","floor":22,"turns":3},{"damage":15,"enemies":"Gremlin Leader","floor":23,"turns":4},{"damage":1,"enemies":"Sentry and Sphere","floor":25,"turns":4},{"damage":0,"enemies":"3 Cultists","floor":27,"turns":3},{"damage":14,"enemies":"Book of Stabbing","floor":29,"turns":6},{"damage":30,"enemies":"Automaton","floor":33,"turns":9},{"damage":15,"enemies":"3 Shapes","floor":35,"turns":3},{"damage":9,"enemies":"3 Darklings","floor":36,"turns":3},{"damage":0,"enemies":"Reptomancer","floor":38,"turns":3},{"damage":54,"enemies":"Nemesis","floor":40,"turns":9},{"damage":5,"enemies":"Maw","floor":45,"turns":5},{"damage":12,"enemies":"Spire Growth","floor":47,"turns":4},{"damage":75,"enemies":"Awakened One","floor":50,"turns":14}],"seed_played":"-3600540189074514787","potions_obtained":[{"floor":7,"key":"EssenceOfSteel"},{"floor":11,"key":"Weak Potion"},{"floor":16,"key":"FocusPotion"},{"floor":17,"key":"Explosive Potion"},{"floor":18,"key":"FocusPotion"},{"floor":22,"key":"Weak Potion"},{"floor":25,"key":"Block Potion"},{"floor":29,"key":"Poison Potion"},{"floor":33,"key":"Strength Potion"},{"floor":36,"key":"SkillPotion"},{"floor":38,"key":"Regen Potion"},{"floor":45,"key":"Strength Potion"}],"is_trial":false,"path_per_floor":["M","?","?","M","M","R","E","R","T","M","E","?","R","M","R","B",null,"M","?","M","M","M","E","R","M","T","M","R","E","R","$","R","B",null,"M","M","?","M","?","E","R","?","T","$","M","R","M","?","R","B"],"character_chosen":"DEFECT","items_purchased":["Lockon","Hologram","Bottled Tornado","Regen Potion","Dark Shackles","Chill"],"campfire_rested":8,"item_purchase_floors":[31,31,44,44,44,44],"current_hp_per_floor":[68,68,61,60,60,60,51,51,51,38,5,5,27,27,49,35,70,70,70,69,54,23,8,32,31,31,31,55,41,41,41,65,35,69,54,45,45,45,45,6,45,45,45,45,40,79,67,67,80,20],"gold":0,"neow_bonus":"RANDOM_COMMON_RELIC","is_prod":false,"is_daily":false,"chose_seed":false,"campfire_upgraded":3,"win_rate":0,"timestamp":1537563472,"path_taken":["M","?","?","?","?","R","E","R","T","M","E","?","R","M","R","BOSS","M","?","M","?","M","E","R","M","T","M","R","E","R","$","R","BOSS","M","M","?","M","?","E","R","?","T","$","M","R","?","?","R","BOSS"],"build_version":"2018-09-20","purchased_purges":2,"victory":true,"max_hp_per_floor":[75,75,75,75,75,75,75,75,75,75,75,75,75,75,75,75,80,80,80,80,80,80,80,80,80,80,80,80,80,80,80,80,80,80,80,80,80,80,80,80,80,80,80,80,80,80,80,80,80,80],"card_choices":[{"not_picked":["Redo","Turbo"],"picked":"Conserve Battery","floor":1},{"not_picked":["Rip and Tear","Turbo"],"picked":"Go for the Eyes","floor":4},{"not_picked":["Static Discharge","Fusion"],"picked":"Beam Cell","floor":5},{"not_picked":["Rebound","Consume","Barrage"],"picked":"SKIP","floor":7},{"not_picked":["Melter","Reinforced Body"],"picked":"Go for the Eyes","floor":10},{"not_picked":["Barrage","Recycle"],"picked":"Electrodynamics","floor":11},{"not_picked":["Static Discharge","Go for the Eyes"],"picked":"Lockon","floor":14},{"not_picked":["Electrodynamics","Fission"],"picked":"Thunder Strike","floor":16},{"not_picked":["Stack","Turbo"],"picked":"Conserve Battery","floor":17},{"not_picked":["Conserve Battery","Rebound"],"picked":"Sunder","floor":18},{"not_picked":["Leap","Steam+1"],"picked":"Defragment","floor":20},{"not_picked":["Compile Driver","Rebound"],"picked":"Redo+1","floor":21},{"not_picked":["Ball Lightning+1","Static Discharge"],"picked":"Echo Form","floor":22},{"not_picked":["Go for the Eyes+1","Reinforced Body"],"picked":"Leap+1","floor":23},{"not_picked":["Rip and Tear+1","Rebound"],"picked":"Steam+1","floor":25},{"not_picked":["Leap","Go for the Eyes","Steam"],"picked":"SKIP","floor":27},{"not_picked":["Redo","Steam","Hello World"],"picked":"SKIP","floor":29},{"not_picked":["Reboot","Meteor Strike"],"picked":"Seek","floor":33},{"not_picked":["Stack+1","Conserve Battery"],"picked":"Tempest+1","floor":35},{"not_picked":["Stack+1","Streamline","Conserve Battery"],"picked":"SKIP","floor":36},{"not_picked":["Forethought","Good Instincts"],"picked":"Thinking Ahead","floor":37},{"not_picked":["Reinforced Body","Stack+1"],"picked":"Loop","floor":38},{"not_picked":["Blizzard","Tempest","Lockon+1"],"picked":"SKIP","floor":40},{"not_picked":["Cold Snap","Reprogram+1","Ball Lightning"],"picked":"SKIP","floor":45},{"not_picked":["Coolheaded","Stack+1"],"picked":"Turbo+1","floor":47}],"player_experience":383674,"relics_obtained":[{"floor":7,"key":"Oddly Smooth Stone"},{"floor":9,"key":"Happy Flower"},{"floor":11,"key":"Bag of Preparation"},{"floor":23,"key":"Calipers"},{"floor":26,"key":"Centennial Puzzle"},{"floor":29,"key":"Omamori"},{"floor":40,"key":"Regal Pillow"},{"floor":43,"key":"Vajra"}],"event_choices":[{"event_name":"Accursed Blacksmith","player_choice":"Forge","floor":2,"damage_taken":0},{"event_name":"Golden Wing","player_choice":"Card Removal","floor":3,"damage_taken":0},{"event_name":"Living Wall","player_choice":"Forget","floor":12,"damage_taken":0},{"event_name":"Ghosts","player_choice":"Ignored","floor":19,"damage_taken":0},{"event_name":"SensoryStone","player_choice":"Memory 1","floor":37,"damage_taken":0},{"event_name":"Mysterious Sphere","player_choice":"Ignore","floor":39,"damage_taken":0},{"event_name":"Falling","player_choice":"Removed Attack","floor":42,"damage_taken":0},{"event_name":"Tomb of Lord Red Mask","player_choice":"Paid","floor":48,"damage_taken":0}],"is_beta":false,"boss_relics":[{"not_picked":["Philosopher\u0027s Stone","Pandora\u0027s Box"],"picked":"Tiny House"},{"not_picked":["Lizard Tail","Black Star"],"picked":"Nuclear Battery"}],"items_purged_floors":[31,44],"is_endless":false,"potions_floor_spawned":[7,11,16,18,22,25,29,33,36,38,45,47],"ascension_level":9}