{"gold_per_floor":[109,109,109,129,1,14,14,29,29,42,42,42,42,61,61,139,139,118,118,136,186,86,86,86,86,112,37,37,37,47,47],"floor_reached":31,"playtime":677,"items_purged":["Strike_G","Strike_G"],"score":446,"play_id":"69d40931-a1e6-4c8f-81a0-4bbfb06c2f90","local_time":"20190816172251","is_ascension_mode":true,"campfire_choices":[{"data":"Neutralize","floor":7.0,"key":"SMITH"},{"data":"Endless Agony","floor":11.0,"key":"SMITH"},{"floor":13.0,"key":"REST"},{"floor":15.0,"key":"REST"},{"data":"Acrobatics","floor":23.0,"key":"SMITH"},{"data":"Survivor","floor":25.0,"key":"SMITH"}],"neow_cost":"NONE","seed_source_timestamp":114410722945700,"circlet_count":0,"master_deck":["AscendersBane","Strike_G","Strike_G","Strike_G","Defend_G","Defend_G","Defend_G","Defend_G","Defend_G+1","Survivor+1","Neutralize+1","Escape Plan+1","Acrobatics+1","Endless Agony+1","Quick Slash","Deflect+1","Blade Dance+1"],"special_seed":0,"relics":["Sozu","Vajra","Shuriken","Kunai","Coffee Dripper","War Paint","MutagenicStrength"],"potions_floor_usage":[],"damage_taken":[{"damage":1.0,"enemies":"Small Slimes","floor":1.0,"turns":4.0},{"damage":4.0,"enemies":"Jaw Worm","floor":4.0,"turns":4.0},{"damage":17.0,"enemies":"2 Louse","floor":6.0,"turns":4.0},{"damage":0.0,"enemies":"2 Fungi Beasts","floor":8.0,"turns":3.0},{"damage":0.0,"enemies":"Large Slime","floor":10.0,"turns":4.0},{"damage":9.0,"enemies":"3 Louse","floor":14.0,"turns":4.0},{"damage":29.0,"enemies":"Slime Boss","floor":16.0,"turns":10.0},{"damage":4.0,"enemies":"2 Thieves","floor":18.0,"turns":4.0},{"damage":11.0,"enemies":"Chosen","floor":20.0,"turns":6.0},{"damage":17.0,"enemies":"Sentry and Sphere","floor":30.0,"turns":6.0},{"damage":29,"enemies":"Slavers","floor":31,"turns":5}],"seed_played":"6532174414957438287","potions_obtained":[],"is_trial":false,"path_per_floor":["M","?","T","M","$","M","R","M","T","M","R","?","R","M","R","B",null,"M","?","M","?","$","R","?","R","T","?","?","$","M","E"],"character_chosen":"THE_SILENT","items_purchased":["Acrobatics"],"campfire_rested":2,"item_purchase_floors":[5],"current_hp_per_floor":[58,58,58,54,54,37,37,37,37,37,37,2,21,12,31,2,50,46,46,35,35,35,35,35,35,35,35,35,35,18,0],"gold":47,"neow_bonus":"BOSS_RELIC","is_prod":false,"is_daily":false,"chose_seed":false,"campfire_upgraded":4,"win_rate":0,"timestamp":1565947371,"path_taken":["M","?","?","M","$","M","R","M","T","M","R","?","R","M","R","BOSS","M","?","M","?","$","R","?","R","T","?","?","?","M","E"],"build_version":"2019-07-17","purchased_purges":2,"victory":false,"max_hp_per_floor":[66,66,66,66,66,66,66,66,66,66,66,66,66,66,66,66,66,66,66,66,66,66,66,66,66,66,66,66,66,66,66],"card_choices":[{"not_picked":["Prepared","Dagger Spray","Masterful Stab"],"picked":"SKIP","floor":1.0},{"not_picked":["Outmaneuver","Backstab"],"picked":"Escape Plan","floor":4.0},{"not_picked":["Endless Agony","Expertise","Setup"],"picked":"SKIP","floor":6.0},{"not_picked":["Slice","Masterful Stab"],"picked":"Endless Agony","floor":8.0},{"not_picked":["Setup","PiercingWail"],"picked":"Quick Slash","floor":10.0},{"not_picked":["Caltrops","Skewer","Underhanded Strike"],"picked":"SKIP","floor":14.0},{"not_picked":["Accuracy","Finisher","Footwork"],"picked":"SKIP","floor":18.0},{"not_picked":["Flying Knee","Bane+1"],"picked":"Deflect+1","floor":20.0},{"not_picked":["Terror","Deadly Poison"],"picked":"Blade Dance+1","floor":30.0}],"player_experience":808636,"relics_obtained":[{"floor":3.0,"key":"Vajra"},{"floor":9.0,"key":"Shuriken"},{"floor":26.0,"key":"War Paint"}],"event_choices":[{"damage_healed":0.0,"max_hp_gain":0.0,"max_hp_loss":0.0,"gold_gain":0.0,"event_name":"Liars Game","player_choice":"Ignored","floor":2.0,"gold_loss":0.0,"damage_taken":0.0},{"damage_healed":0.0,"max_hp_gain":0.0,"max_hp_loss":0.0,"gold_gain":0.0,"event_name":"Scrap Ooze","player_choice":"Success","floor":12.0,"gold_loss":0.0,"damage_taken":35.0,"relics_obtained":["Kunai"]},{"damage_healed":0.0,"max_hp_gain":0.0,"max_hp_loss":0.0,"gold_gain":0.0,"event_name":"Ghosts","player_choice":"Ignored","floor":19.0,"gold_loss":0.0,"damage_taken":0.0},{"damage_healed":0.0,"max_hp_gain":0.0,"max_hp_loss":0.0,"gold_gain":50.0,"event_name":"Nest","player_choice":"Stole From Cult","floor":21.0,"gold_loss":0.0,"damage_taken":0.0},{"damage_healed":0.0,"max_hp_gain":0.0,"max_hp_loss":0.0,"gold_gain":0.0,"event_name":"Forgotten Altar","player_choice":"Smashed Altar","floor":24.0,"gold_loss":0.0,"damage_taken":0.0,"cards_obtained":["Decay"]},{"cards_removed":["Decay"],"damage_healed":0.0,"max_hp_gain":0.0,"max_hp_loss":0.0,"gold_gain":0.0,"event_name":"Beggar","player_choice":"Gave Gold","floor":27.0,"gold_loss":75.0,"damage_taken":0.0},{"damage_healed":0.0,"max_hp_gain":0.0,"max_hp_loss":0.0,"gold_gain":0.0,"event_name":"Drug Dealer","player_choice":"Inject Mutagens","floor":28.0,"gold_loss":0.0,"damage_taken":0.0,"relics_obtained":["MutagenicStrength"]}],"is_beta":false,"boss_relics":[{"not_picked":["Runic Pyramid","Philosopher\u0027s Stone"],"picked":"Coffee Dripper"}],"items_purged_floors":[5,22],"is_endless":false,"potions_floor_spawned":[4,6,14,20,30],"killed_by":"Slavers","ascension_level":20}