{"gold_per_floor":[116,130,143,161,177,207,223,233,233,243,259,259,289,309,309,404,404,404,2,2,2,0,0,0,0,0,0,0,0,0,0,0,0,0,0,0,0,0,0,0,0,0,0,0,0,0,0,0,0,0],"floor_reached":51,"playtime":2436,"items_purged":["Strike_B"],"score":763,"play_id":"4ec7e144-513f-437c-9f52-9d585e7a88f2","local_time":"20181201181202","is_ascension_mode":false,"campfire_choices":[{"data":"Defragment","floor":12,"key":"SMITH"},{"data":"Defragment","floor":15,"key":"SMITH"},{"data":"Seek","floor":23,"key":"SMITH"},{"data":"Capacitor","floor":28,"key":"SMITH"},{"data":"Hologram","floor":30,"key":"SMITH"},{"data":"Hologram","floor":32,"key":"SMITH"},{"data":"Echo Form","floor":40,"key":"SMITH"},{"data":"Electrodynamics","floor":42,"key":"SMITH"},{"data":"Streamline","floor":44,"key":"SMITH"},{"data":"Defragment","floor":49,"key":"SMITH"}],"neow_cost":"NONE","seed_source_timestamp":623242236181136,"circlet_count":0,"master_deck":["Strike_B","Strike_B","Strike_B","Defend_B","Defend_B","Defend_B","Zap","Dualcast","Streamline+1","Glacier","Conserve Battery","Defragment+1","Compile Driver","Electrodynamics+1","Ball Lightning","Defragment+1","Hologram+1","Seek+1","Hologram+1","Self Repair","Glacier","Capacitor+1","Echo Form+1","Defragment+1"],"relics":["Cracked Core","FossilizedHelix","Question Card","PreservedInsect","Ectoplasm","Mummified Hand","Blue Candle","Singing Bowl","Meat on the Bone","Busted Crown","Smiling Mask","Tiny Chest","WingedGreaves"],"potions_floor_usage":[7,16,16,50,50,50],"damage_taken":[{"damage":1,"enemies":"Cultist","floor":1,"turns":3},{"damage":6,"enemies":"Jaw Worm","floor":2,"turns":3},{"damage":0,"enemies":"2 Louse","floor":3,"turns":1},{"damage":5,"enemies":"2 Fungi Beasts","floor":4,"turns":3},{"damage":0,"enemies":"Exordium Thugs","floor":5,"turns":4},{"damage":13,"enemies":"Lagavulin","floor":6,"turns":8},{"damage":0,"enemies":"Exordium Wildlife","floor":7,"turns":4},{"damage":0,"enemies":"Looter","floor":8,"turns":3},{"damage":0,"enemies":"Large Slime","floor":10,"turns":3},{"damage":0,"enemies":"Exordium Wildlife","floor":11,"turns":4},{"damage":6,"enemies":"Gremlin Nob","floor":13,"turns":4},{"damage":6,"enemies":"Lots of Slimes","floor":14,"turns":3},{"damage":6,"enemies":"Hexaghost","floor":16,"turns":7},{"damage":0,"enemies":"3 Byrds","floor":18,"turns":3},{"damage":0,"enemies":"2 Thieves","floor":22,"turns":3},{"damage":0,"enemies":"3 Cultists","floor":24,"turns":2},{"damage":13,"enemies":"Slavers","floor":25,"turns":3},{"damage":0,"enemies":"Snecko","floor":27,"turns":3},{"damage":0,"enemies":"Snake Plant","floor":29,"turns":4},{"damage":0,"enemies":"Automaton","floor":33,"turns":10},{"damage":18,"enemies":"3 Darklings","floor":35,"turns":4},{"damage":0,"enemies":"3 Shapes","floor":36,"turns":2},{"damage":15,"enemies":"Reptomancer","floor":41,"turns":4},{"damage":0,"enemies":"3 Darklings","floor":45,"turns":4},{"damage":24,"enemies":"Mind Bloom Boss Battle","floor":46,"turns":5},{"damage":0,"enemies":"4 Shapes","floor":48,"turns":1},{"damage":4,"enemies":"Awakened One","floor":50,"turns":12}],"seed_played":"2899821543125775637","potions_obtained":[{"floor":2,"key":"Weak Potion"},{"floor":3,"key":"Regen Potion"},{"floor":6,"key":"PowerPotion"},{"floor":8,"key":"Ancient Potion"},{"floor":16,"key":"Poison Potion"},{"floor":22,"key":"FocusPotion"},{"floor":33,"key":"EssenceOfSteel"},{"floor":48,"key":"Weak Potion"}],"is_trial":false,"path_per_floor":["M","M","M","M","M","E","M","M","T","M","M","R","E","M","R","B",null,"M","$","?","?","M","R","M","E","T","M","R","M","R","?","R","B",null,"M","M","?","$","$","R","E","R","T","R","M","?","?","M","R","B",null],"character_chosen":"DEFECT","items_purchased":["Mummified Hand","Self Repair"],"campfire_rested":0,"item_purchase_floors":[19,19],"current_hp_per_floor":[74,68,68,63,63,50,62,62,62,62,62,62,56,50,50,44,75,75,75,75,75,75,75,75,71,71,79,79,81,81,81,81,81,81,72,81,81,81,81,81,75,75,75,75,84,67,67,69,69,79],"gold":0,"neow_bonus":"REMOVE_CARD","is_prod":false,"is_daily":false,"chose_seed":false,"campfire_upgraded":10,"win_rate":0,"timestamp":1543705922,"path_taken":["M","M","?","?","M","E","M","M","T","M","M","R","E","M","R","BOSS","M","$","?","?","?","R","M","E","T","M","R","M","R","?","R","BOSS","M","M","?","?","$","R","E","R","T","R","?","?","?","M","R","BOSS"],"build_version":"2018-11-15","purchased_purges":1,"victory":true,"max_hp_per_floor":[75,75,75,75,75,75,75,75,75,75,75,75,75,75,75,75,75,75,75,75,75,75,75,75,77,77,79,79,81,81,81,81,81,81,83,85,85,85,85,85,87,87,87,87,89,89,85,87,87,87],"card_choices":[{"not_picked":["Undo","Chaos"],"picked":"Streamline","floor":1},{"not_picked":["Redo","Compile Driver"],"picked":"Glacier","floor":2},{"not_picked":["Stack","Beam Cell","Leap"],"picked":"SKIP","floor":3},{"not_picked":["Hyperbeam","Rebound","Force Field"],"picked":"SKIP","floor":4},{"not_picked":["Cold Snap","Aggregate"],"picked":"Conserve Battery","floor":5},{"not_picked":["Consume","Self Repair"],"picked":"Defragment","floor":6},{"not_picked":["Go for the Eyes","Sweeping Beam"],"picked":"Compile Driver","floor":7},{"not_picked":["Turbo","Compile Driver"],"picked":"Electrodynamics","floor":8},{"not_picked":["Stack","Coolheaded","Recycle"],"picked":"Ball Lightning","floor":10},{"not_picked":["Conserve Battery","Coolheaded","Redo"],"picked":"Defragment","floor":11},{"not_picked":["Double Energy","Thunder Strike","Fusion","Barrage"],"picked":"SKIP","floor":13},{"not_picked":["Cold Snap","Beam Cell","Ball Lightning"],"picked":"Hologram","floor":14},{"not_picked":["Electrodynamics","Creative AI","All For One"],"picked":"Seek","floor":16},{"not_picked":["Coolheaded","Static Discharge","Aggregate"],"picked":"Hologram","floor":18},{"not_picked":["Stack","Sweeping Beam","Beam Cell"],"picked":"Glacier","floor":22},{"not_picked":["Streamline+1","Conserve Battery","Hologram"],"picked":"Capacitor","floor":24},{"not_picked":["Ball Lightning","Lockon","Reboot","Darkness"],"picked":"Singing Bowl","floor":25},{"not_picked":["Recycle","Rip and Tear","Double Energy","Sunder"],"picked":"Singing Bowl","floor":27},{"not_picked":["Genetic Algorithm","Reinforced Body","Stack+1","Barrage"],"picked":"Singing Bowl","floor":29},{"not_picked":["Fission","Electrodynamics","Machine Learning"],"picked":"Echo Form","floor":33},{"not_picked":["Rip and Tear+1","Redo+1"],"picked":"Singing Bowl","floor":35},{"not_picked":["Coolheaded+1","Compile Driver"],"picked":"Singing Bowl","floor":36},{"not_picked":["Cold Snap+1","Steam"],"picked":"Singing Bowl","floor":41},{"not_picked":["BootSequence+1","Streamline"],"picked":"Singing Bowl","floor":45},{"not_picked":["Beam Cell"],"picked":"Defragment","floor":46},{"not_picked":["Melter+1","Leap"],"picked":"Singing Bowl","floor":48}],"player_experience":703892,"relics_obtained":[{"floor":6,"key":"FossilizedHelix"},{"floor":9,"key":"Question Card"},{"floor":13,"key":"PreservedInsect"},{"floor":25,"key":"Singing Bowl"},{"floor":26,"key":"Meat on the Bone"},{"floor":41,"key":"Smiling Mask"},{"floor":43,"key":"Tiny Chest"},{"floor":46,"key":"WingedGreaves"}],"event_choices":[{"damage_healed":0,"gold_gain":0,"player_choice":"Ignored","damage_taken":0,"max_hp_gain":0,"max_hp_loss":0,"event_name":"Ghosts","floor":20,"gold_loss":0},{"damage_healed":0,"gold_gain":0,"player_choice":"Opened","damage_taken":0,"relics_obtained":["Blue Candle"],"max_hp_gain":0,"max_hp_loss":0,"event_name":"The Mausoleum","floor":21,"gold_loss":0},{"damage_healed":0,"gold_gain":100,"player_choice":"Pray","damage_taken":0,"max_hp_gain":0,"max_hp_loss":0,"event_name":"Golden Shrine","floor":37,"gold_loss":0},{"damage_healed":0,"gold_gain":0,"player_choice":"Fight","damage_taken":0,"max_hp_gain":0,"max_hp_loss":0,"event_name":"MindBloom","floor":46,"gold_loss":0},{"damage_healed":0,"gold_gain":0,"player_choice":"Max HP","damage_taken":0,"max_hp_gain":0,"max_hp_loss":4,"event_name":"Winding Halls","floor":47,"gold_loss":0}],"is_beta":false,"boss_relics":[{"not_picked":["Astrolabe","FrozenCore"],"picked":"Ectoplasm"},{"not_picked":["Eternal Feather","White Beast Statue"],"picked":"Busted Crown"}],"items_purged_floors":[19],"is_endless":false,"potions_floor_spawned":[2,3,6,8,13,16,22,24,33,46,48],"ascension_level":0}