{"gold_per_floor":[116,116,130,140,150,182,21,21,91,107,121,121,8,42,42,138,138,138,138,63,63,63,63,63,63,63,63,63,63,63,63,63,63,63,63,63,63,63,63,63,63,63,63,63,63,15,15,15,15,15,15,15,15,15,15],"floor_reached":56,"playtime":4764,"items_purged":["Strike_B"],"score":1568,"play_id":"43ae587c-bd82-4112-90f4-e0ddaf8ad364","local_time":"20190724183622","is_ascension_mode":true,"campfire_choices":[{"data":"Electrodynamics","floor":8,"key":"SMITH"},{"data":"Defragment","floor":12,"key":"SMITH"},{"data":"Hologram","floor":15,"key":"SMITH"},{"data":"Capacitor","floor":24,"key":"SMITH"},{"data":"Panacea","floor":29,"key":"SMITH"},{"data":"Echo Form","floor":32,"key":"SMITH"},{"data":"Hologram","floor":40,"key":"SMITH"},{"floor":45,"key":"RECALL"},{"data":"Dualcast","floor":47,"key":"SMITH"},{"data":"Steam","floor":49,"key":"SMITH"},{"floor":52,"key":"REST"}],"neow_cost":"NONE","seed_source_timestamp":1119775095353700,"circlet_count":0,"master_deck":["Strike_B","Strike_B","Defend_B","Defend_B","Defend_B","Defend_B","Zap+1","Dualcast+1","Cold Snap","FTL","Panacea+1","Steam+1","Glacier","Doom and Gloom","Electrodynamics+1","Defragment+1","Self Repair","Hologram+1","Echo Form+1","Capacitor+1","Chaos+1","Core Surge","Compile Driver","FTL","All For One","FTL+1","Consume+1","Hologram+1","Loop+1","Creative AI"],"relics":["Cracked Core","FossilizedHelix","PreservedInsect","Ectoplasm","Lantern","Ancient Tea Set","Tiny Chest","Kunai","Singing Bowl","Runic Pyramid","Bag of Preparation","Boot","Regal Pillow","Blue Candle","Turnip"],"potions_floor_usage":[14,16,25,25,36,38,41,50,55],"damage_taken":[{"damage":4,"enemies":"2 Louse","floor":1,"turns":3},{"damage":4,"enemies":"Cultist","floor":3,"turns":3},{"damage":0,"enemies":"Jaw Worm","floor":4,"turns":2},{"damage":4,"enemies":"2 Fungi Beasts","floor":5,"turns":3},{"damage":3,"enemies":"3 Sentries","floor":6,"turns":10},{"damage":0,"enemies":"Red Slaver","floor":10,"turns":2},{"damage":0,"enemies":"3 Louse","floor":11,"turns":2},{"damage":0,"enemies":"Lagavulin","floor":14,"turns":6},{"damage":8,"enemies":"The Guardian","floor":16,"turns":11},{"damage":0,"enemies":"Chosen","floor":18,"turns":4},{"damage":0,"enemies":"2 Thieves","floor":20,"turns":4},{"damage":0,"enemies":"Cultist and Chosen","floor":22,"turns":5},{"damage":7,"enemies":"Book of Stabbing","floor":23,"turns":7},{"damage":14,"enemies":"Slavers","floor":25,"turns":3},{"damage":13,"enemies":"Gremlin Leader","floor":27,"turns":5},{"damage":0,"enemies":"Shelled Parasite and Fungi","floor":28,"turns":5},{"damage":6,"enemies":"3 Cultists","floor":30,"turns":4},{"damage":0,"enemies":"Cultist and Chosen","floor":31,"turns":5},{"damage":0,"enemies":"Automaton","floor":33,"turns":9},{"damage":0,"enemies":"Orb Walker","floor":35,"turns":4},{"damage":0,"enemies":"3 Shapes","floor":36,"turns":5},{"damage":7,"enemies":"Transient","floor":38,"turns":5},{"damage":0,"enemies":"Maw","floor":41,"turns":8},{"damage":10,"enemies":"4 Shapes","floor":42,"turns":5},{"damage":1,"enemies":"Giant Head","floor":44,"turns":7},{"damage":16,"enemies":"Reptomancer","floor":48,"turns":8},{"damage":48,"enemies":"Donu and Deca","floor":50,"turns":8},{"damage":10,"enemies":"Shield and Spear","floor":54,"turns":5},{"damage":69,"enemies":"The Heart","floor":55,"turns":11}],"seed_played":"3873634785867536995","potions_obtained":[{"floor":3,"key":"SteroidPotion"},{"floor":5,"key":"SpeedPotion"},{"floor":14,"key":"Poison Potion"},{"floor":18,"key":"SpeedPotion"},{"floor":23,"key":"EssenceOfSteel"},{"floor":25,"key":"Energy Potion"},{"floor":31,"key":"Block Potion"},{"floor":36,"key":"Poison Potion"},{"floor":38,"key":"Dexterity Potion"},{"floor":42,"key":"SpeedPotion"}],"is_trial":false,"path_per_floor":["M","?","M","M","M","E","$","R","T","M","M","R","$","E","R","B",null,"M","?","M","?","M","E","R","E","T","E","M","R","M","M","R","B",null,"M","M","T","M","?","R","M","M","T","E","R","$","R","E","R","B",null,"R","$","E","B",null],"character_chosen":"DEFECT","items_purchased":["Electrodynamics","Self Repair","Energy Potion"],"campfire_rested":1,"item_purchase_floors":[7,13,46],"current_hp_per_floor":[71,71,67,67,63,60,60,60,60,60,60,60,60,67,67,66,73,75,75,75,75,75,75,75,68,68,62,69,69,70,72,72,77,77,77,77,77,77,77,77,79,78,78,83,83,83,83,74,74,33,71,83,83,83,21],"gold":15,"neow_bonus":"UPGRADE_CARD","is_prod":false,"is_daily":false,"chose_seed":false,"campfire_upgraded":9,"win_rate":0,"timestamp":1564007782,"path_taken":["M","?","M","M","?","E","$","R","T","M","M","R","?","E","R","BOSS","M","?","M","?","M","E","R","E","T","E","M","R","M","M","R","BOSS","M","M","?","M","?","R","M","M","T","E","R","$","R","E","R","BOSS","R","$","E","BOSS"],"build_version":"2019-07-17","purchased_purges":1,"victory":true,"max_hp_per_floor":[75,75,75,75,75,75,75,75,75,75,75,75,75,75,75,75,75,75,75,75,75,75,75,75,75,75,75,75,75,75,77,77,77,77,77,77,77,77,77,77,79,81,81,83,83,83,83,83,83,83,83,83,83,83,83],"card_choices":[{"not_picked":["Chaos","Turbo"],"picked":"Cold Snap","floor":1},{"not_picked":["Sweeping Beam","Cold Snap"],"picked":"Steam","floor":3},{"not_picked":["Blizzard","Stack"],"picked":"Glacier","floor":4},{"not_picked":["Tempest","Barrage","Rip and Tear"],"picked":"SKIP","floor":5},{"not_picked":["Storm","Rip and Tear"],"picked":"Doom and Gloom","floor":6},{"not_picked":["Go for the Eyes","Leap"],"picked":"Defragment","floor":10},{"not_picked":["Skim","Stack","Cold Snap"],"picked":"SKIP","floor":11},{"not_picked":["Conserve Battery","Hyperbeam"],"picked":"Hologram","floor":14},{"not_picked":["Creative AI","Reboot"],"picked":"Echo Form","floor":16},{"not_picked":["Barrage","FTL"],"picked":"Capacitor","floor":18},{"not_picked":["Auto Shields","Barrage","Hello World+1"],"picked":"SKIP","floor":20},{"not_picked":["Storm","Beam Cell"],"picked":"Chaos+1","floor":22},{"not_picked":["Heatsinks","Streamline","Sweeping Beam"],"picked":"SKIP","floor":23},{"not_picked":["Redo+1","Stack","Cold Snap"],"picked":"SKIP","floor":25},{"not_picked":["Stack","Skim"],"picked":"Core Surge","floor":27},{"not_picked":["Steam Power","Ball Lightning"],"picked":"Compile Driver","floor":28},{"not_picked":["Rebound+1","Reinforced Body"],"picked":"FTL","floor":30},{"not_picked":["Coolheaded","Recycle","Scrape"],"picked":"Singing Bowl","floor":31},{"not_picked":["Hyperbeam","Rainbow"],"picked":"All For One","floor":33},{"not_picked":["Turbo+1","Compile Driver+1"],"picked":"FTL+1","floor":35},{"not_picked":["Auto Shields","Aggregate+1"],"picked":"Consume+1","floor":36},{"not_picked":["Compile Driver","Barrage+1"],"picked":"Hologram","floor":38},{"not_picked":["Reinforced Body","Streamline","Leap+1"],"picked":"Singing Bowl","floor":41},{"not_picked":["Coolheaded+1","Cold Snap+1","Scrape"],"picked":"Singing Bowl","floor":42},{"not_picked":["Steam Power","Hologram","Barrage+1"],"picked":"Singing Bowl","floor":44},{"not_picked":["Chill","Storm+1"],"picked":"Loop+1","floor":48},{"not_picked":["Barrage+1","Genetic Algorithm"],"picked":"Creative AI","floor":54}],"player_experience":891502,"relics_obtained":[{"floor":6,"key":"FossilizedHelix"},{"floor":14,"key":"PreservedInsect"},{"floor":23,"key":"Ancient Tea Set"},{"floor":25,"key":"Tiny Chest"},{"floor":26,"key":"Kunai"},{"floor":27,"key":"Singing Bowl"},{"floor":37,"key":"Bag of Preparation"},{"floor":43,"key":"Boot"},{"floor":44,"key":"Regal Pillow"},{"floor":48,"key":"Blue Candle"},{"floor":54,"key":"Turnip"}],"event_choices":[{"damage_healed":0,"gold_gain":0,"player_choice":"2 cards matched","damage_taken":0,"max_hp_gain":0,"max_hp_loss":0,"event_name":"Match and Keep!","floor":2,"gold_loss":0,"cards_obtained":["FTL","Panacea"]},{"damage_healed":0,"gold_gain":0,"player_choice":"Opened","damage_taken":0,"relics_obtained":["Lantern"],"max_hp_gain":0,"max_hp_loss":0,"event_name":"The Mausoleum","floor":19,"gold_loss":0},{"cards_removed":["Strike_B"],"damage_healed":0,"gold_gain":0,"player_choice":"Offered Basic","damage_taken":0,"max_hp_gain":0,"max_hp_loss":0,"event_name":"Bonfire Elementals","floor":21,"gold_loss":0},{"damage_healed":0,"gold_gain":0,"player_choice":"Got Potions","damage_taken":0,"max_hp_gain":0,"max_hp_loss":0,"event_name":"Lab","floor":39,"gold_loss":0}],"is_beta":false,"boss_relics":[{"not_picked":["Tiny House","Fusion Hammer"],"picked":"Ectoplasm"},{"not_picked":["Calling Bell","Eternal Feather"],"picked":"Runic Pyramid"}],"items_purged_floors":[13],"is_endless":false,"potions_floor_spawned":[3,5,14,18,23,25,31,33,36,38,42,44],"ascension_level":5}