{"gold_per_floor":[119,131,131,144,161,195,212,242,265,265,282,207,207,233,233,335,335,346,360,260,274,374,406,406,281,281,281,299,299,299,312,312,411,411,429,446,496,213,123,123,135,135,181,181,193,193,219,319,319,319,319,319,19,50,50],"floor_reached":56,"playtime":3024,"items_purged":["Defend_B","Strike_B","Defend_B","Strike_B"],"score":1220,"play_id":"678c02dd-cd9d-4db9-a3e0-8c653108e3a0","local_time":"20181203175546","is_ascension_mode":false,"campfire_choices":[{"floor":13.0,"key":"REST"},{"data":"Defragment","floor":15.0,"key":"SMITH"},{"data":"Biased Cognition","floor":24,"key":"SMITH"},{"data":"Zap","floor":27,"key":"SMITH"},{"data":"Hologram","floor":30,"key":"SMITH"},{"data":"Dualcast","floor":32,"key":"SMITH"},{"data":"Defragment","floor":40,"key":"SMITH"},{"floor":42,"key":"RECALL"},{"floor":44,"key":"REST"},{"data":"Consume","floor":46,"key":"SMITH"},{"data":"Electrodynamics","floor":49,"key":"SMITH"},{"data":"Compile Driver","floor":52,"key":"SMITH"}],"neow_cost":"NONE","seed_source_timestamp":0,"circlet_count":0,"master_deck":["Strike_B","Defend_B+1","Zap+1","Dualcast+1","Compile Driver+1","Hologram+1","Biased Cognition+1","Ball Lightning+1","Glacier+1","Defragment+1","Conserve Battery+1","Electrodynamics+1","Defragment+1","Consume+1"],"special_seed":0,"relics":["Cracked Core","Bag of Marbles","Juzu Bracelet","Orichalcum","DataDisk","Ancient Tea Set","Inserter","Dream Catcher","Runic Dome","FossilizedHelix","Runic Capacitor","War Paint","Bottled Tornado","The Courier"],"potions_floor_usage":[19,33,37,50,53,55,55],"damage_taken":[{"damage":7.0,"enemies":"Jaw Worm","floor":1.0,"turns":4.0},{"damage":1.0,"enemies":"Cultist","floor":2.0,"turns":4.0},{"damage":5.0,"enemies":"Small Slimes","floor":4.0,"turns":3.0},{"damage":7.0,"enemies":"Red Slaver","floor":5.0,"turns":4.0},{"damage":31.0,"enemies":"Lagavulin","floor":6.0,"turns":5.0},{"damage":0.0,"enemies":"Gremlin Gang","floor":7.0,"turns":4.0},{"damage":8.0,"enemies":"Gremlin Nob","floor":8.0,"turns":3.0},{"damage":0.0,"enemies":"Exordium Thugs","floor":11.0,"turns":6.0},{"damage":6.0,"enemies":"3 Sentries","floor":14.0,"turns":6.0},{"damage":13.0,"enemies":"The Guardian","floor":16.0,"turns":8.0},{"damage":2,"enemies":"Shell Parasite","floor":18,"turns":4},{"damage":2,"enemies":"3 Byrds","floor":19,"turns":4},{"damage":2,"enemies":"Snecko","floor":21,"turns":4},{"damage":1,"enemies":"Book of Stabbing","floor":23,"turns":6},{"damage":0,"enemies":"3 Cultists","floor":28,"turns":5},{"damage":0,"enemies":"Centurion and Healer","floor":31,"turns":5},{"damage":32,"enemies":"Automaton","floor":33,"turns":10},{"damage":0,"enemies":"3 Darklings","floor":35,"turns":2},{"damage":0,"enemies":"Orb Walker","floor":36,"turns":3},{"damage":9,"enemies":"2 Orb Walkers","floor":37,"turns":3},{"damage":14,"enemies":"Jaw Worm Horde","floor":41,"turns":2},{"damage":0,"enemies":"3 Darklings","floor":45,"turns":3},{"damage":0,"enemies":"Giant Head","floor":47,"turns":7},{"damage":6,"enemies":"Time Eater","floor":50,"turns":9},{"damage":25,"enemies":"Shield and Spear","floor":54,"turns":4},{"damage":38,"enemies":"The Heart","floor":55,"turns":9}],"seed_played":"-126509866702238172","potions_obtained":[{"floor":2.0,"key":"Explosive Potion"},{"floor":5.0,"key":"Strength Potion"},{"floor":7.0,"key":"LiquidBronze"},{"floor":14.0,"key":"Energy Potion"},{"floor":16.0,"key":"SkillPotion"},{"floor":21,"key":"Poison Potion"},{"floor":36,"key":"Strength Potion"},{"floor":41,"key":"GamblersBrew"},{"floor":47,"key":"Ancient Potion"}],"is_trial":false,"path_per_floor":["M","M","?","M","M","E","M","E","T","?","M","$","R","E","R","B",null,"M","M","$","M","?","E","R","$","T","R","M","?","R","M","R","B",null,"M","M","?","$","?","R","M","R","T","R","M","R","E","?","R","B",null,"R","$","E","B",null],"character_chosen":"DEFECT","items_purchased":["Defragment","Runic Capacitor","Fruit Juice","Weak Potion"],"campfire_rested":2,"item_purchase_floors":[38,38,53,53],"current_hp_per_floor":[68,67,72,67,60,29,29,21,21,9,9,9,33,27,27,14,80,78,76,76,74,74,73,73,73,73,73,73,65,65,65,65,33,80,80,80,71,71,71,71,57,57,57,80,80,80,80,80,80,74,80,80,85,60,22],"gold":50,"neow_bonus":"REMOVE_CARD","is_prod":false,"is_daily":false,"chose_seed":false,"campfire_upgraded":9,"win_rate":0,"timestamp":1543877746,"path_taken":["M","M","?","M","M","E","M","E","T","?","M","$","R","E","R","BOSS","M","M","$","M","?","E","R","$","T","R","M","?","R","M","R","BOSS","M","M","?","$","?","R","M","R","T","R","M","R","E","?","R","BOSS","R","$","E","BOSS"],"build_version":"2018-11-15","purchased_purges":4,"victory":true,"max_hp_per_floor":[75,75,80,80,80,80,80,80,80,80,80,80,80,80,80,80,80,80,80,80,80,80,80,80,80,80,80,80,80,80,80,80,80,80,80,80,80,80,80,80,80,80,80,80,80,80,80,80,80,80,80,80,85,85,85],"card_choices":[{"not_picked":["Go for the Eyes","Rebound"],"picked":"Compile Driver","floor":1.0},{"not_picked":["Go for the Eyes","Compile Driver","Rebound"],"picked":"SKIP","floor":2.0},{"not_picked":["Reprogram","Scrape"],"picked":"Hologram","floor":4.0},{"not_picked":["Turbo","Doom and Gloom"],"picked":"Biased Cognition","floor":5.0},{"not_picked":["Sweeping Beam","Gash","Static Discharge"],"picked":"SKIP","floor":6.0},{"not_picked":["Redo","Compile Driver"],"picked":"Ball Lightning","floor":7.0},{"not_picked":["Beam Cell","Stack"],"picked":"Glacier","floor":8.0},{"not_picked":["Rip and Tear","Skim","Cold Snap"],"picked":"SKIP","floor":11.0},{"not_picked":["Redo","Gash"],"picked":"Defragment","floor":14.0},{"not_picked":["Hologram+1","Glacier"],"picked":"Conserve Battery+1","floor":18},{"not_picked":["Scrape","Sweeping Beam","Chaos"],"picked":"SKIP","floor":19},{"not_picked":["Leap+1","Conserve Battery","Coolheaded"],"picked":"SKIP","floor":21},{"not_picked":["Rip and Tear","Beam Cell","Double Energy"],"picked":"SKIP","floor":23},{"not_picked":["Redo+1","Streamline+1","Hyperbeam"],"picked":"SKIP","floor":28},{"not_picked":["Beam Cell","Stack+1","Double Energy"],"picked":"SKIP","floor":31},{"not_picked":["Meteor Strike","Hyperbeam"],"picked":"Electrodynamics","floor":33},{"not_picked":["Compile Driver+1","Cold Snap","Stack"],"picked":"SKIP","floor":35},{"not_picked":["Conserve Battery","Turbo","Beam Cell+1"],"picked":"SKIP","floor":36},{"not_picked":["Redo+1","Force Field","Gash+1"],"picked":"SKIP","floor":41},{"not_picked":["Rebound","Conserve Battery+1"],"picked":"Consume","floor":44},{"not_picked":["Doom and Gloom+1","Stack+1","Chill+1"],"picked":"SKIP","floor":45},{"not_picked":["Sweeping Beam","Coolheaded+1","Consume+1"],"picked":"SKIP","floor":47},{"not_picked":["Recycle","Creative AI","Redo"],"picked":"SKIP","floor":54}],"player_experience":712458,"relics_obtained":[{"floor":6.0,"key":"Bag of Marbles"},{"floor":8.0,"key":"Juzu Bracelet"},{"floor":9.0,"key":"Orichalcum"},{"floor":14.0,"key":"Ancient Tea Set"},{"floor":23,"key":"Dream Catcher"},{"floor":37,"key":"FossilizedHelix"},{"floor":43,"key":"War Paint"},{"floor":47,"key":"Bottled Tornado"},{"floor":54,"key":"The Courier"}],"event_choices":[{"damage_healed":0.0,"max_hp_gain":5.0,"max_hp_loss":0.0,"gold_gain":0.0,"event_name":"Big Fish","player_choice":"Donut","floor":3.0,"gold_loss":0.0,"damage_taken":0.0},{"damage_healed":0.0,"max_hp_gain":0.0,"max_hp_loss":0.0,"gold_gain":0.0,"event_name":"Scrap Ooze","player_choice":"Success","floor":10.0,"gold_loss":0.0,"damage_taken":12.0,"relics_obtained":["DataDisk"]},{"damage_healed":0,"gold_gain":100,"player_choice":"Pray","damage_taken":0,"max_hp_gain":0,"max_hp_loss":0,"event_name":"Golden Shrine","floor":22,"gold_loss":0},{"damage_healed":0,"gold_gain":0,"player_choice":"Damaged","damage_taken":8,"max_hp_gain":0,"max_hp_loss":0,"event_name":"Wheel of Change","floor":29,"gold_loss":0},{"damage_healed":0,"gold_gain":0,"player_choice":"Fight","damage_taken":0,"max_hp_gain":0,"max_hp_loss":0,"event_name":"Mysterious Sphere","floor":37,"gold_loss":0},{"cards_removed":["Defend_B"],"damage_healed":0,"gold_gain":0,"player_choice":"Upgrade and Remove","damage_taken":0,"max_hp_gain":0,"max_hp_loss":0,"event_name":"Designer","floor":39,"gold_loss":90,"cards_upgraded":["Ball Lightning"]},{"damage_healed":0,"gold_gain":100,"player_choice":"Pray","damage_taken":0,"max_hp_gain":0,"max_hp_loss":0,"event_name":"Golden Shrine","floor":48,"gold_loss":0}],"is_beta":false,"boss_relics":[{"not_picked":["Busted Crown","Orrery"],"picked":"Inserter"},{"not_picked":["Pandora\u0027s Box","Black Star"],"picked":"Runic Dome"}],"items_purged_floors":[12,20,25,53],"is_endless":false,"potions_floor_spawned":[2,5,7,14,16,18,21,36,41,47,54],"ascension_level":0}