{"gold_per_floor":[112,162,115,115,13,13,13,26,103,103,103,103,141,141,141,270,270,294,313,313,35,60,60,159,159],"floor_reached":25,"playtime":1622,"items_purged":[],"score":220,"play_id":"8d0529ac-604a-4e82-986a-51074004a268","local_time":"20190821122852","is_ascension_mode":false,"campfire_choices":[{"data":"Finisher","floor":7,"key":"SMITH"},{"floor":11,"key":"REST"},{"floor":15,"key":"REST"},{"data":"Infinite Blades","floor":23,"key":"SMITH"}],"neow_cost":"NONE","seed_source_timestamp":101587593357416,"circlet_count":0,"master_deck":["Strike_G","Strike_G","Strike_G","Strike_G","Strike_G","Defend_G","Defend_G","Defend_G","Defend_G","Defend_G","Survivor","Neutralize+1","Finisher+1","Endless Agony","Well Laid Plans","Eviscerate","Underhanded Strike","Slice","Blade Dance","Burst","Slice","Backstab","Ghostly","Ghostly","Ghostly","Ghostly","Ghostly","The Bomb","Dodge and Roll","Infinite Blades+1","Quick Slash"],"relics":["Ring of the Snake","Dream Catcher","Darkstone Periapt","Golden Idol","Torii","Anchor","Pen Nib","Cursed Key"],"potions_floor_usage":[16],"damage_taken":[{"damage":4,"enemies":"Cultist","floor":1,"turns":5},{"damage":2,"enemies":"2 Louse","floor":8,"turns":3},{"damage":29,"enemies":"Lagavulin","floor":13,"turns":11},{"damage":31,"enemies":"Slime Boss","floor":16,"turns":15},{"damage":0,"enemies":"Spheric Guardian","floor":18,"turns":3},{"damage":2,"enemies":"Shell Parasite","floor":19,"turns":6},{"damage":10,"enemies":"3 Cultists","floor":22,"turns":8},{"damage":27,"enemies":"Slavers","floor":25,"turns":3}],"seed_played":"6517686980777135217","potions_obtained":[{"floor":13,"key":"FearPotion"},{"floor":18,"key":"SpeedPotion"}],"is_trial":false,"path_per_floor":["M","T","?","?","$","?","R","M","T","?","R","?","E","T","R","B",null,"M","M","?","$","M","R","?","E"],"character_chosen":"THE_SILENT","items_purchased":["Endless Agony","Well Laid Plans","The Bomb","Dodge and Roll","Infinite Blades"],"campfire_rested":2,"item_purchase_floors":[5,5,21,21,21],"current_hp_per_floor":[66,66,66,66,66,66,66,64,64,47,68,61,32,32,53,22,70,70,68,35,35,25,25,25,0],"gold":159,"neow_bonus":"UPGRADE_CARD","is_prod":false,"is_daily":false,"chose_seed":false,"campfire_upgraded":2,"win_rate":0.0,"timestamp":1566386932,"path_taken":["M","?","?","?","$","?","R","?","T","?","R","?","E","?","R","BOSS","M","?","?","$","M","R","?","E"],"build_version":"2019-07-17","purchased_purges":0,"victory":false,"max_hp_per_floor":[70,70,70,70,70,70,70,70,70,70,70,70,70,70,70,70,70,70,70,35,35,35,35,35,35],"card_choices":[{"not_picked":["PiercingWail","Flying Knee"],"picked":"Finisher","floor":1},{"not_picked":["Backflip","Well Laid Plans"],"picked":"Eviscerate","floor":8},{"not_picked":["Predator","Heel Hook"],"picked":"Underhanded Strike","floor":11},{"not_picked":["Poisoned Stab","Finisher"],"picked":"Slice","floor":13},{"not_picked":["Deflect","Flying Knee"],"picked":"Blade Dance","floor":15},{"not_picked":["Phantasmal Killer","Tools of the Trade"],"picked":"Burst","floor":16},{"not_picked":["PiercingWail","Reflex+1"],"picked":"Slice","floor":18},{"not_picked":["Prepared+1","Outmaneuver+1"],"picked":"Backstab","floor":19},{"not_picked":["Finisher","Acrobatics"],"picked":"Quick Slash","floor":22}],"player_experience":25320,"relics_obtained":[{"floor":2,"key":"Dream Catcher"},{"floor":9,"key":"Darkstone Periapt"},{"floor":13,"key":"Anchor"},{"floor":14,"key":"Pen Nib"}],"event_choices":[{"damage_healed":0,"gold_gain":0,"player_choice":"Left Gold","damage_taken":0,"max_hp_gain":0,"max_hp_loss":0,"event_name":"World of Goop","floor":3,"gold_loss":47},{"damage_healed":0,"gold_gain":0,"player_choice":"Ignored","damage_taken":0,"max_hp_gain":0,"max_hp_loss":0,"event_name":"Shining Light","floor":4,"gold_loss":0},{"damage_healed":0,"gold_gain":0,"player_choice":"Ignored","damage_taken":0,"max_hp_gain":0,"max_hp_loss":0,"event_name":"WeMeetAgain","floor":6,"gold_loss":0},{"damage_healed":0,"gold_gain":0,"player_choice":"Take Damage","damage_taken":17,"relics_obtained":["Golden Idol"],"max_hp_gain":0,"max_hp_loss":0,"event_name":"Golden Idol","floor":10,"gold_loss":0},{"damage_healed":0,"gold_gain":0,"player_choice":"Success","damage_taken":7,"relics_obtained":["Torii"],"max_hp_gain":0,"max_hp_loss":0,"event_name":"Scrap Ooze","floor":12,"gold_loss":0},{"damage_healed":0,"gold_gain":0,"player_choice":"Became a Ghost","damage_taken":0,"max_hp_gain":0,"max_hp_loss":35,"event_name":"Ghosts","floor":20,"gold_loss":0,"cards_obtained":["Ghostly","Ghostly","Ghostly","Ghostly","Ghostly"]},{"damage_healed":0,"gold_gain":99,"player_choice":"Stole From Cult","damage_taken":0,"max_hp_gain":0,"max_hp_loss":0,"event_name":"Nest","floor":24,"gold_loss":0}],"is_beta":false,"boss_relics":[{"not_picked":["Ring of the Serpent","Astrolabe"],"picked":"Cursed Key"}],"items_purged_floors":[],"is_endless":false,"potions_floor_spawned":[13,18],"killed_by":"Slavers","ascension_level":0}