{"gold_per_floor":[119,119,119,133,147,147,181,181,228,238,238,267,112,132,132,229,229,244,256,256,256,256,256,285,137,137,137,12,12,23,23,23,123,123,143,143,143,143,154,154,154,4,4,4,4,4,53,53,53,53],"floor_reached":51,"playtime":5410,"items_purged":["Strike_B","Strike_B","Strike_B","Steam Power"],"score":729,"play_id":"6628af8a-d6a4-4ef6-b966-72525ada0688","local_time":"20180721005729","is_ascension_mode":true,"campfire_choices":[{"data":"Rainbow","floor":6,"key":"SMITH"},{"data":"Dualcast","floor":8,"key":"SMITH"},{"floor":15,"key":"REST"},{"data":"Redo","floor":23,"key":"SMITH"},{"data":"Redo","floor":27,"key":"SMITH"},{"data":"Multi-Cast","floor":32,"key":"SMITH"},{"data":"Seek","floor":40,"key":"SMITH"},{"data":"Chill","floor":46,"key":"SMITH"},{"data":"Madness","floor":49,"key":"SMITH"}],"neow_cost":"NONE","seed_source_timestamp":87508645431125,"circlet_count":0,"master_deck":["Strike_B","Defend_B","Defend_B","Defend_B","Defend_B","Zap","Dualcast+1","Rainbow+1","Coolheaded","Chill+1","Double Energy+1","Defragment+1","Seek+1","Multi-Cast+1","Redo+1","Creative AI","Redo+1","Madness+1","Madness","Secret Technique"],"relics":["Cracked Core","Centennial Puzzle","Juzu Bracelet","Oddly Smooth Stone","Ancient Tea Set","Runic Pyramid","Nilry\u0027s Codex","Dodecahedron","Bronze Scales","Busted Crown","Pantograph","Peace Pipe"],"potions_floor_usage":[7,14,16,24,30,33,35,47,50],"damage_taken":[{"damage":7,"enemies":"2 Louse","floor":1,"turns":2},{"damage":0,"enemies":"Small Slimes","floor":4,"turns":3},{"damage":2,"enemies":"Jaw Worm","floor":5,"turns":3},{"damage":0,"enemies":"Lagavulin","floor":7,"turns":6},{"damage":6,"enemies":"Blue Slaver","floor":10,"turns":3},{"damage":13,"enemies":"Gremlin Nob","floor":12,"turns":5},{"damage":6,"enemies":"Red Slaver","floor":14,"turns":5},{"damage":9,"enemies":"Hexaghost","floor":16,"turns":9},{"damage":2,"enemies":"Spheric Guardian","floor":18,"turns":5},{"damage":19,"enemies":"Shell Parasite","floor":19,"turns":6},{"damage":20,"enemies":"Book of Stabbing","floor":24,"turns":5},{"damage":2,"enemies":"3 Cultists","floor":30,"turns":5},{"damage":14,"enemies":"Automaton","floor":33,"turns":11},{"damage":0,"enemies":"Flame Bruiser 1 Orb","floor":35,"turns":4},{"damage":0,"enemies":"3 Shapes","floor":39,"turns":5},{"damage":27,"floor":47,"turns":5},{"damage":42,"enemies":"Time Eater","floor":50,"turns":8}],"seed_played":"7072412477769410943","potions_obtained":[{"floor":4,"key":"FocusPotion"},{"floor":5,"key":"SteroidPotion"},{"floor":12,"key":"Regen Potion"},{"floor":16,"key":"Explosive Potion"},{"floor":19,"key":"LiquidBronze"},{"floor":24,"key":"LiquidBronze"},{"floor":33,"key":"PowerPotion"},{"floor":39,"key":"Fire Potion"},{"floor":47,"key":"Ancient Potion"}],"is_trial":false,"path_per_floor":["M","?","?","M","M","R","E","R","T","M","?","E","$","M","R","B",null,"M","M","?","?","?","R","E","$","T","R","$","?","M","?","R","B",null,"M","?","$","?","M","R","?","$","T","?","?","R","?","?","R","B"],"character_chosen":"DEFECT","items_purchased":["Multi-Cast","Redo"],"campfire_rested":1,"item_purchase_floors":[13,25],"current_hp_per_floor":[68,68,56,56,54,54,54,54,54,48,48,35,35,41,63,54,75,73,54,38,38,75,75,55,55,55,55,55,55,53,53,53,39,75,75,75,75,66,66,66,66,66,66,66,66,66,39,39,39,22],"gold":53,"neow_bonus":"ONE_RANDOM_RARE_CARD","is_prod":false,"is_daily":false,"chose_seed":false,"campfire_upgraded":8,"win_rate":0,"timestamp":1532149049,"path_taken":["M","?","?","M","M","R","E","R","T","M","?","E","$","M","R","BOSS","M","M","?","?","?","R","E","$","T","R","?","?","M","?","R","BOSS","M","?","$","?","M","R","?","$","T","?","?","R","?","?","R","BOSS"],"build_version":"2018-07-19v2","purchased_purges":4,"victory":true,"max_hp_per_floor":[75,75,75,75,75,75,75,75,75,75,75,75,75,75,75,75,75,75,75,75,75,75,75,75,75,75,75,75,75,75,75,75,75,75,75,75,75,75,75,75,75,75,75,75,75,75,75,75,75,75],"card_choices":[{"not_picked":["Sweeping Beam","Go for the Eyes"],"picked":"Coolheaded","floor":1},{"not_picked":["Go for the Eyes","Aggregate"],"picked":"Chill","floor":4},{"not_picked":["Stack","Hologram"],"picked":"Double Energy","floor":5},{"not_picked":["Double Energy","Coolheaded"],"picked":"Defragment","floor":7},{"not_picked":["Hello World","Sweeping Beam"],"picked":"Seek","floor":10},{"not_picked":["Beam Cell","Rebound","Auto Shields"],"picked":"SKIP","floor":12},{"not_picked":["Turbo","Sweeping Beam"],"picked":"Redo","floor":14},{"not_picked":["Meteor Strike","Biased Cognition"],"picked":"Creative AI","floor":16},{"not_picked":["Leap","Hello World+1","Reprogram"],"picked":"SKIP","floor":18},{"not_picked":["White Noise","Ball Lightning","Heatsinks+1"],"picked":"SKIP","floor":19},{"not_picked":["Electrodynamics","Storm","Go for the Eyes"],"picked":"SKIP","floor":24},{"not_picked":["Fusion","Static Discharge","Go for the Eyes+1"],"picked":"SKIP","floor":30},{"not_picked":["Coolheaded"],"picked":"SKIP","floor":35},{"not_picked":["Compile Driver+1"],"picked":"SKIP","floor":39},{"not_picked":[],"picked":"Secret Technique","floor":44}],"player_experience":129593,"relics_obtained":[{"floor":7,"key":"Juzu Bracelet"},{"floor":9,"key":"Oddly Smooth Stone"},{"floor":12,"key":"Ancient Tea Set"},{"floor":20,"key":"Nilry\u0027s Codex"},{"floor":24,"key":"Dodecahedron"},{"floor":26,"key":"Bronze Scales"},{"floor":43,"key":"Pantograph"},{"floor":47,"key":"Peace Pipe"}],"event_choices":[{"event_name":"Liars Game","player_choice":"disagreed","floor":2,"damage_taken":0},{"event_name":"Scrap Ooze","player_choice":"success","floor":3,"damage_taken":12},{"event_name":"Upgrade Shrine","player_choice":"Upgraded","floor":11,"damage_taken":0},{"event_name":"Cursed Tome","player_choice":"Obtained Book","floor":20,"damage_taken":0},{"event_name":"The Mausoleum","player_choice":"No","floor":21,"damage_taken":0},{"event_name":"Wheel of Change","player_choice":"Full Heal","floor":22,"damage_taken":0},{"event_name":"Match and Keep!","player_choice":"1 cards matched","floor":29,"damage_taken":0},{"event_name":"Match and Keep!","player_choice":"1 cards matched","floor":29,"damage_taken":0},{"event_name":"Addict","player_choice":"Ignored","floor":31,"damage_taken":0},{"event_name":"Tomb of Lord Red Mask","player_choice":"Ignored","floor":36,"damage_taken":0},{"event_name":"Winding Halls","player_choice":"Embrace Madness","floor":38,"damage_taken":0},{"event_name":"Upgrade Shrine","player_choice":"Upgraded","floor":41,"damage_taken":0},{"event_name":"SensoryStone","player_choice":"Memory 1","floor":44,"damage_taken":0},{"event_name":"Match and Keep!","player_choice":"0 cards matched","floor":45,"damage_taken":0},{"event_name":"Mysterious Sphere","player_choice":"Fight","floor":47,"damage_taken":0},{"event_name":"SecretPortal","player_choice":"Rejected Portal.","floor":48,"damage_taken":0}],"is_beta":false,"boss_relics":[{"not_picked":["Ectoplasm","Pandora\u0027s Box"],"picked":"Runic Pyramid"},{"not_picked":["Eternal Feather","Tiny House"],"picked":"Busted Crown"}],"items_purged_floors":[13,25,28,42],"is_endless":false,"potions_floor_spawned":[4,5,12,16,19,24,33,39,47],"ascension_level":2}