{"gold_per_floor":[110,90,109,70,88,88,118,118,145,145,170,187,187,203,203,282,282,299,317,332,332,332,332,344,269,269,283,333,351,351,378,378,452,452,462,462,539,558,577,607,607,118,118,118,131,131,145,145,145,145,145],"floor_reached":51,"playtime":2172,"items_purged":["Decay","Bite"],"score":1389,"play_id":"9a09e70c-4af5-4365-a5c5-6c6537591107","local_time":"20190817003546","is_ascension_mode":true,"campfire_choices":[{"data":"Noxious Fumes","floor":6.0,"key":"SMITH"},{"data":"Neutralize","floor":8.0,"key":"SMITH"},{"data":"Dagger Throw","floor":10.0,"key":"SMITH"},{"data":"All Out Attack","floor":13.0,"key":"SMITH"},{"data":"Footwork","floor":15.0,"key":"SMITH"},{"data":"Burst","floor":23.0,"key":"SMITH"},{"data":"Noxious Fumes","floor":32.0,"key":"SMITH"},{"data":"Acrobatics","floor":41.0,"key":"SMITH"},{"floor":44.0,"key":"REST"},{"floor":49,"key":"RECALL"}],"neow_cost":"NONE","seed_source_timestamp":139020866675800,"circlet_count":0,"master_deck":["AscendersBane","Defend_G","Defend_G","Defend_G","Defend_G+1","Defend_G+1","Survivor","Neutralize+1","Footwork+1","Noxious Fumes+1","Dagger Throw+1","Backflip","Adrenaline","Burst+1","Escape Plan+1","Bite","Bite+1","Bite+1","Bite","Noxious Fumes+1","Blade Dance+1","Acrobatics+1","After Image","Purity","Neutralize","Calculated Gamble+1"],"special_seed":0,"relics":["Runic Dome","War Paint","PreservedInsect","Lantern","WristBlade","Orichalcum","The Specimen","Busted Crown","Pear","Vajra","Membership Card","Centennial Puzzle","Whetstone"],"potions_floor_usage":[50],"damage_taken":[{"damage":6.0,"enemies":"2 Louse","floor":1.0,"turns":3.0},{"damage":2.0,"enemies":"Cultist","floor":3.0,"turns":5.0},{"damage":4.0,"enemies":"Small Slimes","floor":5.0,"turns":5.0},{"damage":10.0,"enemies":"3 Sentries","floor":7.0,"turns":7.0},{"damage":0.0,"enemies":"Lagavulin","floor":11.0,"turns":5.0},{"damage":4.0,"enemies":"Exordium Thugs","floor":12.0,"turns":5.0},{"damage":0.0,"enemies":"2 Fungi Beasts","floor":14.0,"turns":1.0},{"damage":19.0,"enemies":"Slime Boss","floor":16.0,"turns":12.0},{"damage":11.0,"enemies":"Spheric Guardian","floor":18.0,"turns":5.0},{"damage":2.0,"enemies":"2 Thieves","floor":19.0,"turns":4.0},{"damage":13.0,"enemies":"Snecko","floor":20.0,"turns":7.0},{"damage":12.0,"enemies":"Snake Plant","floor":24.0,"turns":6.0},{"damage":5.0,"enemies":"Centurion and Healer","floor":27.0,"turns":7.0},{"damage":21.0,"enemies":"Shelled Parasite and Fungi","floor":29.0,"turns":7.0},{"damage":16.0,"enemies":"Gremlin Leader","floor":31.0,"turns":6.0},{"damage":57.0,"enemies":"Automaton","floor":33.0,"turns":10.0},{"damage":36.0,"enemies":"3 Darklings","floor":35.0,"turns":6.0},{"damage":19.0,"enemies":"Orb Walker","floor":38.0,"turns":5.0},{"damage":31.0,"enemies":"Spire Growth","floor":39.0,"turns":6.0},{"damage":17.0,"enemies":"Reptomancer","floor":40.0,"turns":6.0},{"damage":5.0,"enemies":"4 Shapes","floor":45.0,"turns":5.0},{"damage":11.0,"enemies":"Sphere and 2 Shapes","floor":47.0,"turns":6.0},{"damage":36,"enemies":"Donu and Deca","floor":50,"turns":12},{"damage":55,"enemies":"Time Eater","floor":51,"turns":9}],"seed_played":"646248143648735141","potions_obtained":[{"floor":1.0,"key":"LiquidBronze"},{"floor":2.0,"key":"Ancient Potion"},{"floor":5.0,"key":"Fire Potion"},{"floor":11.0,"key":"Energy Potion"},{"floor":20.0,"key":"PowerPotion"},{"floor":39.0,"key":"GhostInAJar"},{"floor":45.0,"key":"FearPotion"}],"is_trial":false,"path_per_floor":["M","?","M","$","M","R","E","R","T","R","E","M","R","M","R","B",null,"M","M","M","?","?","R","M","$","T","M","?","M","?","E","R","B",null,"M","?","T","M","M","E","R","$","T","R","M","?","M","?","R","B","B"],"character_chosen":"THE_SILENT","items_purchased":["Noxious Fumes","Membership Card","Purity","Centennial Puzzle","Whetstone"],"campfire_rested":1,"item_purchase_floors":[4,42,42,42,42],"current_hp_per_floor":[53,53,51,51,47,47,37,37,37,37,37,33,33,33,33,14,53,42,40,27,27,27,27,29,29,29,44,44,41,41,39,39,11,37,21,21,31,24,9,12,12,12,12,28,41,41,50,50,50,32,0],"gold":145,"neow_bonus":"BOSS_RELIC","is_prod":false,"is_daily":false,"chose_seed":false,"campfire_upgraded":8,"win_rate":0,"timestamp":1565973346,"path_taken":["M","?","?","$","M","R","E","R","T","R","E","M","R","M","R","BOSS","M","M","M","?","?","R","?","$","T","M","?","M","?","E","R","BOSS","M","?","?","M","M","E","R","$","T","R","?","?","?","?","R","BOSS","BOSS"],"build_version":"2019-07-17","purchased_purges":2,"victory":false,"max_hp_per_floor":[66,66,66,66,66,66,66,66,66,66,66,66,66,66,66,66,66,66,66,66,46,46,46,46,46,46,46,46,46,46,46,46,46,46,46,46,56,56,56,56,56,56,56,56,56,56,56,56,56,56,56],"card_choices":[{"not_picked":["Endless Agony","Blade Dance","Dagger Spray"],"picked":"SKIP","floor":1.0},{"not_picked":["Prepared","Deflect"],"picked":"Footwork","floor":3.0},{"not_picked":["Distraction","Dagger Throw","Poisoned Stab"],"picked":"SKIP","floor":5.0},{"not_picked":["Distraction","Poisoned Stab"],"picked":"Dagger Throw","floor":5.0},{"not_picked":["Footwork","Dagger Throw","Underhanded Strike"],"picked":"SKIP","floor":7.0},{"not_picked":["Skewer","Endless Agony"],"picked":"All Out Attack","floor":11.0},{"not_picked":["Dodge and Roll","Slice"],"picked":"Backflip","floor":12.0},{"not_picked":["Underhanded Strike","Poisoned Stab"],"picked":"Adrenaline","floor":14.0},{"not_picked":["Storm of Steel","Malaise"],"picked":"Burst","floor":16.0},{"not_picked":["Backflip","Concentrate","Outmaneuver"],"picked":"SKIP","floor":18.0},{"not_picked":["Setup+1","Dagger Spray","Accuracy"],"picked":"SKIP","floor":19.0},{"not_picked":["Poisoned Stab","Cloak And Dagger+1"],"picked":"Escape Plan+1","floor":20.0},{"not_picked":["Dagger Throw","Caltrops","Dodge and Roll"],"picked":"SKIP","floor":24.0},{"not_picked":["Deadly Poison","Dagger Spray"],"picked":"Noxious Fumes","floor":27.0},{"not_picked":["Quick Slash","Backflip"],"picked":"Blade Dance+1","floor":29.0},{"not_picked":["Sucker Punch","Wraith Form v2","Backflip"],"picked":"SKIP","floor":31.0},{"not_picked":["Endless Agony"],"picked":"SKIP","floor":35.0},{"not_picked":["Dagger Spray"],"picked":"SKIP","floor":38.0},{"not_picked":[],"picked":"Acrobatics","floor":39.0},{"not_picked":[],"picked":"After Image","floor":40.0},{"not_picked":["Predator"],"picked":"SKIP","floor":45.0},{"not_picked":[],"picked":"Calculated Gamble+1","floor":47.0}],"player_experience":814622,"relics_obtained":[{"floor":7.0,"key":"War Paint"},{"floor":9.0,"key":"PreservedInsect"},{"floor":11.0,"key":"Lantern"},{"floor":26.0,"key":"Orichalcum"},{"floor":31.0,"key":"The Specimen"},{"floor":37.0,"key":"Pear"},{"floor":40.0,"key":"Vajra"}],"event_choices":[{"damage_healed":0.0,"max_hp_gain":0.0,"max_hp_loss":0.0,"gold_gain":0.0,"event_name":"The Woman in Blue","player_choice":"Bought 1 Potion","floor":2.0,"gold_loss":0.0,"damage_taken":0.0},{"damage_healed":0.0,"max_hp_gain":0.0,"max_hp_loss":20.0,"gold_gain":0.0,"event_name":"Vampires","player_choice":"Became a vampire","floor":21.0,"gold_loss":0.0,"damage_taken":0.0,"cards_obtained":["Bite","Bite","Bite","Bite","Bite"]},{"damage_healed":0.0,"max_hp_gain":0.0,"max_hp_loss":0.0,"gold_gain":0.0,"event_name":"Wheel of Change","player_choice":"Cursed","floor":22.0,"gold_loss":0.0,"damage_taken":0.0,"cards_obtained":["Decay"]},{"damage_healed":0.0,"max_hp_gain":0.0,"max_hp_loss":0.0,"gold_gain":50.0,"event_name":"Nest","player_choice":"Stole From Cult","floor":28.0,"gold_loss":0.0,"damage_taken":0.0},{"damage_healed":0.0,"max_hp_gain":0.0,"max_hp_loss":0.0,"gold_gain":0.0,"event_name":"Ghosts","player_choice":"Ignored","floor":30.0,"gold_loss":0.0,"damage_taken":0.0},{"cards_removed":["All Out Attack"],"damage_healed":0.0,"max_hp_gain":0.0,"max_hp_loss":0.0,"gold_gain":0.0,"event_name":"Falling","player_choice":"Removed Attack","floor":36.0,"gold_loss":0.0,"damage_taken":0.0},{"damage_healed":0.0,"max_hp_gain":0.0,"max_hp_loss":0.0,"gold_gain":0.0,"event_name":"Match and Keep!","player_choice":"1 cards matched","floor":46.0,"gold_loss":0.0,"damage_taken":0.0,"cards_obtained":["Neutralize"]},{"damage_healed":0,"gold_gain":0,"player_choice":"Memory 1","damage_taken":0,"max_hp_gain":0,"max_hp_loss":0,"event_name":"SensoryStone","floor":48,"gold_loss":0}],"is_beta":false,"boss_relics":[{"not_picked":["Lizard Tail","Tiny House"],"picked":"WristBlade"},{"not_picked":["Orrery","Fusion Hammer"],"picked":"Busted Crown"}],"items_purged_floors":[25,42],"is_endless":false,"potions_floor_spawned":[1,5,11,19,20,24,31,39,45],"killed_by":"Time Eater","ascension_level":20}