{"gold_per_floor":[116,135,149,164,9,9,42,42,42,68,143,175,175,175,175,279,279,299,299,265,280,280,307,307,319,319,319,336,351,351,368,368,469,519,537,187,199,209,225,225,245,271,271,271,304,304,317,14,14,14],"floor_reached":51,"playtime":4620,"items_purged":["Strike_B","Beam Cell+1"],"score":1036,"play_id":"9ba4dd21-28b0-4bc0-ac55-876cb8abae9c","local_time":"20180920125539","is_ascension_mode":true,"campfire_choices":[{"data":"Streamline","floor":6,"key":"SMITH"},{"floor":8,"key":"REST"},{"floor":13,"key":"REST"},{"data":"Go for the Eyes","floor":15,"key":"SMITH"},{"data":"Buffer","floor":24,"key":"SMITH"},{"data":"Hologram","floor":27,"key":"SMITH"},{"data":"Machine Learning","floor":30,"key":"SMITH"},{"floor":32,"key":"REST"},{"data":"Reboot","floor":40,"key":"SMITH"},{"floor":44,"key":"REST"},{"data":"Amplify","floor":49,"key":"SMITH"}],"neow_cost":"NONE","seed_source_timestamp":612608147252080,"circlet_count":0,"master_deck":["Strike_B","Strike_B","Defend_B","Defend_B","Defend_B","Defend_B","Zap+1","Dualcast","Streamline+1","Cold Snap","FTL","Go for the Eyes+1","Reboot+1","Beam Cell+1","Beam Cell+1","Machine Learning+1","Go for the Eyes+1","Buffer+1","BootSequence","Scrape+1","Streamline+1","Hologram+1","White Noise+1","Self Repair+1","All For One+1","Chill+1","Melter+1","Loop+1","Capacitor+1","Static Discharge+1","Glacier","Coolheaded","Amplify+1","Coolheaded","Blizzard+1"],"relics":["Cracked Core","Omamori","Mummified Hand","Molten Egg 2","Ornamental Fan","Darkstone Periapt","Nuclear Battery","MutagenicStrength","Boot","Cables","Tiny House","Shuriken","Centennial Puzzle","Singing Bowl","Art of War"],"potions_floor_usage":[4,10,18,23,28,42,42,50],"damage_taken":[{"damage":1,"enemies":"Cultist","floor":1,"turns":3},{"damage":0,"enemies":"Small Slimes","floor":2,"turns":3},{"damage":2,"enemies":"2 Louse","floor":3,"turns":2},{"damage":18,"enemies":"Exordium Thugs","floor":4,"turns":5},{"damage":16,"enemies":"Lagavulin","floor":7,"turns":6},{"damage":21,"enemies":"3 Sentries","floor":10,"turns":7},{"damage":10,"enemies":"Gremlin Nob","floor":12,"turns":3},{"damage":32,"enemies":"Hexaghost","floor":16,"turns":9},{"damage":7,"enemies":"2 Thieves","floor":18,"turns":3},{"damage":0,"enemies":"Shell Parasite","floor":21,"turns":4},{"damage":10,"enemies":"Gremlin Leader","floor":23,"turns":7},{"damage":0,"enemies":"Cultist and Chosen","floor":25,"turns":5},{"damage":0,"enemies":"Sentry and Sphere","floor":28,"turns":5},{"damage":0,"enemies":"Snecko","floor":29,"turns":4},{"damage":2,"enemies":"Cultist and Chosen","floor":31,"turns":5},{"damage":45,"enemies":"Champ","floor":33,"turns":9},{"damage":6,"enemies":"3 Darklings","floor":35,"turns":4},{"damage":2,"enemies":"3 Shapes","floor":37,"turns":3},{"damage":0,"enemies":"Reptomancer","floor":38,"turns":6},{"damage":3,"enemies":"Sphere and 2 Shapes","floor":39,"turns":3},{"damage":27,"enemies":"3 Darklings","floor":41,"turns":5},{"damage":0,"enemies":"Giant Head","floor":42,"turns":6},{"damage":10,"enemies":"Nemesis","floor":45,"turns":4},{"damage":0,"enemies":"4 Shapes","floor":47,"turns":4},{"damage":69,"enemies":"Time Eater","floor":50,"turns":11}],"seed_played":"-1371808092036192447","potions_obtained":[{"floor":1,"key":"Block Potion"},{"floor":7,"key":"FearPotion"},{"floor":12,"key":"FearPotion"},{"floor":18,"key":"Explosive Potion"},{"floor":25,"key":"SkillPotion"},{"floor":34,"key":"Strength Potion"},{"floor":37,"key":"Energy Potion"},{"floor":38,"key":"FearPotion"},{"floor":41,"key":"SkillPotion"}],"is_trial":false,"path_per_floor":["M","M","M","M","$","R","E","R","T","E","?","E","R","?","R","B",null,"M","?","$","M","?","E","R","M","T","R","M","M","R","M","R","B",null,"M","$","M","M","M","R","M","E","T","R","E","?","M","$","R","B"],"character_chosen":"DEFECT","items_purchased":["Omamori","BootSequence","Shuriken","Melter+1","Amplify","Coolheaded","Blizzard+1"],"campfire_rested":4,"item_purchase_floors":[5,20,36,36,48,48,48],"current_hp_per_floor":[74,74,72,54,54,54,38,62,62,41,30,20,44,71,71,39,71,64,64,64,64,64,54,54,54,54,54,54,54,54,62,82,47,78,72,72,70,80,87,87,70,80,80,87,87,87,87,87,87,18],"gold":14,"neow_bonus":"TEN_PERCENT_HP_BONUS","is_prod":false,"is_daily":false,"chose_seed":false,"campfire_upgraded":7,"win_rate":0,"timestamp":1537462539,"path_taken":["M","M","M","M","?","R","E","R","T","E","?","E","R","?","R","BOSS","M","?","$","M","?","E","R","M","T","R","M","M","R","M","R","BOSS","M","$","M","M","M","R","M","E","T","R","E","?","?","$","R","BOSS"],"build_version":"2018-09-06","purchased_purges":2,"victory":true,"max_hp_per_floor":[82,82,82,82,82,82,82,82,82,82,82,82,82,82,82,82,82,82,82,82,82,82,82,82,82,82,82,82,82,82,82,82,82,87,87,87,87,87,87,87,87,87,87,87,87,87,87,87,87,87],"card_choices":[{"not_picked":["Capacitor","Storm"],"picked":"Streamline","floor":1},{"not_picked":["Compile Driver","Hologram"],"picked":"Cold Snap","floor":2},{"not_picked":["Redo","Ball Lightning"],"picked":"FTL","floor":3},{"not_picked":["Compile Driver","Recycle"],"picked":"Go for the Eyes","floor":4},{"not_picked":["Genetic Algorithm","Cold Snap"],"picked":"Reboot","floor":7},{"not_picked":["Coolheaded","Hologram"],"picked":"Beam Cell+1","floor":10},{"not_picked":["Tempest","Turbo"],"picked":"Beam Cell+1","floor":12},{"not_picked":["Seek","Rainbow"],"picked":"Machine Learning","floor":16},{"not_picked":["Undo","Stack"],"picked":"Go for the Eyes+1","floor":18},{"not_picked":["Compile Driver+1","Sweeping Beam+1"],"picked":"Scrape+1","floor":21},{"not_picked":["Cold Snap+1","Gash+1"],"picked":"Streamline+1","floor":23},{"not_picked":["Compile Driver+1","Sweeping Beam+1"],"picked":"Hologram","floor":25},{"not_picked":["Chaos","Meteor Strike+1"],"picked":"White Noise+1","floor":28},{"not_picked":["Hologram","Ball Lightning+1"],"picked":"Self Repair+1","floor":29},{"not_picked":["Reinforced Body","Gash+1","Ball Lightning+1"],"picked":"SKIP","floor":31},{"not_picked":["Biased Cognition","Electrodynamics"],"picked":"All For One+1","floor":33},{"not_picked":["Tempest+1","Undo"],"picked":"Beam Cell+1","floor":34},{"not_picked":["Rip and Tear+1","Sweeping Beam+1"],"picked":"Chill+1","floor":35},{"not_picked":["Barrage+1","Leap"],"picked":"Loop+1","floor":37},{"not_picked":["Ball Lightning+1","Sunder+1"],"picked":"Capacitor+1","floor":38},{"not_picked":["Gash+1","Ball Lightning+1","Steam"],"picked":"SKIP","floor":39},{"not_picked":["Chill+1","Ball Lightning+1","Streamline+1"],"picked":"SKIP","floor":41},{"not_picked":["Compile Driver+1","Beam Cell+1"],"picked":"Static Discharge+1","floor":42},{"not_picked":["Sunder+1","Storm"],"picked":"Glacier","floor":45},{"not_picked":["Leap+1","Gash+1"],"picked":"Coolheaded","floor":47}],"player_experience":379054,"relics_obtained":[{"floor":7,"key":"Mummified Hand"},{"floor":9,"key":"Molten Egg 2"},{"floor":10,"key":"Ornamental Fan"},{"floor":12,"key":"Darkstone Periapt"},{"floor":23,"key":"Boot"},{"floor":26,"key":"Cables"},{"floor":42,"key":"Centennial Puzzle"},{"floor":43,"key":"Singing Bowl"},{"floor":45,"key":"Art of War"}],"event_choices":[{"event_name":"World of Goop","player_choice":"Gather Gold","floor":11,"damage_taken":0},{"event_name":"Big Fish","player_choice":"Banana","floor":14,"damage_taken":0},{"event_name":"Transmorgrifier","player_choice":"Transform","floor":19,"damage_taken":0},{"event_name":"Drug Dealer","player_choice":"Inject Mutagens","floor":22,"damage_taken":0},{"event_name":"Tomb of Lord Red Mask","player_choice":"Ignored","floor":46,"damage_taken":0}],"is_beta":false,"boss_relics":[{"not_picked":["Black Star","Philosopher\u0027s Stone"],"picked":"Nuclear Battery"},{"not_picked":["Fusion Hammer","Empty Cage"],"picked":"Tiny House"}],"items_purged_floors":[36,48],"is_endless":false,"potions_floor_spawned":[1,7,12,18,25,37,38,41],"ascension_level":8}