{"gold_per_floor":[111,127,12,28,103,103,137,137,137,137,157,175,175,190,190,295,295,295,171,171,171,81,81,81],"floor_reached":24,"playtime":1257,"items_purged":["Strike_B","Strike_B"],"score":265,"play_id":"63bde0ec-2121-4191-8ecb-093a12cdc81e","local_time":"20180829145249","is_ascension_mode":true,"campfire_choices":[{"floor":6,"key":"REST"},{"data":"Zap","floor":8,"key":"SMITH"},{"floor":10,"key":"REST"},{"data":"Sunder","floor":15,"key":"SMITH"},{"data":"Buffer","floor":23,"key":"SMITH"}],"neow_cost":"PERCENT_DAMAGE","seed_source_timestamp":356670283248191,"circlet_count":0,"master_deck":["Strike_B+1","Defend_B","Defend_B","Defend_B","Zap+1","Dualcast","Hologram","Melter+1","Self Repair+1","Conserve Battery","Static Discharge","Sunder+1","Buffer+1","Core Surge","BootSequence+1","Storm","Leap+1"],"relics":["Sundial","Smiling Mask","Whetstone","Ectoplasm","Nloth\u0027s Gift"],"potions_floor_usage":[14,16,24],"damage_taken":[{"damage":0,"enemies":"Cultist","floor":1,"turns":3},{"damage":6,"enemies":"2 Louse","floor":2,"turns":2},{"damage":3,"enemies":"Jaw Worm","floor":4,"turns":4},{"damage":34,"enemies":"Lagavulin","floor":7,"turns":10},{"damage":1,"enemies":"Blue Slaver","floor":11,"turns":3},{"damage":5,"enemies":"2 Fungi Beasts","floor":12,"turns":4},{"damage":3,"enemies":"Large Slime","floor":14,"turns":5},{"damage":15,"enemies":"Slime Boss","floor":16,"turns":8},{"damage":14,"enemies":"Shell Parasite","floor":18,"turns":5},{"damage":0,"enemies":"Spheric Guardian","floor":21,"turns":2},{"damage":77,"enemies":"Gremlin Leader","floor":24,"turns":7}],"seed_played":"1723275729829908164","potions_obtained":[{"floor":7,"key":"SpeedPotion"},{"floor":14,"key":"SkillPotion"},{"floor":16,"key":"EssenceOfSteel"},{"floor":18,"key":"FearPotion"}],"is_trial":false,"path_per_floor":["M","M","$","M","?","R","E","R","T","R","M","M","?","M","R","B",null,"M","$","?","M","?","R"],"character_chosen":"DEFECT","items_purchased":["Self Repair","Storm"],"campfire_rested":2,"item_purchase_floors":[3,19],"current_hp_per_floor":[50,44,44,48,37,59,32,32,32,54,60,62,62,66,66,58,71,64,64,64,64,64,64,0],"gold":81,"neow_bonus":"ONE_RARE_RELIC","is_prod":false,"is_daily":false,"chose_seed":false,"campfire_upgraded":3,"win_rate":0,"timestamp":1535568769,"path_taken":["M","?","$","M","?","R","E","R","T","R","M","M","?","M","R","BOSS","M","$","?","M","?","R","E"],"build_version":"2018-08-23v2","purchased_purges":2,"victory":false,"max_hp_per_floor":[75,75,75,75,75,75,75,75,75,75,75,75,75,75,75,75,75,75,75,75,75,75,75,75],"card_choices":[{"not_picked":["Cold Snap","Rip and Tear"],"picked":"Hologram","floor":1},{"not_picked":["Barrage","Static Discharge"],"picked":"Melter","floor":2},{"not_picked":["Steam","Rip and Tear"],"picked":"Conserve Battery","floor":4},{"not_picked":["Stack","Consume","Turbo"],"picked":"SKIP","floor":7},{"not_picked":["Turbo","Cold Snap"],"picked":"Static Discharge","floor":11},{"not_picked":["Compile Driver","Chaos"],"picked":"Sunder","floor":12},{"not_picked":["Auto Shields","Aggregate"],"picked":"Buffer","floor":14},{"not_picked":["Meteor Strike","All For One"],"picked":"Core Surge","floor":16},{"not_picked":["Aggregate","Compile Driver"],"picked":"BootSequence+1","floor":18},{"not_picked":["Gash+1","Sweeping Beam+1"],"picked":"Leap+1","floor":21}],"player_experience":290079,"relics_obtained":[{"floor":7,"key":"Smiling Mask"},{"floor":9,"key":"Whetstone"}],"event_choices":[{"event_name":"World of Goop","player_choice":"Gather Gold","floor":5,"damage_taken":0},{"event_name":"Living Wall","player_choice":"Forget","floor":13,"damage_taken":0},{"event_name":"N\u0027loth","player_choice":"Traded a Cracked Core","floor":20,"damage_taken":0},{"event_name":"Designer","player_choice":"Full Service","floor":22,"damage_taken":0}],"is_beta":false,"boss_relics":[{"not_picked":["Tiny House","Coffee Dripper"],"picked":"Ectoplasm"}],"items_purged_floors":[3,19],"is_endless":false,"potions_floor_spawned":[7,14,16,18],"killed_by":"Gremlin Leader","ascension_level":7}