{"gold_per_floor":[111,122,9,9,9,39,39,39,39,39,72,72,91,41,41,141,141,152,163,262,262,282,282,282],"floor_reached":24,"playtime":847,"items_purged":["Strike_B"],"score":341,"play_id":"d68c3cef-f4a1-4a4e-86e6-91ecf8f3b2bb","local_time":"20190526220007","is_ascension_mode":true,"campfire_choices":[{"data":"Zap","floor":7,"key":"SMITH"},{"floor":10,"key":"RECALL"},{"floor":12,"key":"REST"},{"data":"Cold Snap","floor":15,"key":"SMITH"},{"data":"Conserve Battery","floor":23,"key":"SMITH"}],"neow_cost":"NONE","seed_source_timestamp":629276093942200,"circlet_count":0,"master_deck":["AscendersBane","Strike_B+1","Strike_B","Strike_B","Defend_B","Defend_B","Defend_B","Zap+1","Dualcast","Steam","Streamline+1","Doom and Gloom","Steam","Cold Snap+1","Core Surge","Steam+1","Conserve Battery+1","FTL","All For One"],"relics":["Cracked Core","NeowsBlessing","Bottled Lightning","Bottled Flame","Prayer Wheel","Cursed Key"],"potions_floor_usage":[11,19,22,24],"damage_taken":[{"damage":0,"enemies":"2 Louse","floor":1,"turns":1},{"damage":0,"enemies":"Jaw Worm","floor":2,"turns":1},{"damage":0,"enemies":"3 Sentries","floor":6,"turns":2},{"damage":8,"enemies":"Lagavulin","floor":11,"turns":5},{"damage":0,"enemies":"Cultist","floor":13,"turns":2},{"damage":27,"enemies":"The Guardian","floor":16,"turns":9},{"damage":0,"enemies":"Spheric Guardian","floor":18,"turns":3},{"damage":0,"enemies":"3 Byrds","floor":19,"turns":4},{"damage":16,"enemies":"Shelled Parasite and Fungi","floor":22,"turns":5},{"damage":53,"enemies":"Slavers","floor":24,"turns":5}],"seed_played":"8772696220699943842","potions_obtained":[{"floor":2,"key":"SkillPotion"},{"floor":6,"key":"GamblersBrew"},{"floor":16,"key":"GamblersBrew"},{"floor":18,"key":"Block Potion"}],"is_trial":false,"path_per_floor":["M","M","$","?","?","E","R","$","T","R","E","R","M","?","R","B",null,"M","M","?","?","M","R","E"],"character_chosen":"DEFECT","items_purchased":["Doom and Gloom"],"campfire_rested":1,"item_purchase_floors":[3],"current_hp_per_floor":[68,68,68,53,53,53,53,53,53,53,45,67,67,67,67,40,66,66,66,66,66,50,50,0],"gold":282,"neow_bonus":"THREE_ENEMY_KILL","is_prod":false,"is_daily":false,"chose_seed":false,"campfire_upgraded":3,"win_rate":0,"timestamp":1558922407,"path_taken":["M","M","$","?","?","E","R","?","T","R","E","R","?","?","R","BOSS","M","M","?","?","M","R","E"],"build_version":"2019-01-23","purchased_purges":1,"victory":false,"max_hp_per_floor":[75,75,75,75,75,75,75,75,75,75,75,75,75,75,75,75,75,75,75,75,75,75,75,75],"card_choices":[{"not_picked":["Chill","Rebound"],"picked":"Steam","floor":1},{"not_picked":["Beam Cell","Barrage"],"picked":"Streamline","floor":2},{"not_picked":["Scrape","Hyperbeam","Rebound"],"picked":"SKIP","floor":6},{"not_picked":["Barrage","Go for the Eyes"],"picked":"Steam","floor":11},{"not_picked":["Undo","Barrage"],"picked":"Cold Snap","floor":13},{"not_picked":["Beam Cell","Gash","Reinforced Body"],"picked":"SKIP","floor":13},{"not_picked":["Meteor Strike","Multi-Cast"],"picked":"Core Surge","floor":16},{"not_picked":["Turbo","Streamline"],"picked":"Steam+1","floor":18},{"not_picked":["Gash+1","Rainbow"],"picked":"Conserve Battery","floor":18},{"not_picked":["Cold Snap","Rip and Tear"],"picked":"FTL","floor":19},{"not_picked":["Leap","Beam Cell","Undo"],"picked":"SKIP","floor":19},{"not_picked":["Stack","Conserve Battery"],"picked":"All For One","floor":22},{"not_picked":["Reprogram","Chaos","Cold Snap"],"picked":"SKIP","floor":22},{"not_picked":["Reprogram","Chaos","Cold Snap"],"picked":"SKIP","floor":22}],"player_experience":774795,"relics_obtained":[{"floor":6,"key":"Bottled Lightning"},{"floor":9,"key":"Bottled Flame"},{"floor":11,"key":"Prayer Wheel"}],"event_choices":[{"damage_healed":0,"gold_gain":0,"player_choice":"Entered Light","damage_taken":15,"max_hp_gain":0,"max_hp_loss":0,"event_name":"Shining Light","floor":4,"gold_loss":0,"cards_upgraded":["Strike_B","Streamline"]},{"damage_healed":0,"gold_gain":0,"player_choice":"Ignored","damage_taken":0,"max_hp_gain":0,"max_hp_loss":0,"event_name":"Golden Idol","floor":5,"gold_loss":0},{"cards_removed":["Defend_B"],"damage_healed":0,"gold_gain":0,"player_choice":"Card Removal","damage_taken":0,"max_hp_gain":0,"max_hp_loss":0,"event_name":"The Cleric","floor":14,"gold_loss":50},{"damage_healed":0,"gold_gain":99,"player_choice":"Stole From Cult","damage_taken":0,"max_hp_gain":0,"max_hp_loss":0,"event_name":"Nest","floor":20,"gold_loss":0},{"damage_healed":0,"gold_gain":0,"player_choice":"Ignored","damage_taken":0,"max_hp_gain":0,"max_hp_loss":0,"event_name":"Vampires","floor":21,"gold_loss":0}],"is_beta":false,"boss_relics":[{"not_picked":["Eternal Feather","Coffee Dripper"],"picked":"Cursed Key"}],"items_purged_floors":[3],"is_endless":false,"potions_floor_spawned":[2,6,16,18],"killed_by":"Slavers","ascension_level":10}