{"gold_per_floor":[112,112,125,125,50,50,75,91,138,151,170,79,79,93,93,166,166,181,181,201,201,220,220,235,235,305,332,352,381,280,297,297,372,372,387,402,352,369,383,383,397,425,425,451,470,470,501,601,601,601,601,601,601,60,95,95],"floor_reached":57,"playtime":1967,"items_purged":["Flechettes","Bouncing Flask","Survivor","Noxious Fumes+1"],"score":3362,"play_id":"5c66793b-e6f9-46d0-9b9c-b57c20496280","local_time":"20190817163102","is_ascension_mode":true,"campfire_choices":[{"data":"Noxious Fumes","floor":6.0,"key":"SMITH"},{"data":"Calculated Gamble","floor":15.0,"key":"SMITH"},{"data":"Well Laid Plans","floor":23.0,"key":"SMITH"},{"data":"Grand Finale","floor":25.0,"key":"SMITH"},{"data":"Acrobatics","floor":32.0,"key":"SMITH"},{"data":"Grand Finale","floor":40,"key":"SMITH"},{"floor":46,"key":"RECALL"},{"data":"Concentrate","floor":49,"key":"SMITH"},{"data":"Tools of the Trade","floor":53,"key":"SMITH"}],"neow_cost":"NONE","seed_source_timestamp":197017793455700,"circlet_count":0,"master_deck":["AscendersBane","Neutralize","Terror+1","Grand Finale+1","Grand Finale+1","Tools of the Trade+1","Backflip","Calculated Gamble+1","Well Laid Plans+1","After Image","Backflip+1","Escape Plan","Acrobatics+1","Footwork+1","Concentrate+1"],"special_seed":0,"relics":["Pandora\u0027s Box","Smiling Mask","Bronze Scales","Philosopher\u0027s Stone","Mercury Hourglass","Red Mask","War Paint","Calling Bell","Snake Skull","Gremlin Horn","Kunai","Omamori","Dodecahedron","Incense Burner","Medical Kit","Anchor","Art of War","Ornamental Fan"],"potions_floor_usage":[56,56],"damage_taken":[{"damage":4.0,"enemies":"Cultist","floor":1.0,"turns":3.0},{"damage":11.0,"enemies":"Small Slimes","floor":3.0,"turns":2.0},{"damage":9.0,"enemies":"Jaw Worm","floor":8.0,"turns":3.0},{"damage":0.0,"enemies":"Large Slime","floor":10.0,"turns":5.0},{"damage":0.0,"enemies":"2 Fungi Beasts","floor":11.0,"turns":2.0},{"damage":0.0,"enemies":"Looter","floor":14.0,"turns":3.0},{"damage":9.0,"enemies":"Hexaghost","floor":16.0,"turns":4.0},{"damage":0.0,"enemies":"Chosen","floor":18.0,"turns":3.0},{"damage":0.0,"enemies":"Spheric Guardian","floor":20.0,"turns":2.0},{"damage":12.0,"enemies":"Shelled Parasite and Fungi","floor":22.0,"turns":2.0},{"damage":0.0,"enemies":"Centurion and Healer","floor":24.0,"turns":3.0},{"damage":5.0,"enemies":"Masked Bandits","floor":27.0,"turns":2.0},{"damage":0.0,"enemies":"Chosen and Byrds","floor":28.0,"turns":2.0},{"damage":0.0,"enemies":"Book of Stabbing","floor":29.0,"turns":2.0},{"damage":0.0,"enemies":"Snecko","floor":31.0,"turns":2.0},{"damage":0.0,"enemies":"Collector","floor":33.0,"turns":2.0},{"damage":0,"enemies":"Orb Walker","floor":35,"turns":1},{"damage":0,"enemies":"3 Shapes","floor":36,"turns":1},{"damage":0,"enemies":"Transient","floor":38,"turns":3},{"damage":0,"enemies":"3 Darklings","floor":39,"turns":1},{"damage":0,"enemies":"Spire Growth","floor":41,"turns":2},{"damage":0,"enemies":"Giant Head","floor":42,"turns":2},{"damage":4,"enemies":"Nemesis","floor":44,"turns":3},{"damage":0,"enemies":"Sphere and 2 Shapes","floor":45,"turns":1},{"damage":0,"enemies":"Giant Head","floor":47,"turns":2},{"damage":0,"enemies":"Mind Bloom Boss Battle","floor":48,"turns":2},{"damage":0,"enemies":"Awakened One","floor":50,"turns":2},{"damage":0,"enemies":"Donu and Deca","floor":51,"turns":2},{"damage":0,"enemies":"Shield and Spear","floor":55,"turns":5},{"damage":3,"enemies":"The Heart","floor":56,"turns":4}],"seed_played":"-1947038401635270214","potions_obtained":[{"floor":4.0,"key":"Fire Potion"},{"floor":4.0,"key":"Energy Potion"},{"floor":10.0,"key":"EssenceOfSteel"},{"floor":18.0,"key":"LiquidBronze"},{"floor":22.0,"key":"AttackPotion"},{"floor":33.0,"key":"PowerPotion"},{"floor":42,"key":"Energy Potion"},{"floor":48,"key":"GhostInAJar"}],"is_trial":false,"path_per_floor":["M","?","M","?","$","R","T","M","T","M","M","$","?","M","R","B",null,"M","?","M","?","M","R","M","R","T","?","M","E","$","M","R","B",null,"M","M","$","M","M","R","M","E","T","E","M","R","E","?","R","B","B",null,"R","$","E","B",null],"character_chosen":"THE_SILENT","items_purchased":["Well Laid Plans","Acrobatics","Medical Kit","Anchor","Art of War"],"campfire_rested":0,"item_purchase_floors":[12,30,54,54,54],"current_hp_per_floor":[55,66,55,55,55,55,55,46,46,46,46,46,39,39,39,30,57,57,57,57,57,45,45,45,45,45,40,40,40,40,40,40,40,60,60,60,60,60,60,60,60,60,60,56,56,56,56,56,56,56,56,64,64,64,64,61],"gold":95,"neow_bonus":"BOSS_RELIC","is_prod":false,"is_daily":false,"chose_seed":false,"campfire_upgraded":8,"win_rate":0,"timestamp":1566030662,"path_taken":["M","?","?","?","?","R","?","M","T","M","M","$","?","M","R","BOSS","M","?","M","?","?","R","M","R","T","?","M","E","$","M","R","BOSS","M","M","$","M","M","R","M","E","T","E","M","R","E","?","R","BOSS","BOSS","R","$","E","BOSS"],"build_version":"2019-07-17","purchased_purges":4,"victory":true,"max_hp_per_floor":[66,66,66,66,66,66,66,66,66,66,66,66,66,66,66,66,66,66,66,66,66,66,66,66,66,66,66,66,66,66,66,66,66,66,66,66,66,66,66,66,66,66,66,66,66,66,66,66,66,66,66,66,66,66,66,66],"card_choices":[{"not_picked":["Finisher","Flying Knee"],"picked":"Backflip","floor":1.0},{"not_picked":["Slice","Dagger Throw","Cloak And Dagger"],"picked":"SKIP","floor":3.0},{"not_picked":["Slice","Dagger Throw","Cloak And Dagger"],"picked":"SKIP","floor":3.0},{"not_picked":["All Out Attack","Storm of Steel","Deflect"],"picked":"SKIP","floor":8.0},{"not_picked":["Noxious Fumes","Reflex"],"picked":"Calculated Gamble","floor":10.0},{"not_picked":["Prepared","Accuracy","Flying Knee"],"picked":"SKIP","floor":11.0},{"not_picked":["Sucker Punch","Prepared","Infinite Blades"],"picked":"SKIP","floor":14.0},{"not_picked":["Doppelganger","A Thousand Cuts"],"picked":"After Image","floor":16.0},{"not_picked":["Dagger Spray","Slice"],"picked":"Backflip","floor":18.0},{"not_picked":["Dagger Throw","Prepared","Setup"],"picked":"SKIP","floor":20.0},{"not_picked":["Dagger Spray","PiercingWail","Dagger Throw"],"picked":"SKIP","floor":22.0},{"not_picked":["Sucker Punch","Outmaneuver","Cloak And Dagger"],"picked":"SKIP","floor":24.0},{"not_picked":["Dagger Throw","Dodge and Roll","Terror"],"picked":"SKIP","floor":28.0},{"not_picked":["Dodge and Roll","Caltrops+1","Glass Knife"],"picked":"SKIP","floor":29.0},{"not_picked":["Accuracy+1","Infinite Blades","PiercingWail"],"picked":"SKIP","floor":31.0},{"not_picked":["Underhanded Strike","Dodge and Roll","Sucker Punch"],"picked":"SKIP","floor":35},{"not_picked":["Outmaneuver","Skewer","Acrobatics+1"],"picked":"SKIP","floor":36},{"not_picked":["Setup","Dodge and Roll+1","Masterful Stab+1"],"picked":"SKIP","floor":38},{"not_picked":["Backflip","Quick Slash","Deadly Poison"],"picked":"SKIP","floor":39},{"not_picked":["Glass Knife","Deadly Poison","Slice"],"picked":"SKIP","floor":41},{"not_picked":["Acrobatics+1","Noxious Fumes"],"picked":"Footwork+1","floor":42},{"not_picked":["Deadly Poison","Sucker Punch","Leg Sweep"],"picked":"SKIP","floor":44},{"not_picked":["Deflect+1","PiercingWail","Backflip"],"picked":"SKIP","floor":45},{"not_picked":["Reflex","Expertise"],"picked":"Concentrate","floor":47},{"not_picked":["Prepared+1","Endless Agony","Backflip"],"picked":"SKIP","floor":55}],"player_experience":816794,"relics_obtained":[{"floor":7.0,"key":"Smiling Mask"},{"floor":9.0,"key":"Bronze Scales"},{"floor":26.0,"key":"Mercury Hourglass"},{"floor":27.0,"key":"Red Mask"},{"floor":29.0,"key":"War Paint"},{"floor":34,"key":"Snake Skull"},{"floor":34,"key":"Gremlin Horn"},{"floor":42,"key":"Kunai"},{"floor":44,"key":"Omamori"},{"floor":47,"key":"Dodecahedron"},{"floor":48,"key":"Incense Burner"},{"floor":55,"key":"Ornamental Fan"}],"event_choices":[{"cards_removed":["Bouncing Flask"],"damage_healed":11.0,"max_hp_gain":0.0,"max_hp_loss":0.0,"gold_gain":0.0,"event_name":"Bonfire Elementals","player_choice":"Offered Uncommon","floor":2.0,"gold_loss":0.0,"damage_taken":0.0},{"damage_healed":0.0,"max_hp_gain":0.0,"max_hp_loss":0.0,"gold_gain":0.0,"event_name":"Lab","player_choice":"Got Potions","floor":4.0,"gold_loss":0.0,"damage_taken":0.0},{"cards_removed":["Endless Agony"],"damage_healed":0.0,"max_hp_gain":0.0,"max_hp_loss":0.0,"gold_gain":0.0,"event_name":"Golden Wing","player_choice":"Card Removal","floor":13.0,"gold_loss":0.0,"damage_taken":7.0},{"damage_healed":0.0,"max_hp_gain":0.0,"max_hp_loss":0.0,"gold_gain":0.0,"event_name":"The Library","player_choice":"Read","floor":19.0,"gold_loss":0.0,"damage_taken":0.0,"cards_obtained":["Escape Plan"]},{"cards_removed":["Deflect"],"damage_healed":0.0,"max_hp_gain":0.0,"max_hp_loss":0.0,"gold_gain":0.0,"event_name":"Purifier","player_choice":"Purged","floor":21.0,"gold_loss":0.0,"damage_taken":0.0},{"damage_healed":0.0,"max_hp_gain":0.0,"max_hp_loss":0.0,"gold_gain":0.0,"event_name":"Masked Bandits","player_choice":"Fought Bandits","floor":27.0,"gold_loss":0.0,"damage_taken":0.0},{"damage_healed":0,"gold_gain":0,"player_choice":"Fight","damage_taken":0,"max_hp_gain":0,"max_hp_loss":0,"event_name":"MindBloom","floor":48,"gold_loss":0}],"is_beta":false,"boss_relics":[{"not_picked":["Sozu","WristBlade"],"picked":"Philosopher\u0027s Stone"},{"not_picked":["Snecko Eye","Astrolabe"],"picked":"Calling Bell"}],"items_purged_floors":[5,12,30,37],"is_endless":false,"potions_floor_spawned":[10,11,14,18,22,33,38,42,44,47,48],"ascension_level":20}