{"gold_per_floor":[113,113,188,188,205,239,164,164,164,164,30,45,55,74,74,148,148,103,103,103,53,67,67,98,108,132,163,175,197,225,237,249,335,347,378,390,402,414,437,477,223,223,223,323,341,341,341,160,160,160,160],"floor_reached":51,"playtime":2092,"items_purged":["Strike_G","Strike_G","Strike_G","Defend_G"],"score":1411,"play_id":"2187114f-2053-4cda-a73f-e486687f1d59","local_time":"20190819215954","is_ascension_mode":true,"campfire_choices":[{"data":"Neutralize","floor":8.0,"key":"SMITH"},{"data":"Blade Dance","floor":15.0,"key":"SMITH"},{"data":"Cloak And Dagger","floor":23.0,"key":"SMITH"},{"data":"Cloak And Dagger","floor":32.0,"key":"SMITH"},{"data":"A Thousand Cuts","floor":42.0,"key":"SMITH"},{"data":"Accuracy","floor":46.0,"key":"SMITH"},{"floor":49.0,"key":"RECALL"}],"neow_cost":"NONE","seed_source_timestamp":389074736810500,"circlet_count":0,"master_deck":["AscendersBane","Defend_G","Defend_G","Defend_G","Defend_G","Survivor","Neutralize+1","Blade Dance+1","Infinite Blades","Terror","Cloak And Dagger+1","Cloak And Dagger+1","Dodge and Roll+1","Cloak And Dagger+1","A Thousand Cuts+1","Accuracy+1","Accuracy"],"special_seed":0,"relics":["Ring of the Snake","NeowsBlessing","Singing Bowl","Kunai","Meat on the Bone","Matryoshka","Calling Bell","Smiling Mask","Ninja Scroll","Gambling Chip","Bottled Tornado","MawBank","Blood Vial","Boot","Toxic Egg 2","White Beast Statue","Pear","Membership Card","Nunchaku","Vajra"],"potions_floor_usage":[51,51],"damage_taken":[{"damage":0.0,"enemies":"Jaw Worm","floor":1.0,"turns":1.0},{"damage":0.0,"enemies":"2 Louse","floor":5.0,"turns":1.0},{"damage":0.0,"enemies":"Lagavulin","floor":6.0,"turns":1.0},{"damage":2.0,"enemies":"Small Slimes","floor":12.0,"turns":4.0},{"damage":1.0,"enemies":"Blue Slaver","floor":13.0,"turns":5.0},{"damage":3.0,"enemies":"Looter","floor":14.0,"turns":4.0},{"damage":28.0,"enemies":"Hexaghost","floor":16.0,"turns":9.0},{"damage":11.0,"enemies":"2 Thieves","floor":18.0,"turns":5.0},{"damage":2.0,"enemies":"3 Byrds","floor":22.0,"turns":8.0},{"damage":21.0,"enemies":"Book of Stabbing","floor":24.0,"turns":5.0},{"damage":28.0,"enemies":"Cultist and Chosen","floor":25.0,"turns":9.0},{"damage":7.0,"enemies":"Shelled Parasite and Fungi","floor":27.0,"turns":7.0},{"damage":23.0,"enemies":"Sentry and Sphere","floor":29.0,"turns":11.0},{"damage":1.0,"enemies":"Cultist and Chosen","floor":30.0,"turns":6.0},{"damage":16.0,"enemies":"Collector","floor":33.0,"turns":25.0},{"damage":4.0,"enemies":"3 Shapes","floor":35.0,"turns":10.0},{"damage":0.0,"enemies":"Orb Walker","floor":39.0,"turns":3.0},{"damage":31.0,"enemies":"Reptomancer","floor":40.0,"turns":9.0},{"damage":3.0,"enemies":"Mind Bloom Boss Battle","floor":44.0,"turns":7.0},{"damage":20.0,"enemies":"Writhing Mass","floor":45.0,"turns":8.0},{"damage":39.0,"enemies":"Donu and Deca","floor":50.0,"turns":12.0},{"damage":42,"enemies":"Time Eater","floor":51,"turns":4}],"seed_played":"-5261951555755423724","potions_obtained":[{"floor":5.0,"key":"PowerPotion"},{"floor":12.0,"key":"PowerPotion"},{"floor":22.0,"key":"LiquidBronze"},{"floor":25.0,"key":"Explosive Potion"},{"floor":30.0,"key":"LiquidBronze"},{"floor":33.0,"key":"Ancient Potion"},{"floor":40.0,"key":"Explosive Potion"},{"floor":45.0,"key":"SteroidPotion"}],"is_trial":false,"path_per_floor":["M","?","?","?","M","E","$","R","T","T","$","M","M","M","R","B",null,"M","?","?","$","M","R","E","M","T","M","T","M","M","?","R","B",null,"M","?","?","?","M","E","$","R","T","?","M","R","?","$","R","B","B"],"character_chosen":"THE_SILENT","items_purchased":["Blade Dance","Infinite Blades","Membership Card","Accuracy","Vajra"],"campfire_rested":0,"item_purchase_floors":[11,11,41,48,48],"current_hp_per_floor":[59,64,53,48,50,52,52,52,52,52,52,52,53,50,50,36,70,59,59,59,59,59,59,52,38,38,45,45,36,51,51,51,49,79,77,77,77,77,81,64,64,64,64,65,61,61,61,61,61,36,0],"gold":160,"neow_bonus":"THREE_ENEMY_KILL","is_prod":false,"is_daily":false,"chose_seed":false,"campfire_upgraded":6,"win_rate":0,"timestamp":1566223194,"path_taken":["M","?","?","?","M","E","?","R","T","?","?","M","M","M","R","BOSS","M","?","?","$","M","R","E","M","T","M","?","M","M","?","R","BOSS","M","?","?","?","M","E","$","R","T","?","M","R","?","$","R","BOSS","BOSS"],"build_version":"2019-07-17","purchased_purges":4,"victory":false,"max_hp_per_floor":[66,71,71,71,73,75,75,75,75,75,75,77,79,79,79,81,81,81,81,81,81,83,83,85,87,87,87,87,87,89,89,89,89,89,89,89,89,89,91,103,103,103,103,105,107,107,107,107,107,107,107],"card_choices":[{"not_picked":["Dagger Spray","Riddle With Holes","Slice"],"picked":"SKIP","floor":1.0},{"not_picked":["PiercingWail","Slice","Prepared"],"picked":"Singing Bowl","floor":5.0},{"not_picked":["Dagger Spray","Prepared","Underhanded Strike"],"picked":"Singing Bowl","floor":6.0},{"not_picked":["Outmaneuver","PiercingWail","Endless Agony"],"picked":"Singing Bowl","floor":12.0},{"not_picked":["Footwork","Outmaneuver","Heel Hook"],"picked":"Singing Bowl","floor":13.0},{"not_picked":["Dagger Spray","Burst"],"picked":"Terror","floor":14.0},{"not_picked":["Die Die Die","Malaise","Doppelganger"],"picked":"Singing Bowl","floor":16.0},{"not_picked":["Blade Dance","Catalyst"],"picked":"Cloak And Dagger","floor":18.0},{"not_picked":["All Out Attack","Acrobatics","Deadly Poison"],"picked":"Singing Bowl","floor":22.0},{"not_picked":["Poisoned Stab+1","Blade Dance","Cloak And Dagger"],"picked":"Singing Bowl","floor":24.0},{"not_picked":["Concentrate","Blade Dance","Underhanded Strike"],"picked":"Singing Bowl","floor":25.0},{"not_picked":["Deadly Poison","Acrobatics"],"picked":"Dodge and Roll+1","floor":27.0},{"not_picked":["Deflect+1","Dagger Spray"],"picked":"Cloak And Dagger+1","floor":29.0},{"not_picked":["Outmaneuver+1","Riddle With Holes","Quick Slash"],"picked":"Singing Bowl","floor":30.0},{"not_picked":["Corpse Explosion+1","Glass Knife"],"picked":"A Thousand Cuts","floor":33.0},{"not_picked":["Bane","Catalyst+1"],"picked":"Accuracy","floor":35.0},{"not_picked":["Deflect+1","Outmaneuver+1","Quick Slash"],"picked":"Singing Bowl","floor":39.0},{"not_picked":["Skewer","Cloak And Dagger+1","Malaise+1"],"picked":"Singing Bowl","floor":40.0},{"not_picked":["Prepared+1","Crippling Poison+1","Flying Knee"],"picked":"Singing Bowl","floor":44.0},{"not_picked":["Dodge and Roll+1","Outmaneuver+1","Deadly Poison+1"],"picked":"Singing Bowl","floor":45.0}],"player_experience":841820,"relics_obtained":[{"floor":6.0,"key":"Kunai"},{"floor":9.0,"key":"Meat on the Bone"},{"floor":10.0,"key":"Matryoshka"},{"floor":17.0,"key":"Smiling Mask"},{"floor":17.0,"key":"Ninja Scroll"},{"floor":17.0,"key":"Gambling Chip"},{"floor":24.0,"key":"Bottled Tornado"},{"floor":26.0,"key":"MawBank"},{"floor":26.0,"key":"Blood Vial"},{"floor":28.0,"key":"Boot"},{"floor":28.0,"key":"Toxic Egg 2"},{"floor":40.0,"key":"Pear"},{"floor":44.0,"key":"Nunchaku"}],"event_choices":[{"damage_healed":0.0,"max_hp_gain":5.0,"max_hp_loss":0.0,"gold_gain":0.0,"event_name":"Big Fish","player_choice":"Donut","floor":2.0,"gold_loss":0.0,"damage_taken":0.0},{"damage_healed":0.0,"max_hp_gain":0.0,"max_hp_loss":0.0,"gold_gain":75.0,"event_name":"World of Goop","player_choice":"Gather Gold","floor":3.0,"gold_loss":0.0,"damage_taken":11.0},{"damage_healed":0.0,"max_hp_gain":0.0,"max_hp_loss":0.0,"gold_gain":0.0,"event_name":"Scrap Ooze","player_choice":"Success","floor":4.0,"gold_loss":0.0,"damage_taken":5.0,"relics_obtained":["Singing Bowl"]},{"damage_healed":0.0,"max_hp_gain":0.0,"max_hp_loss":0.0,"gold_gain":0.0,"event_name":"The Library","player_choice":"Read","floor":19.0,"gold_loss":0.0,"damage_taken":0.0,"cards_obtained":["Cloak And Dagger"]},{"damage_healed":0.0,"max_hp_gain":0.0,"max_hp_loss":0.0,"gold_gain":0.0,"event_name":"The Mausoleum","player_choice":"Ignored","floor":20.0,"gold_loss":0.0,"damage_taken":0.0},{"damage_healed":0.0,"max_hp_gain":0.0,"max_hp_loss":0.0,"gold_gain":0.0,"event_name":"Cursed Tome","player_choice":"Ignored","floor":31.0,"gold_loss":0.0,"damage_taken":0.0},{"cards_removed":["Strike_G"],"damage_healed":0.0,"max_hp_gain":0.0,"max_hp_loss":0.0,"gold_gain":0.0,"event_name":"Falling","player_choice":"Removed Attack","floor":36.0,"gold_loss":0.0,"damage_taken":0.0},{"damage_healed":0.0,"max_hp_gain":0.0,"max_hp_loss":0.0,"gold_gain":0.0,"event_name":"Tomb of Lord Red Mask","player_choice":"Ignored","floor":37.0,"gold_loss":0.0,"damage_taken":0.0},{"damage_healed":0.0,"max_hp_gain":0.0,"max_hp_loss":0.0,"gold_gain":0.0,"event_name":"Mysterious Sphere","player_choice":"Ignored","floor":38.0,"gold_loss":0.0,"damage_taken":0.0},{"damage_healed":0.0,"max_hp_gain":0.0,"max_hp_loss":0.0,"gold_gain":0.0,"event_name":"MindBloom","player_choice":"Fight","floor":44.0,"gold_loss":0.0,"damage_taken":0.0},{"cards_removed":["Strike_G"],"damage_healed":0.0,"max_hp_gain":0.0,"max_hp_loss":0.0,"gold_gain":0.0,"event_name":"Bonfire Elementals","player_choice":"Offered Basic","floor":47.0,"gold_loss":0.0,"damage_taken":0.0}],"is_beta":false,"boss_relics":[{"not_picked":["Cursed Key","Runic Dome"],"picked":"Calling Bell"},{"not_picked":["Snecko Eye","Velvet Choker"],"picked":"White Beast Statue"}],"items_purged_floors":[7,21,41,48],"is_endless":false,"potions_floor_spawned":[5,12,22,25,30,33,35,39,40,44,45],"killed_by":"Time Eater","ascension_level":20}