{"gold_per_floor":[112,37,53,53,53,53,53,78,78,122,122,165,183,168,168,259,259,273,273,291,312,72,72,90,90,90,90,90,109,109,130,130,223,223,243,243,143,143,143,18,42,81,81,81,0,18,18,39,39,39,39],"floor_reached":51,"playtime":2536,"items_purged":["Phantasmal Killer","Quick Slash","Flechettes"],"score":1645,"play_id":"826b9501-df06-4970-9597-9d8794c0b576","local_time":"20190809154824","is_ascension_mode":true,"campfire_choices":[{"floor":11.0,"key":"REST"},{"data":"Noxious Fumes","floor":15.0,"key":"SMITH"},{"data":"Calculated Gamble","floor":23.0,"key":"SMITH"},{"data":"Reflex","floor":25.0,"key":"SMITH"},{"floor":28.0,"key":"REST"},{"data":"Burst","floor":32.0,"key":"SMITH"},{"data":"Concentrate","floor":47.0,"key":"SMITH"},{"data":"Acrobatics","floor":49.0,"key":"SMITH"}],"neow_cost":"NONE","seed_source_timestamp":1115744244960099,"circlet_count":0,"master_deck":["AscendersBane","Neutralize","Deadly Poison+1","Blur","Corpse Explosion","Reflex+1","Burst+1","PiercingWail","Backflip","Tools of the Trade","Backflip+1","Calculated Gamble+1","Prepared+1","Eviscerate","Blur","Acrobatics+1","Grand Finale","Escape Plan","Concentrate+1"],"special_seed":0,"relics":["Cursed Key","Golden Idol","Ancient Tea Set","Pen Nib","Pandora\u0027s Box","Snake Skull","Orrery","Pantograph","Red Mask"],"potions_floor_usage":[51],"damage_taken":[{"damage":9.0,"enemies":"Jaw Worm","floor":1.0,"turns":4.0},{"damage":0.0,"enemies":"2 Louse","floor":3.0,"turns":2.0},{"damage":0.0,"enemies":"Cultist","floor":8.0,"turns":2.0},{"damage":27.0,"enemies":"Gremlin Nob","floor":10.0,"turns":4.0},{"damage":15.0,"enemies":"Lagavulin","floor":12.0,"turns":7.0},{"damage":0.0,"enemies":"2 Fungi Beasts","floor":13.0,"turns":4.0},{"damage":7.0,"enemies":"Exordium Thugs","floor":14.0,"turns":4.0},{"damage":5.0,"enemies":"The Guardian","floor":16.0,"turns":9.0},{"damage":13.0,"enemies":"3 Byrds","floor":18.0,"turns":4.0},{"damage":21.0,"enemies":"Shell Parasite","floor":20.0,"turns":5.0},{"damage":8.0,"enemies":"Snecko","floor":21.0,"turns":6.0},{"damage":0.0,"enemies":"Snake Plant","floor":24.0,"turns":4.0},{"damage":0.0,"enemies":"Centurion and Healer","floor":29.0,"turns":5.0},{"damage":17.0,"enemies":"Snecko","floor":31.0,"turns":5.0},{"damage":0.0,"enemies":"Automaton","floor":33.0,"turns":9.0},{"damage":0.0,"enemies":"3 Shapes","floor":35.0,"turns":3.0},{"damage":0.0,"enemies":"3 Darklings","floor":41.0,"turns":1.0},{"damage":0.0,"enemies":"Giant Head","floor":42.0,"turns":6.0},{"damage":0.0,"enemies":"Transient","floor":46.0,"turns":6.0},{"damage":0.0,"enemies":"Writhing Mass","floor":48.0,"turns":2.0},{"damage":0.0,"enemies":"Awakened One","floor":50.0,"turns":5.0},{"damage":40,"enemies":"Time Eater","floor":51,"turns":6}],"seed_played":"5056230764705005805","potions_obtained":[{"floor":1.0,"key":"Explosive Potion"},{"floor":7.0,"key":"Regen Potion"},{"floor":7.0,"key":"GhostInAJar"},{"floor":13.0,"key":"Swift Potion"},{"floor":16.0,"key":"Ancient Potion"},{"floor":20.0,"key":"SkillPotion"},{"floor":21.0,"key":"Fire Potion"},{"floor":33.0,"key":"PowerPotion"},{"floor":35.0,"key":"AttackPotion"}],"is_trial":false,"path_per_floor":["M","$","M","?","?","?","?","M","T","E","R","E","M","M","R","B",null,"M","?","M","M","$","R","M","R","T","?","R","M","?","M","R","B",null,"M","?","$","?","?","$","M","E","T","?","?","M","R","M","R","B","B"],"character_chosen":"THE_SILENT","items_purchased":["Noxious Fumes","Calculated Gamble","Regen Potion"],"campfire_rested":2,"item_purchase_floors":[2,22,22],"current_hp_per_floor":[50,50,50,30,30,25,25,25,25,12,30,15,15,8,8,3,46,33,33,12,4,4,4,18,18,18,18,36,36,36,19,19,19,50,50,50,50,50,50,50,50,50,50,50,50,50,50,50,50,57,17],"gold":39,"neow_bonus":"BOSS_RELIC","is_prod":false,"is_daily":false,"chose_seed":false,"campfire_upgraded":6,"win_rate":0,"timestamp":1565336904,"path_taken":["M","$","M","?","?","?","?","?","T","E","R","E","M","M","R","BOSS","M","?","?","M","?","R","M","R","T","?","R","M","?","M","R","BOSS","M","?","$","?","?","$","M","E","T","?","?","M","R","M","R","BOSS","BOSS"],"build_version":"2019-07-17","purchased_purges":3,"victory":false,"max_hp_per_floor":[66,66,66,66,60,60,60,60,60,60,60,60,60,60,60,60,60,60,60,60,60,60,60,60,60,60,60,60,60,60,60,60,60,60,60,60,60,60,57,57,57,57,57,57,57,57,57,57,57,57,57],"card_choices":[{"not_picked":["Caltrops","Outmaneuver"],"picked":"Quick Slash","floor":1.0},{"not_picked":["Bane","Quick Slash"],"picked":"Deadly Poison","floor":3.0},{"not_picked":["All Out Attack","Poisoned Stab","Endless Agony"],"picked":"SKIP","floor":8.0},{"not_picked":["Noxious Fumes","Bouncing Flask"],"picked":"Blur","floor":10.0},{"not_picked":["Quick Slash","Deadly Poison","Crippling Poison"],"picked":"SKIP","floor":12.0},{"not_picked":["Cloak And Dagger","Predator","Masterful Stab"],"picked":"SKIP","floor":13.0},{"not_picked":["Bane","Die Die Die","Crippling Poison"],"picked":"SKIP","floor":14.0},{"not_picked":["Burst","Phantasmal Killer"],"picked":"Corpse Explosion","floor":16.0},{"not_picked":["Poisoned Stab+1","Distraction","Slice"],"picked":"SKIP","floor":18.0},{"not_picked":["Bane","Endless Agony"],"picked":"Backflip+1","floor":20.0},{"not_picked":["Infinite Blades","Backflip","Dagger Throw"],"picked":"SKIP","floor":21.0},{"not_picked":["Reflex","Dagger Spray","Slice"],"picked":"SKIP","floor":24.0},{"not_picked":["Catalyst","Poisoned Stab"],"picked":"Prepared+1","floor":29.0},{"not_picked":["Dagger Throw","Sucker Punch"],"picked":"Acrobatics","floor":31.0},{"not_picked":["Caltrops","Distraction"],"picked":"Grand Finale","floor":34.0},{"not_picked":["Deflect+1","Catalyst+1"],"picked":"Escape Plan","floor":34.0},{"not_picked":["Endless Agony","PiercingWail","Deflect"],"picked":"SKIP","floor":35.0},{"not_picked":["Endless Agony+1","Quick Slash+1","Deadly Poison"],"picked":"SKIP","floor":41.0},{"not_picked":["Finisher","Poisoned Stab"],"picked":"Concentrate","floor":42.0},{"not_picked":["Outmaneuver","Sucker Punch","Dodge and Roll"],"picked":"SKIP","floor":46.0},{"not_picked":["Endless Agony","Glass Knife","Poisoned Stab"],"picked":"SKIP","floor":48.0}],"player_experience":761897,"relics_obtained":[{"floor":10.0,"key":"Pen Nib"},{"floor":42.0,"key":"Pantograph"}],"event_choices":[{"damage_healed":0.0,"max_hp_gain":0.0,"max_hp_loss":0.0,"gold_gain":0.0,"event_name":"Shining Light","player_choice":"Entered Light","floor":4.0,"gold_loss":0.0,"damage_taken":20.0,"cards_upgraded":["Deadly Poison","Strike_G"]},{"damage_healed":0.0,"max_hp_gain":0.0,"max_hp_loss":6.0,"gold_gain":0.0,"event_name":"Golden Idol","player_choice":"Lose Max HP","floor":5.0,"gold_loss":0.0,"damage_taken":0.0,"relics_obtained":["Golden Idol"]},{"damage_healed":0.0,"max_hp_gain":0.0,"max_hp_loss":0.0,"gold_gain":0.0,"event_name":"Scrap Ooze","player_choice":"Success","floor":6.0,"gold_loss":0.0,"damage_taken":5.0,"relics_obtained":["Ancient Tea Set"]},{"damage_healed":0.0,"max_hp_gain":0.0,"max_hp_loss":0.0,"gold_gain":0.0,"event_name":"Lab","player_choice":"Got Potions","floor":7.0,"gold_loss":0.0,"damage_taken":0.0},{"cards_removed":["Backstab"],"damage_healed":0.0,"max_hp_gain":0.0,"max_hp_loss":0.0,"gold_gain":0.0,"event_name":"WeMeetAgain","player_choice":"Gave Card","floor":19.0,"gold_loss":0.0,"damage_taken":0.0,"relics_obtained":["Snake Skull"]},{"cards_removed":["Cloak And Dagger"],"damage_healed":0.0,"max_hp_gain":0.0,"max_hp_loss":0.0,"gold_gain":0.0,"event_name":"Back to Basics","player_choice":"Elegance","floor":27.0,"gold_loss":0.0,"damage_taken":0.0},{"damage_healed":0.0,"max_hp_gain":0.0,"max_hp_loss":0.0,"gold_gain":0.0,"cards_transformed":["Predator","Survivor"],"event_name":"Drug Dealer","player_choice":"Became Test Subject","floor":30.0,"gold_loss":0.0,"damage_taken":0.0,"cards_obtained":["Eviscerate","Blur"]},{"damage_healed":0.0,"max_hp_gain":0.0,"max_hp_loss":0.0,"gold_gain":0.0,"event_name":"Mysterious Sphere","player_choice":"Ignored","floor":36.0,"gold_loss":0.0,"damage_taken":0.0},{"cards_removed":["Noxious Fumes"],"damage_healed":0.0,"max_hp_gain":0.0,"max_hp_loss":0.0,"gold_gain":0.0,"event_name":"Falling","player_choice":"Removed Power","floor":38.0,"gold_loss":0.0,"damage_taken":0.0},{"damage_healed":0.0,"max_hp_gain":0.0,"max_hp_loss":3.0,"gold_gain":0.0,"event_name":"Winding Halls","player_choice":"Max HP","floor":39.0,"gold_loss":0.0,"damage_taken":0.0},{"damage_healed":0.0,"max_hp_gain":0.0,"max_hp_loss":0.0,"gold_gain":0.0,"event_name":"SensoryStone","player_choice":"Memory 1","floor":44.0,"gold_loss":0.0,"damage_taken":0.0},{"damage_healed":0.0,"max_hp_gain":0.0,"max_hp_loss":0.0,"gold_gain":0.0,"event_name":"Tomb of Lord Red Mask","player_choice":"Paid","floor":45.0,"gold_loss":81.0,"damage_taken":0.0,"relics_obtained":["Red Mask"]}],"is_beta":false,"boss_relics":[{"not_picked":["White Beast Statue","Black Star"],"picked":"Pandora\u0027s Box"},{"not_picked":["Empty Cage","Snecko Eye"],"picked":"Orrery"}],"items_purged_floors":[22,37,40],"is_endless":false,"potions_floor_spawned":[1,8,13,16,20,21,33,35,48],"killed_by":"Time Eater","ascension_level":20}