{"gold_per_floor":[119,129,141,156,86,86,118,140,198,210,236,276,288,314,326,441,453,378,378,378,378,378,378,378],"floor_reached":24,"playtime":1245,"items_purged":[],"score":242,"play_id":"d4d29046-b5ee-4759-8744-3d649bc3ffbc","local_time":"20190709212541","is_ascension_mode":true,"campfire_choices":[{"data":"Zap","floor":6,"key":"SMITH"},{"data":"Gash","floor":10,"key":"SMITH"},{"data":"FTL","floor":13,"key":"SMITH"},{"floor":15,"key":"RECALL"},{"data":"Hologram","floor":23,"key":"SMITH"}],"neow_cost":"NONE","seed_source_timestamp":907048990868800,"circlet_count":0,"master_deck":["Strike_B","Strike_B","Strike_B","Strike_B","Defend_B","Defend_B","Defend_B","Defend_B","Zap+1","Dualcast","FTL","Glacier","Self Repair","FTL+1","Leap","Gash+1","Rebound","Chill","Electrodynamics","Hologram+1","Steam","Necronomicurse"],"relics":["Cracked Core","MawBank","Bag of Preparation","Symbiotic Virus","Ectoplasm","Necronomicon"],"potions_floor_usage":[12,12,16],"damage_taken":[{"damage":1,"enemies":"Cultist","floor":1,"turns":3},{"damage":0,"enemies":"2 Louse","floor":2,"turns":2},{"damage":2,"enemies":"Jaw Worm","floor":3,"turns":3},{"damage":9,"enemies":"Red Slaver","floor":4,"turns":4},{"damage":20,"enemies":"Gremlin Nob","floor":7,"turns":5},{"damage":3,"enemies":"Blue Slaver","floor":8,"turns":5},{"damage":0,"enemies":"Looter","floor":11,"turns":3},{"damage":5,"enemies":"Lagavulin","floor":12,"turns":8},{"damage":5,"enemies":"Lots of Slimes","floor":14,"turns":4},{"damage":34,"enemies":"Hexaghost","floor":16,"turns":13},{"damage":9,"enemies":"2 Thieves","floor":18,"turns":4},{"damage":0,"enemies":"Shell Parasite","floor":19,"turns":3},{"damage":24,"enemies":"Snake Plant","floor":21,"turns":5},{"damage":48,"enemies":"Book of Stabbing","floor":24,"turns":7}],"seed_played":"-5906703821560829213","potions_obtained":[{"floor":0,"key":"Swift Potion"},{"floor":0,"key":"SmokeBomb"},{"floor":0,"key":"SpeedPotion"},{"floor":1,"key":"Energy Potion"},{"floor":7,"key":"Block Potion"},{"floor":12,"key":"Strength Potion"}],"is_trial":false,"path_per_floor":["M","M","M","M","$","R","E","M","T","R","M","E","R","M","R","B",null,"M","M","?","M","?","R","E"],"character_chosen":"DEFECT","items_purchased":["FTL"],"campfire_rested":0,"item_purchase_floors":[5],"current_hp_per_floor":[74,74,72,63,63,63,50,54,54,54,61,63,63,65,65,38,75,73,75,59,42,42,42,0],"gold":378,"neow_bonus":"THREE_SMALL_POTIONS","is_prod":false,"is_daily":false,"chose_seed":false,"campfire_upgraded":4,"win_rate":0,"timestamp":1562721941,"path_taken":["M","M","?","M","$","R","E","M","T","R","M","E","R","M","R","BOSS","M","M","?","M","?","R","E"],"build_version":"2019-07-05","purchased_purges":0,"victory":false,"max_hp_per_floor":[75,75,75,75,75,75,75,75,75,75,75,75,75,75,75,75,75,75,75,75,75,75,75,75],"card_choices":[{"not_picked":["Redo","Hologram"],"picked":"FTL","floor":1},{"not_picked":["Tempest","Scrape"],"picked":"Glacier","floor":2},{"not_picked":["Loop","Reprogram","Static Discharge"],"picked":"SKIP","floor":3},{"not_picked":["Turbo","Stack"],"picked":"Self Repair","floor":4},{"not_picked":["Aggregate","Steam Power"],"picked":"Leap","floor":7},{"not_picked":["Static Discharge","Rainbow"],"picked":"Gash","floor":8},{"not_picked":["Barrage","Cold Snap","Streamline"],"picked":"SKIP","floor":11},{"not_picked":["Compile Driver","Scrape"],"picked":"Rebound","floor":12},{"not_picked":["Ball Lightning","Go for the Eyes"],"picked":"Chill","floor":14},{"not_picked":["Rainbow","Multi-Cast"],"picked":"Electrodynamics","floor":16},{"not_picked":["Storm+1","Darkness"],"picked":"Hologram","floor":18},{"not_picked":["Coolheaded","Sweeping Beam"],"picked":"Steam","floor":19},{"not_picked":["Self Repair","Barrage","Steam"],"picked":"SKIP","floor":21}],"player_experience":835446,"relics_obtained":[{"floor":7,"key":"MawBank"},{"floor":9,"key":"Bag of Preparation"},{"floor":12,"key":"Symbiotic Virus"},{"floor":20,"key":"Necronomicon"}],"event_choices":[{"damage_healed":0,"gold_gain":0,"player_choice":"Obtained Book","damage_taken":16,"max_hp_gain":0,"max_hp_loss":0,"event_name":"Cursed Tome","floor":20,"gold_loss":0},{"damage_healed":0,"gold_gain":99,"player_choice":"Stole From Cult","damage_taken":0,"max_hp_gain":0,"max_hp_loss":0,"event_name":"Nest","floor":22,"gold_loss":0}],"is_beta":false,"boss_relics":[{"not_picked":["Coffee Dripper","Nuclear Battery"],"picked":"Ectoplasm"}],"items_purged_floors":[],"is_endless":false,"potions_floor_spawned":[1,3,7,8,12],"killed_by":"Book of Stabbing","ascension_level":3}