{"gold_per_floor":[114,114,134,190,67,101,117,134,134,168,21,21,54,65,65,140,140,126,144,144,158,158],"floor_reached":22,"playtime":861,"items_purged":["Strike_G"],"score":404,"play_id":"80a14d0e-a346-4245-8523-9e1a76da4724","local_time":"20190821204301","is_ascension_mode":true,"campfire_choices":[{"floor":15.0,"key":"REST"}],"neow_cost":"NONE","seed_source_timestamp":0,"circlet_count":0,"master_deck":["AscendersBane","Strike_G","Strike_G","Strike_G","Strike_G","Defend_G","Defend_G","Defend_G","Defend_G","Defend_G","Survivor","Neutralize","Deadly Poison","Unload","Neutralize","Infinite Blades","Poisoned Stab","Caltrops","Endless Agony","Malaise","Cloak And Dagger","Apotheosis","Leg Sweep","Glass Knife","Bouncing Flask","Terror","Well Laid Plans"],"special_seed":0,"relics":["Ring of the Snake","NeowsBlessing","Gremlin Horn","The Courier","Darkstone Periapt","StoneCalendar","Fusion Hammer","MutagenicStrength"],"potions_floor_usage":[],"damage_taken":[{"damage":0.0,"enemies":"Jaw Worm","floor":1.0,"turns":1.0},{"damage":0.0,"enemies":"Cultist","floor":3.0,"turns":1.0},{"damage":0.0,"enemies":"Lagavulin","floor":6.0,"turns":1.0},{"damage":0.0,"enemies":"2 Louse","floor":7.0,"turns":2.0},{"damage":0.0,"enemies":"2 Fungi Beasts","floor":8.0,"turns":3.0},{"damage":22.0,"enemies":"3 Sentries","floor":10.0,"turns":6.0},{"damage":9.0,"enemies":"Lagavulin","floor":13.0,"turns":8.0},{"damage":12.0,"enemies":"Exordium Thugs","floor":14.0,"turns":4.0},{"damage":2.0,"enemies":"The Guardian","floor":16.0,"turns":8.0},{"damage":19.0,"enemies":"2 Thieves","floor":18.0,"turns":4.0},{"damage":10,"enemies":"Chosen","floor":19,"turns":5},{"damage":19,"enemies":"Snecko","floor":21,"turns":4},{"damage":14,"enemies":"Centurion and Healer","floor":22,"turns":1}],"seed_played":"5393213573342565080","potions_obtained":[{"floor":6.0,"key":"Poison Potion"},{"floor":7.0,"key":"Poison Potion"},{"floor":14.0,"key":"Energy Potion"},{"floor":21,"key":"FearPotion"}],"is_trial":false,"path_per_floor":["M","?","M","?","$","E","M","M","T","E","$","?","E","M","R","B",null,"M","M","?","M","M"],"character_chosen":"THE_SILENT","items_purchased":["Poisoned Stab","Apotheosis"],"campfire_rested":1,"item_purchase_floors":[5,11],"current_hp_per_floor":[59,59,59,59,59,59,59,59,59,37,37,37,28,16,35,33,58,39,29,29,10,0],"gold":158,"neow_bonus":"THREE_ENEMY_KILL","is_prod":false,"is_daily":false,"chose_seed":false,"campfire_upgraded":0,"win_rate":0,"timestamp":1566391381,"path_taken":["M","?","?","?","$","E","M","M","T","E","$","?","E","M","R","BOSS","M","M","?","M","M"],"build_version":"2019-07-17","purchased_purges":1,"victory":false,"max_hp_per_floor":[66,66,66,66,66,66,66,66,66,66,66,66,66,66,66,66,66,66,66,66,66,66],"card_choices":[{"not_picked":["Acrobatics","Blade Dance"],"picked":"Deadly Poison","floor":1.0},{"not_picked":["Dagger Throw","Backflip"],"picked":"Infinite Blades","floor":3.0},{"not_picked":["Quick Slash","Backflip"],"picked":"Caltrops","floor":6.0},{"not_picked":["Outmaneuver","Deadly Poison"],"picked":"Endless Agony","floor":7.0},{"not_picked":["Dagger Spray","Caltrops"],"picked":"Malaise","floor":8.0},{"not_picked":["Infinite Blades","Setup"],"picked":"Cloak And Dagger","floor":10.0},{"not_picked":["Eviscerate","Dagger Spray","PiercingWail"],"picked":"SKIP","floor":13.0},{"not_picked":["Deflect","Heel Hook"],"picked":"Leg Sweep","floor":14.0},{"not_picked":["Burst","Malaise"],"picked":"Glass Knife","floor":16.0},{"not_picked":["Quick Slash","Cloak And Dagger"],"picked":"Bouncing Flask","floor":18},{"not_picked":["Dagger Spray","Quick Slash"],"picked":"Terror","floor":19},{"not_picked":["Eviscerate","Underhanded Strike"],"picked":"Well Laid Plans","floor":21}],"player_experience":893157,"relics_obtained":[{"floor":6.0,"key":"Gremlin Horn"},{"floor":9.0,"key":"The Courier"},{"floor":10.0,"key":"Darkstone Periapt"},{"floor":13.0,"key":"StoneCalendar"}],"event_choices":[{"damage_healed":0.0,"max_hp_gain":0.0,"max_hp_loss":0.0,"gold_gain":0.0,"event_name":"Match and Keep!","player_choice":"2 cards matched","floor":2.0,"gold_loss":0.0,"damage_taken":0.0,"cards_obtained":["Unload","Neutralize"]},{"damage_healed":0.0,"max_hp_gain":0.0,"max_hp_loss":0.0,"gold_gain":56.0,"event_name":"Golden Wing","player_choice":"Gained Gold","floor":4.0,"gold_loss":0.0,"damage_taken":0.0},{"damage_healed":0.0,"max_hp_gain":0.0,"max_hp_loss":0.0,"gold_gain":0.0,"event_name":"Shining Light","player_choice":"Ignored","floor":12.0,"gold_loss":0.0,"damage_taken":0.0},{"damage_healed":0,"gold_gain":0,"player_choice":"Inject Mutagens","damage_taken":0,"relics_obtained":["MutagenicStrength"],"max_hp_gain":0,"max_hp_loss":0,"event_name":"Drug Dealer","floor":20,"gold_loss":0}],"is_beta":false,"boss_relics":[{"not_picked":["HoveringKite","Black Star"],"picked":"Fusion Hammer"}],"items_purged_floors":[5],"is_endless":false,"potions_floor_spawned":[6,7,8,14,21],"killed_by":"Centurion and Healer","ascension_level":15}