{"gold_per_floor":[109,127,127,97,97,97,125,125,125,189,289,146,216,232,232,333,333,333,333,273,193,193,193,193,193,193,193,193,39,39,39,39,39,39,39,39,39,39,39,39,1,1,1,1,1,1,1,1,1,1],"floor_reached":51,"playtime":3443,"items_purged":["Strike_B"],"score":990,"play_id":"b889e924-39ab-4567-b62e-90f0a29b9e28","local_time":"20180808001334","is_ascension_mode":true,"campfire_choices":[{"data":"Dualcast","floor":6,"key":"SMITH"},{"data":"Glacier","floor":8,"key":"SMITH"},{"data":"Defragment","floor":15,"key":"SMITH"},{"data":"Seek","floor":23,"key":"SMITH"},{"floor":25,"key":"REST"},{"floor":32,"key":"REST"},{"data":"Creative AI","floor":40,"key":"SMITH"},{"data":"Strike_B","floor":46,"key":"PURGE"},{"floor":49,"key":"REST"}],"neow_cost":"NONE","seed_source_timestamp":1642040604115496,"circlet_count":0,"master_deck":["Strike_B","Defend_B","Defend_B","Defend_B","Defend_B","Zap+1","Dualcast+1","Leap","Glacier+1","Defragment+1","Defragment","Storm","Seek+1","Loop","RitualDagger","Defragment","Creative AI+1","Capacitor","Electrodynamics","Ball Lightning+1","Panache","Capacitor","Auto Shields","Zap","White Noise+1"],"relics":["Cracked Core","Juzu Bracelet","Odd Mushroom","Thread and Needle","Bag of Preparation","Pear","Ectoplasm","Incense Burner","Bronze Scales","Red Mask","Lantern","Nuclear Battery","Peace Pipe","Prayer Wheel","Potion Belt"],"potions_floor_usage":[7,7,16,16,24,33,45,50,50],"damage_taken":[{"damage":3,"enemies":"Jaw Worm","floor":1,"turns":4},{"damage":0,"enemies":"Cultist","floor":2,"turns":3},{"damage":2,"floor":7,"turns":5},{"damage":9,"enemies":"Lagavulin Event","floor":10,"turns":9},{"damage":0,"enemies":"Small Slimes","floor":14,"turns":3},{"damage":0,"enemies":"Slime Boss","floor":16,"turns":8},{"damage":0,"enemies":"Spheric Guardian","floor":18,"turns":5},{"damage":0,"enemies":"2 Thieves","floor":20,"turns":4},{"damage":54,"enemies":"Gremlin Leader","floor":24,"turns":10},{"damage":28,"floor":27,"turns":3},{"damage":5,"enemies":"Centurion and Healer","floor":28,"turns":3},{"damage":0,"enemies":"Cultist and Chosen","floor":31,"turns":4},{"damage":3,"enemies":"Champ","floor":33,"turns":9},{"damage":0,"enemies":"3 Shapes","floor":35,"turns":4},{"damage":0,"enemies":"Orb Walker","floor":36,"turns":2},{"damage":0,"enemies":"Sphere and 2 Shapes","floor":37,"turns":1},{"damage":0,"floor":42,"turns":3},{"damage":0,"enemies":"Nemesis","floor":45,"turns":5},{"damage":0,"enemies":"Maw","floor":48,"turns":4},{"damage":0,"enemies":"Donu and Deca","floor":50,"turns":5}],"seed_played":"7280654255126697831","potions_obtained":[{"floor":2,"key":"SpeedPotion"},{"floor":4,"key":"PowerPotion"},{"floor":4,"key":"EssenceOfSteel"},{"floor":10,"key":"PowerPotion"},{"floor":10,"key":"PowerPotion"},{"floor":14,"key":"FocusPotion"},{"floor":27,"key":"SteroidPotion"},{"floor":31,"key":"SkillPotion"},{"floor":35,"key":"Poison Potion"},{"floor":37,"key":"FocusPotion"},{"floor":44,"key":"FairyPotion"},{"floor":45,"key":"Dexterity Potion"}],"is_trial":false,"path_per_floor":["M","M","?","?","?","R","?","R","T","?","?","$","T","M","R","B",null,"M","?","M","$","?","R","E","R","T","?","M","$","?","M","R","B",null,"M","M","M","?","?","R","$","?","T","?","E","R","?","M","R","B"],"character_chosen":"DEFECT","items_purchased":["Defragment","Defragment","Lantern","Capacitor"],"campfire_rested":3,"item_purchase_floors":[12,21,29,41],"current_hp_per_floor":[72,72,72,72,65,65,63,63,63,54,54,54,64,64,64,64,80,80,74,74,74,74,74,20,45,45,17,12,12,12,12,37,34,72,72,72,72,72,62,62,62,62,62,62,62,62,62,62,85,85],"gold":1,"neow_bonus":"RANDOM_COMMON_RELIC","is_prod":false,"is_daily":false,"chose_seed":false,"campfire_upgraded":5,"win_rate":0,"timestamp":1533701614,"path_taken":["M","M","?","?","?","R","?","R","T","?","?","$","?","M","R","BOSS","M","?","M","$","?","R","E","R","T","?","M","$","?","M","R","BOSS","M","M","M","?","?","R","$","?","T","?","E","R","?","M","R","BOSS"],"build_version":"2018-08-02","purchased_purges":1,"victory":true,"max_hp_per_floor":[75,75,75,75,75,75,75,75,75,75,75,75,85,85,85,85,85,85,85,85,85,85,85,85,85,85,85,85,85,85,85,85,85,85,85,85,85,85,85,85,85,85,85,85,85,85,85,85,85,85],"card_choices":[{"not_picked":["Cold Snap","Sweeping Beam"],"picked":"Leap","floor":1},{"not_picked":["Ball Lightning","Undo"],"picked":"Glacier","floor":2},{"not_picked":["Go for the Eyes","Gash"],"picked":"Defragment","floor":10},{"not_picked":["Leap","Coolheaded"],"picked":"Storm","floor":14},{"not_picked":["Meteor Strike","Hyperbeam"],"picked":"Seek","floor":16},{"not_picked":["Auto Shields","Ball Lightning+1"],"picked":"Loop","floor":18},{"not_picked":["Auto Shields","Coolheaded","Cold Snap"],"picked":"SKIP","floor":20},{"not_picked":["Redo","Sweeping Beam"],"picked":"Creative AI","floor":24},{"not_picked":["Skim","Beam Cell","Compile Driver+1"],"picked":"SKIP","floor":28},{"not_picked":["Compile Driver+1","Go for the Eyes"],"picked":"Capacitor","floor":31},{"not_picked":["Hyperbeam","All For One"],"picked":"Electrodynamics","floor":33},{"not_picked":["Coolheaded","Conserve Battery"],"picked":"Ball Lightning+1","floor":35},{"not_picked":["Barrage","Streamline","Gash"],"picked":"SKIP","floor":36},{"not_picked":["Barrage","BootSequence+1","Conserve Battery+1"],"picked":"SKIP","floor":37},{"not_picked":["Deep Breath","Master of Strategy"],"picked":"Panache","floor":39},{"not_picked":["Steam+1","Coolheaded","Gash+1"],"picked":"SKIP","floor":45},{"not_picked":["Steam","Ball Lightning+1"],"picked":"White Noise+1","floor":48},{"not_picked":["Gash","Ball Lightning+1","Coolheaded+1"],"picked":"SKIP","floor":48}],"player_experience":214355,"relics_obtained":[{"floor":7,"key":"Odd Mushroom"},{"floor":9,"key":"Thread and Needle"},{"floor":10,"key":"Bag of Preparation"},{"floor":13,"key":"Pear"},{"floor":24,"key":"Incense Burner"},{"floor":26,"key":"Bronze Scales"},{"floor":27,"key":"Red Mask"},{"floor":42,"key":"Peace Pipe"},{"floor":43,"key":"Prayer Wheel"},{"floor":45,"key":"Potion Belt"}],"event_choices":[{"event_name":"Accursed Blacksmith","player_choice":"Forge","floor":3,"damage_taken":0},{"event_name":"The Woman in Blue","player_choice":"Bought 2 Potions","floor":4,"damage_taken":0},{"event_name":"Golden Wing","player_choice":"Card Removal","floor":5,"damage_taken":0},{"event_name":"Mushrooms","player_choice":"Fought Mushrooms","floor":7,"damage_taken":0},{"event_name":"Dead Adventurer","player_choice":"Searched \u00271\u0027 times","floor":10,"damage_taken":0},{"event_name":"Golden Shrine","player_choice":"Pray","floor":11,"damage_taken":0},{"event_name":"Nest","player_choice":"Joined the Cult","floor":19,"damage_taken":0},{"event_name":"Drug Dealer","player_choice":"Ignored","floor":22,"damage_taken":0},{"event_name":"Masked Bandits","player_choice":"Fought over 193 gold","floor":27,"damage_taken":0},{"event_name":"Purifier","player_choice":"One Purge","floor":30,"damage_taken":0},{"event_name":"Tomb of Lord Red Mask","player_choice":"Wore Mask","floor":38,"damage_taken":0},{"event_name":"SensoryStone","player_choice":"Memory 3","floor":39,"damage_taken":0},{"event_name":"MindBloom","player_choice":"Fight","floor":42,"damage_taken":0},{"event_name":"The Lab","player_choice":"Got Potions","floor":44,"damage_taken":0},{"event_name":"Match and Keep!","player_choice":"2 cards matched","floor":47,"damage_taken":0}],"is_beta":false,"boss_relics":[{"not_picked":["Philosopher\u0027s Stone","Lizard Tail"],"picked":"Ectoplasm"},{"not_picked":["Runic Pyramid","Eternal Feather"],"picked":"Nuclear Battery"}],"items_purged_floors":[12],"is_endless":false,"potions_floor_spawned":[2,10,10,14,27,31,35,37,45],"ascension_level":5}