{"gold_per_floor":[109,127,143,153,78,78,112,112,112,112,112,83,42,57,57,57],"floor_reached":16,"playtime":877,"items_purged":[],"score":189,"play_id":"2d2115d6-ec77-46ea-b34f-9a522b4cc332","local_time":"20181019151901","is_ascension_mode":true,"campfire_choices":[{"data":"Loop","floor":6,"key":"SMITH"},{"floor":8,"key":"REST"},{"floor":10,"key":"REST"},{"floor":15,"key":"REST"}],"neow_cost":"NONE","seed_source_timestamp":838990069988615,"circlet_count":0,"master_deck":["Strike_B","Strike_B","Strike_B","Defend_B","Defend_B","Defend_B","Defend_B","Zap","Dualcast","AscendersBane","Amplify","Loop+1","FTL","Hologram","Defragment","Storm","Static Discharge"],"relics":["Cracked Core","Symbiotic Virus","Nunchaku"],"potions_floor_usage":[12,16,16],"damage_taken":[{"damage":0,"enemies":"Small Slimes","floor":1,"turns":2},{"damage":0,"enemies":"2 Louse","floor":2,"turns":3},{"damage":12,"enemies":"Cultist","floor":3,"turns":4},{"damage":4,"enemies":"Large Slime","floor":4,"turns":6},{"damage":45,"enemies":"3 Sentries","floor":7,"turns":8},{"damage":26,"enemies":"Exordium Thugs","floor":12,"turns":4},{"damage":1,"enemies":"3 Louse","floor":14,"turns":2},{"damage":42,"enemies":"The Guardian","floor":16,"turns":6}],"seed_played":"8009676233356782505","potions_obtained":[{"floor":2,"key":"Energy Potion"},{"floor":7,"key":"SneckoOil"},{"floor":14,"key":"SkillPotion"}],"is_trial":false,"path_per_floor":["M","M","M","M","?","R","E","R","T","R","$","M","$","M","R"],"character_chosen":"DEFECT","items_purchased":["Static Discharge"],"campfire_rested":3,"item_purchase_floors":[13],"current_hp_per_floor":[64,64,52,48,48,48,3,24,24,45,45,19,19,18,39,0],"gold":57,"neow_bonus":"ONE_RANDOM_RARE_CARD","is_prod":false,"is_daily":false,"chose_seed":false,"campfire_upgraded":1,"win_rate":0,"timestamp":1539976741,"path_taken":["M","M","M","M","?","R","E","R","T","R","$","M","?","M","R","BOSS"],"build_version":"2018-10-18","purchased_purges":0,"victory":false,"max_hp_per_floor":[71,71,71,71,71,71,71,71,71,71,71,71,71,71,71,71],"card_choices":[{"not_picked":["Rebound","Go for the Eyes","Chaos"],"picked":"SKIP","floor":1},{"not_picked":["Redo","Self Repair"],"picked":"Loop","floor":2},{"not_picked":["Go for the Eyes","Lockon"],"picked":"FTL","floor":3},{"not_picked":["Turbo","Double Energy"],"picked":"Hologram","floor":4},{"not_picked":["Rebound","Scrape"],"picked":"Defragment","floor":7},{"not_picked":["Turbo","Multi-Cast"],"picked":"Storm","floor":12},{"not_picked":["Lockon","Barrage","Stack"],"picked":"SKIP","floor":14}],"player_experience":570887,"relics_obtained":[{"floor":7,"key":"Symbiotic Virus"},{"floor":9,"key":"Nunchaku"}],"event_choices":[{"cards_removed":["Strike_B"],"damage_healed":0,"gold_gain":0,"player_choice":"Card Removal","damage_taken":0,"max_hp_gain":0,"max_hp_loss":0,"event_name":"The Cleric","floor":5,"gold_loss":75}],"is_beta":false,"boss_relics":[],"items_purged_floors":[],"is_endless":false,"potions_floor_spawned":[2,7,14],"killed_by":"The Guardian","ascension_level":17}