{"gold_per_floor":[111,111,126,149,162,162,182,182,209,234,252,276,276,276,276,400,400,425,438,452,470,373,406,331,331,331,28,44,44,44,58,58,181,181,197,265,265,285,285,285,309,309,309,352,370,15,31,75,75,75],"floor_reached":51,"playtime":8789,"items_purged":["Strike_B","Defend_B"],"score":1074,"play_id":"30f15c6c-fb13-429e-b04d-37214721fb5d","local_time":"20180713132518","is_ascension_mode":true,"campfire_choices":[{"data":"Double Energy","floor":6,"key":"SMITH"},{"data":"Tempest","floor":8,"key":"SMITH"},{"data":"Zap","floor":13,"key":"SMITH"},{"floor":15,"key":"REST"},{"floor":30,"key":"REST"},{"data":"Buffer","floor":32,"key":"SMITH"},{"data":"Thunder Strike","floor":40,"key":"SMITH"},{"data":"Defragment","floor":42,"key":"SMITH"},{"data":"Double Energy","floor":49,"key":"SMITH"}],"neow_cost":"NONE","seed_source_timestamp":0,"circlet_count":0,"master_deck":["Defend_B+1","Defend_B","Zap+1","Dualcast","Capacitor","Defragment+1","Double Energy+1","Tempest+1","Static Discharge","Electrodynamics","Thunder Strike+1","Reboot+1","Conserve Battery","Buffer+1","Skim+1","Double Energy+1","Amplify","Hologram+1","Storm+1","Conserve Battery+1"],"special_seed":17725,"relics":["Cracked Core","Golden Idol","Strawberry","Cursed Key","War Paint","Bird Faced Urn","Anchor","Lizard Tail","Incense Burner","Du-Vu Doll","Ornamental Fan","Dodecahedron","Bottled Lightning"],"potions_floor_usage":[5,16,18,21,21,33,37,37,45,50,50],"damage_taken":[{"damage":2,"enemies":"2 Louse","floor":1,"turns":2},{"damage":3,"enemies":"Jaw Worm","floor":3,"turns":3},{"damage":1,"enemies":"Cultist","floor":4,"turns":3},{"damage":15,"enemies":"Large Slime","floor":5,"turns":7},{"damage":0,"enemies":"2 Fungi Beasts","floor":7,"turns":2},{"damage":0,"enemies":"Looter","floor":10,"turns":4},{"damage":10,"enemies":"3 Louse","floor":11,"turns":3},{"damage":13,"enemies":"Lots of Slimes","floor":12,"turns":3},{"damage":9,"enemies":"Hexaghost","floor":16,"turns":8},{"damage":19,"enemies":"Shell Parasite","floor":18,"turns":5},{"damage":5,"enemies":"3 Byrds","floor":19,"turns":2},{"damage":10,"enemies":"Sentry and Sphere","floor":20,"turns":3},{"damage":10,"enemies":"Chosen and Byrds","floor":21,"turns":4},{"damage":29,"enemies":"Gremlin Leader","floor":23,"turns":4},{"damage":3,"enemies":"Centurion and Healer","floor":28,"turns":3},{"damage":0,"enemies":"Snecko","floor":31,"turns":4},{"damage":0,"enemies":"Champ","floor":33,"turns":5},{"damage":24,"enemies":"3 Darklings","floor":35,"turns":3},{"damage":27,"floor":36,"turns":4},{"damage":0,"floor":37,"turns":2},{"damage":10,"enemies":"3 Shapes","floor":38,"turns":3},{"damage":0,"enemies":"3 Darklings","floor":41,"turns":2},{"damage":0,"enemies":"Nemesis","floor":44,"turns":3},{"damage":0,"enemies":"Sphere and 2 Shapes","floor":45,"turns":3},{"damage":0,"enemies":"4 Shapes","floor":47,"turns":2},{"damage":0,"enemies":"Giant Head","floor":48,"turns":6},{"damage":46,"enemies":"Awakened One","floor":50,"turns":8}],"seed_played":"5986081896675769642","potions_obtained":[{"floor":1,"key":"Ancient Potion"},{"floor":3,"key":"Weak Potion"},{"floor":11,"key":"SpeedPotion"},{"floor":12,"key":"Ancient Potion"},{"floor":16,"key":"Poison Potion"},{"floor":19,"key":"SteroidPotion"},{"floor":20,"key":"Fruit Juice"},{"floor":28,"key":"Strength Potion"},{"floor":33,"key":"Poison Potion"},{"floor":36,"key":"AttackPotion"},{"floor":41,"key":"AttackPotion"},{"floor":45,"key":"LiquidBronze"},{"floor":47,"key":"Weak Potion"},{"floor":48,"key":"SpeedPotion"}],"is_trial":false,"path_per_floor":["M","?","M","M","M","R","M","R","T","M","M","M","R","?","R","B",null,"M","M","M","M","$","E","?","?","T","$","M","?","R","M","R","B",null,"M","?","?","M","?","R","M","R","T","E","M","$","M","E","R","B"],"character_chosen":"DEFECT","items_purchased":["Conserve Battery","Bird Faced Urn","Dodecahedron"],"campfire_rested":2,"item_purchase_floors":[22,27,46],"current_hp_per_floor":[73,55,52,51,36,36,36,36,43,43,33,20,20,13,37,28,82,63,58,48,43,43,14,14,14,14,14,21,21,47,57,57,67,87,67,52,62,58,58,58,70,70,70,84,87,87,87,87,87,41],"gold":75,"neow_bonus":"REMOVE_CARD","is_prod":false,"is_daily":false,"chose_seed":false,"campfire_upgraded":7,"win_rate":0,"timestamp":1531502718,"path_taken":["M","?","M","M","M","R","M","R","T","?","M","M","R","?","R","BOSS","M","?","?","M","$","E","?","?","T","$","M","?","R","M","R","BOSS","M","?","?","M","?","R","M","R","T","E","M","$","M","E","R","BOSS"],"build_version":"2018-07-12","purchased_purges":2,"victory":true,"max_hp_per_floor":[75,75,75,75,75,75,75,75,82,82,82,82,82,82,82,82,82,82,82,82,87,87,87,87,87,87,87,87,87,87,87,87,87,87,87,87,87,87,87,87,87,87,87,87,87,87,87,87,87,87],"card_choices":[{"not_picked":["Loop","Redo"],"picked":"Capacitor","floor":1},{"not_picked":["Barrage","Compile Driver"],"picked":"Defragment","floor":3},{"not_picked":["White Noise","Leap"],"picked":"Double Energy","floor":4},{"not_picked":["Cold Snap","Reinforced Body"],"picked":"Tempest","floor":5},{"not_picked":["Melter","Hologram","Barrage"],"picked":"SKIP","floor":7},{"not_picked":["Redo","Capacitor","Gash"],"picked":"SKIP","floor":10},{"not_picked":["Darkness","Heatsinks"],"picked":"Static Discharge","floor":11},{"not_picked":["Redo","Conserve Battery"],"picked":"Electrodynamics","floor":12},{"not_picked":["Multi-Cast","Electrodynamics"],"picked":"Thunder Strike","floor":16},{"not_picked":["Gash","Stack+1","Ball Lightning"],"picked":"SKIP","floor":18},{"not_picked":["Compile Driver+1","Cold Snap","Beam Cell"],"picked":"SKIP","floor":19},{"not_picked":["Sunder","Hello World","Gash+1"],"picked":"SKIP","floor":20},{"not_picked":["Sweeping Beam+1","Leap"],"picked":"Reboot","floor":21},{"not_picked":["Conserve Battery+1","Sweeping Beam"],"picked":"Buffer","floor":23},{"not_picked":["Rebound","Barrage"],"picked":"Skim+1","floor":28},{"not_picked":["Turbo","Capacitor"],"picked":"Double Energy","floor":31},{"not_picked":["Creative AI","Multi-Cast"],"picked":"Amplify","floor":33},{"not_picked":["Rip and Tear","Redo","Chaos"],"picked":"SKIP","floor":35},{"not_picked":["Rebound","Sweeping Beam"],"picked":"Hologram+1","floor":36},{"not_picked":["Scrape","Consume+1"],"picked":"Storm+1","floor":37},{"not_picked":["Chill+1","Rebound","Glacier"],"picked":"SKIP","floor":38},{"not_picked":["Reinforced Body+1","Leap","FTL+1"],"picked":"SKIP","floor":41},{"not_picked":["Auto Shields+1","Go for the Eyes","Self Repair"],"picked":"SKIP","floor":44},{"not_picked":["Auto Shields+1","Go for the Eyes","Self Repair"],"picked":"SKIP","floor":44},{"not_picked":["Coolheaded","Streamline+1","Go for the Eyes+1"],"picked":"SKIP","floor":45},{"not_picked":["Coolheaded","Streamline+1","Go for the Eyes+1"],"picked":"SKIP","floor":45},{"not_picked":["Amplify","Barrage+1"],"picked":"Conserve Battery+1","floor":47},{"not_picked":["Barrage","Go for the Eyes","BootSequence"],"picked":"SKIP","floor":48}],"player_experience":101132,"relics_obtained":[{"floor":9,"key":"Strawberry"},{"floor":23,"key":"War Paint"},{"floor":36,"key":"Incense Burner"},{"floor":37,"key":"Du-Vu Doll"},{"floor":44,"key":"Ornamental Fan"},{"floor":48,"key":"Bottled Lightning"}],"event_choices":[{"event_name":"Golden Idol","player_choice":"Take Damage","floor":2,"damage_taken":0},{"event_name":"Golden Wing","player_choice":"Card Removal","floor":14,"damage_taken":0},{"event_name":"Beggar","player_choice":"Gave Gold","floor":24,"damage_taken":0},{"event_name":"Back to Basics","player_choice":"Elegance","floor":25,"damage_taken":0},{"event_name":"The Mausoleum","player_choice":"Yes","floor":29,"damage_taken":0},{"event_name":"Mysterious Sphere","player_choice":"Fight","floor":36,"damage_taken":0},{"event_name":"MindBloom","player_choice":"Fight","floor":37,"damage_taken":0},{"event_name":"Purifier","player_choice":"One Purge","floor":39,"damage_taken":0}],"boss_relics":[{"not_picked":["Coffee Dripper","Fusion Hammer"],"picked":"Cursed Key"},{"not_picked":["FrozenCore","Snecko Eye"],"picked":"Lizard Tail"}],"items_purged_floors":[22,46],"is_endless":false,"potions_floor_spawned":[1,3,11,12,16,19,20,28,33,36,41,45,47,48],"ascension_level":1}