{"gold_per_floor":[115,129,54,64,14,14,44,60,60,93,93,121,133,33,33,33],"floor_reached":16,"playtime":1218,"items_purged":["Strike_B","Defend_B"],"score":127,"play_id":"a8cf6a96-f78f-4df9-8d26-c692c87796da","local_time":"20180723171825","is_ascension_mode":true,"campfire_choices":[{"data":"Dualcast","floor":6,"key":"SMITH"},{"floor":15,"key":"REST"}],"neow_cost":"NONE","seed_source_timestamp":323371249086335,"circlet_count":0,"master_deck":["Strike_B","Defend_B","Defend_B","Defend_B","Zap","Dualcast+1","Reboot","BootSequence","Self Repair","Loop","Biased Cognition","Capacitor"],"relics":["Cracked Core","Bag of Preparation","Oddly Smooth Stone","Cables","Odd Mushroom"],"potions_floor_usage":[7,10,12],"damage_taken":[{"damage":2,"enemies":"Jaw Worm","floor":1,"turns":3},{"damage":0,"enemies":"Small Slimes","floor":2,"turns":3},{"damage":0,"enemies":"2 Louse","floor":4,"turns":2},{"damage":23,"enemies":"Gremlin Nob","floor":7,"turns":4},{"damage":10,"enemies":"Exordium Thugs","floor":8,"turns":5},{"damage":28,"enemies":"Lagavulin","floor":10,"turns":7},{"damage":18,"floor":12,"turns":3},{"damage":4,"enemies":"Exordium Wildlife","floor":13,"turns":3},{"damage":67,"enemies":"The Guardian","floor":16,"turns":13}],"seed_played":"2195285235706209644","potions_obtained":[{"floor":1,"key":"PowerPotion"},{"floor":7,"key":"Energy Potion"},{"floor":8,"key":"FairyPotion"},{"floor":10,"key":"Strength Potion"}],"is_trial":false,"path_per_floor":["M","M","$","M","?","R","E","M","T","E","?","?","M","$","R"],"character_chosen":"DEFECT","items_purchased":[],"campfire_rested":1,"item_purchase_floors":[],"current_hp_per_floor":[73,73,73,73,73,73,50,47,47,26,26,15,18,18,40,0],"gold":33,"neow_bonus":"ONE_RANDOM_RARE_CARD","is_prod":false,"is_daily":false,"chose_seed":false,"campfire_upgraded":1,"win_rate":0,"timestamp":1532380705,"path_taken":["M","M","$","M","?","R","E","M","T","E","?","?","?","$","R","BOSS"],"build_version":"2018-07-19v2","purchased_purges":2,"victory":false,"max_hp_per_floor":[75,75,75,75,75,75,75,75,75,75,75,75,75,75,75,75],"card_choices":[{"not_picked":["Stack","Auto Shields"],"picked":"BootSequence","floor":1},{"not_picked":["Beam Cell","Blizzard","Coolheaded"],"picked":"SKIP","floor":2},{"not_picked":["Sweeping Beam","Turbo","Undo"],"picked":"SKIP","floor":4},{"not_picked":["Go for the Eyes","Stack"],"picked":"Self Repair","floor":7},{"not_picked":["Cold Snap","Coolheaded","Tempest"],"picked":"SKIP","floor":8},{"not_picked":["Reinforced Body","Barrage"],"picked":"Loop","floor":10},{"not_picked":["Ball Lightning","Stack"],"picked":"Capacitor","floor":12},{"not_picked":["Coolheaded","Cold Snap","Rainbow"],"picked":"SKIP","floor":13}],"player_experience":150417,"relics_obtained":[{"floor":7,"key":"Bag of Preparation"},{"floor":9,"key":"Oddly Smooth Stone"},{"floor":10,"key":"Cables"},{"floor":12,"key":"Odd Mushroom"}],"event_choices":[{"event_name":"The Cleric","player_choice":"Card Removal","floor":5,"damage_taken":0},{"event_name":"Transmorgrifier","player_choice":"Transform","floor":11,"damage_taken":0},{"event_name":"Mushrooms","player_choice":"Fought Mushrooms","floor":12,"damage_taken":0}],"is_beta":false,"boss_relics":[],"items_purged_floors":[3,14],"is_endless":false,"potions_floor_spawned":[1,7,8,10],"killed_by":"The Guardian","ascension_level":3}