{"gold_per_floor":[216,216,228,303,303,303,179,179,179,193,222,222,251,286,298,411,423,448,550,574,236,255,281,281,316,316,350,350,362,372,407,407,512,512,527,155,173,188,202,202,214,214,239,239,239,199,199,231,231,231,231,231,1,35,35],"floor_reached":55,"playtime":3775,"items_purged":["Strike_B"],"score":1122,"play_id":"92dc7ffc-e35d-428b-9147-f478a07ed57e","local_time":"20190613222606","is_ascension_mode":true,"campfire_choices":[{"floor":6,"key":"REST"},{"floor":12,"key":"REST"},{"data":"Defragment","floor":15,"key":"SMITH"},{"floor":24,"key":"REST"},{"floor":28,"key":"REST"},{"floor":32,"key":"REST"},{"floor":40,"key":"RECALL"},{"data":"Defragment","floor":44,"key":"SMITH"},{"data":"Biased Cognition","floor":45,"key":"SMITH"},{"floor":47,"key":"REST"},{"data":"Capacitor","floor":49,"key":"SMITH"},{"data":"Echo Form","floor":52,"key":"SMITH"}],"neow_cost":"NONE","seed_source_timestamp":168981919377200,"circlet_count":0,"master_deck":["AscendersBane","Zap+1","Dualcast","Cold Snap","Ball Lightning","Sweeping Beam","Chill","Go for the Eyes+1","Defragment+1","Biased Cognition+1","Steam","FTL","White Noise","Creative AI","Lockon","BootSequence","Steam","Leap+1","Core Surge","Capacitor+1","Steam+1","Defragment+1","Conserve Battery+1","Force Field+1","Hologram+1","Echo Form+1","Sunder+1","Hologram+1","Hologram+1"],"relics":["Cracked Core","Art of War","Pantograph","Dream Catcher","Odd Mushroom","MawBank","Pandora\u0027s Box","OrangePellets","The Courier","Bag of Marbles","Toxic Egg 2","WingedGreaves","Snecko Eye","Calipers","Whetstone","Lantern","Bottled Tornado","Ice Cream","Mummified Hand"],"potions_floor_usage":[14,18,23,23,25,39,48,50,50],"damage_taken":[{"damage":1,"enemies":"Cultist","floor":1,"turns":3},{"damage":4,"enemies":"Jaw Worm","floor":3,"turns":4},{"damage":8,"enemies":"2 Louse","floor":10,"turns":2},{"damage":28,"enemies":"Lagavulin","floor":11,"turns":6},{"damage":4,"enemies":"The Mushroom Lair","floor":13,"turns":4},{"damage":5,"enemies":"3 Sentries","floor":14,"turns":5},{"damage":40,"enemies":"The Guardian","floor":16,"turns":11},{"damage":0,"enemies":"Shell Parasite","floor":18,"turns":3},{"damage":0,"enemies":"3 Byrds","floor":20,"turns":4},{"damage":16,"enemies":"Snake Plant","floor":22,"turns":5},{"damage":11,"enemies":"Gremlin Leader","floor":23,"turns":5},{"damage":12,"enemies":"Slavers","floor":25,"turns":4},{"damage":9,"enemies":"Gremlin Leader","floor":27,"turns":6},{"damage":1,"enemies":"Snecko","floor":29,"turns":5},{"damage":4,"enemies":"Centurion and Healer","floor":30,"turns":7},{"damage":36,"enemies":"Slavers","floor":31,"turns":4},{"damage":14,"enemies":"Champ","floor":33,"turns":12},{"damage":1,"enemies":"3 Shapes","floor":35,"turns":5},{"damage":0,"enemies":"Orb Walker","floor":37,"turns":4},{"damage":16,"enemies":"Jaw Worm Horde","floor":38,"turns":5},{"damage":0,"enemies":"Spire Growth","floor":39,"turns":5},{"damage":0,"enemies":"4 Shapes","floor":41,"turns":6},{"damage":7,"enemies":"Reptomancer","floor":48,"turns":6},{"damage":21,"enemies":"Donu and Deca","floor":50,"turns":10},{"damage":57,"enemies":"Shield and Spear","floor":54,"turns":8},{"damage":54,"enemies":"The Heart","floor":55,"turns":3}],"seed_played":"-6193517404728918160","potions_obtained":[{"floor":3,"key":"Fire Potion"},{"floor":13,"key":"Poison Potion"},{"floor":14,"key":"Weak Potion"},{"floor":16,"key":"Strength Potion"},{"floor":18,"key":"PowerPotion"},{"floor":23,"key":"PowerPotion"},{"floor":29,"key":"Dexterity Potion"},{"floor":30,"key":"FearPotion"},{"floor":33,"key":"Energy Potion"},{"floor":39,"key":"Regen Potion"},{"floor":46,"key":"Swift Potion"}],"is_trial":false,"path_per_floor":["M","?","M","?","?","R","$","?","T","M","E","R","?","E","R","B",null,"M","?","M","$","M","E","R","E","T","E","R","M","M","E","R","B",null,"M","$","M","M","M","R","M","?","T","R","R","?","R","E","R","B",null,"R","$","E","B"],"character_chosen":"DEFECT","items_purchased":["Sweeping Beam","Core Surge","OrangePellets","Calipers","Whetstone","Ice Cream"],"campfire_rested":6,"item_purchase_floors":[7,21,21,36,36,53],"current_hp_per_floor":[67,55,51,40,40,62,62,62,62,54,26,48,44,39,39,24,62,62,48,48,48,32,21,43,31,31,22,44,43,39,3,25,36,65,64,64,64,48,48,48,48,48,48,48,48,48,70,63,63,69,74,74,74,17,0],"gold":35,"neow_bonus":"HUNDRED_GOLD","is_prod":false,"is_daily":false,"chose_seed":false,"campfire_upgraded":5,"win_rate":0,"timestamp":1560479166,"path_taken":["M","?","M","?","?","R","?","?","T","?","E","R","?","E","R","BOSS","M","?","M","?","M","E","R","E","T","E","R","?","M","E","R","BOSS","M","$","M","M","?","R","?","?","T","R","R","?","R","E","R","BOSS","R","$","E","BOSS"],"build_version":"2019-01-23","purchased_purges":1,"victory":false,"max_hp_per_floor":[75,75,75,75,75,75,75,75,75,75,75,75,75,75,75,75,75,75,75,75,75,75,75,75,75,75,75,75,75,75,75,75,75,75,75,75,75,75,75,75,75,75,75,75,75,75,75,75,75,75,75,75,75,75,75],"card_choices":[{"not_picked":["Rebound","Barrage"],"picked":"Cold Snap","floor":1},{"not_picked":["Coolheaded","BootSequence"],"picked":"Ball Lightning","floor":3},{"not_picked":["Ball Lightning","Compile Driver","Scrape"],"picked":"SKIP","floor":10},{"not_picked":["Leap","Sweeping Beam"],"picked":"Chill","floor":11},{"not_picked":["Scrape","Gash"],"picked":"Go for the Eyes","floor":12},{"not_picked":["Fusion","Cold Snap"],"picked":"FTL","floor":13},{"not_picked":["Compile Driver","Undo"],"picked":"Defragment","floor":14},{"not_picked":["Meteor Strike","Machine Learning"],"picked":"Biased Cognition","floor":16},{"not_picked":["Darkness","Turbo","Cold Snap"],"picked":"SKIP","floor":18},{"not_picked":["Beam Cell","Turbo+1"],"picked":"Leap+1","floor":20},{"not_picked":["Beam Cell","Stack+1"],"picked":"Capacitor","floor":22},{"not_picked":["Chaos","Barrage","Fission"],"picked":"SKIP","floor":23},{"not_picked":["Beam Cell","Auto Shields"],"picked":"Steam+1","floor":24},{"not_picked":["Self Repair","Beam Cell","Chill"],"picked":"SKIP","floor":25},{"not_picked":["Redo","Reprogram","Streamline"],"picked":"SKIP","floor":27},{"not_picked":["Chaos+1","Blizzard"],"picked":"Defragment","floor":29},{"not_picked":["Chaos+1","Capacitor"],"picked":"Conserve Battery+1","floor":30},{"not_picked":["Cold Snap+1","Sunder"],"picked":"Force Field+1","floor":31},{"not_picked":["Self Repair","Beam Cell+1"],"picked":"Hologram+1","floor":32},{"not_picked":["Fission+1","Rainbow+1"],"picked":"Echo Form","floor":33},{"not_picked":["Streamline","Darkness+1","Gash+1"],"picked":"SKIP","floor":35},{"not_picked":["Sunder+1","Hello World+1","Turbo+1"],"picked":"SKIP","floor":37},{"not_picked":["Hello World+1","Turbo+1"],"picked":"Sunder+1","floor":37},{"not_picked":["Redo+1","Go for the Eyes","Force Field+1"],"picked":"SKIP","floor":38},{"not_picked":["Consume+1","Redo+1"],"picked":"Hologram+1","floor":39},{"not_picked":["Beam Cell","Conserve Battery+1","Barrage+1"],"picked":"SKIP","floor":41},{"not_picked":["Beam Cell+1","Scrape","Chill+1"],"picked":"SKIP","floor":48},{"not_picked":["Fission+1","Reprogram+1"],"picked":"Hologram+1","floor":54}],"player_experience":781273,"relics_obtained":[{"floor":9,"key":"Pantograph"},{"floor":11,"key":"Dream Catcher"},{"floor":13,"key":"Odd Mushroom"},{"floor":14,"key":"MawBank"},{"floor":23,"key":"The Courier"},{"floor":25,"key":"Bag of Marbles"},{"floor":27,"key":"Toxic Egg 2"},{"floor":31,"key":"WingedGreaves"},{"floor":43,"key":"Lantern"},{"floor":48,"key":"Bottled Tornado"},{"floor":54,"key":"Mummified Hand"}],"event_choices":[{"damage_healed":0,"gold_gain":0,"player_choice":"Success","damage_taken":12,"relics_obtained":["Art of War"],"max_hp_gain":0,"max_hp_loss":0,"event_name":"Scrap Ooze","floor":2,"gold_loss":0},{"damage_healed":0,"gold_gain":75,"player_choice":"Gather Gold","damage_taken":11,"max_hp_gain":0,"max_hp_loss":0,"event_name":"World of Goop","floor":4,"gold_loss":0},{"damage_healed":0,"gold_gain":0,"player_choice":"Grow","damage_taken":0,"max_hp_gain":0,"max_hp_loss":0,"event_name":"Living Wall","floor":5,"gold_loss":0,"cards_upgraded":["Zap"]},{"damage_healed":0,"gold_gain":0,"player_choice":"Ignored","damage_taken":0,"max_hp_gain":0,"max_hp_loss":0,"event_name":"Liars Game","floor":8,"gold_loss":0},{"damage_healed":0,"gold_gain":0,"player_choice":"Fought Mushrooms","damage_taken":0,"max_hp_gain":0,"max_hp_loss":0,"event_name":"Mushrooms","floor":13,"gold_loss":0},{"damage_healed":0,"gold_gain":90,"player_choice":"GOLD ","damage_taken":14,"max_hp_gain":0,"max_hp_loss":0,"event_name":"Knowing Skull","floor":19,"potions_obtained":[],"gold_loss":0,"cards_obtained":[]},{"cards_removed":["FTL"],"damage_healed":0,"gold_gain":0,"player_choice":"Removed Attack","damage_taken":0,"max_hp_gain":0,"max_hp_loss":0,"event_name":"Falling","floor":42,"gold_loss":0},{"damage_healed":0,"gold_gain":0,"player_choice":"Bought 3 Potions","damage_taken":0,"max_hp_gain":0,"max_hp_loss":0,"event_name":"The Woman in Blue","floor":46,"gold_loss":0}],"is_beta":false,"boss_relics":[{"not_picked":["Ectoplasm","Runic Dome"],"picked":"Pandora\u0027s Box"},{"not_picked":["Eternal Feather","Calling Bell"],"picked":"Snecko Eye"}],"items_purged_floors":[7],"is_endless":false,"potions_floor_spawned":[3,13,14,16,18,23,29,30,33,39,41],"killed_by":"The Heart","ascension_level":10}