{"gold_per_floor":[144,189,234,246,303,315,417,474,511,568,530,168,213,258,258,558,558,603,648,693,738,738,738,828,873,898,943,518,563,608,653,653,953,953,998,258,258,303,348,438,438,49,49,94,139,184,229,229,229,229],"floor_reached":51,"playtime":2348,"items_purged":["Evolve","Evolve","Strike_R","Evolve"],"score":888,"play_id":"5d7a5c72-58c5-4ca9-b528-8079a7e339b0","local_time":"20190817011627","daily_mods":["Specialized","Vintage","Midas"],"is_ascension_mode":false,"campfire_choices":[{"floor":6,"key":"REST"},{"floor":15,"key":"REST"},{"floor":23,"key":"REST"},{"floor":32,"key":"REST"},{"floor":49,"key":"REST"}],"neow_cost":"","seed_source_timestamp":0,"circlet_count":0,"master_deck":["Strike_R+1","Strike_R+1","Strike_R","Strike_R+1","Defend_R","Defend_R","Defend_R+1","Defend_R","Bash","Evolve+1","Infernal Blade","Shrug It Off+1","Fiend Fire","Spot Weakness","Feel No Pain+1","Shrug It Off","Immolate","Body Slam+1","Power Through+1","Parasite"],"special_seed":18125,"relics":["Burning Blood","Strawberry","Regal Pillow","MawBank","Mercury Hourglass","Oddly Smooth Stone","Lantern","Orichalcum","Potion Belt","Kunai","Mango","Ornamental Fan","Snecko Eye","Frozen Egg 2","Darkstone Periapt","Happy Flower","Bag of Marbles","Enchiridion","Sundial","Whetstone","Art of War","Letter Opener","Lee\u0027s Waffle","Pen Nib","Self Forming Clay","Calipers","Cursed Key","The Courier","Bottled Flame","Charon\u0027s Ashes","Paper Frog","War Paint","Anchor","Toxic Egg 2","Turnip","Dodecahedron","Bottled Tornado","Blue Candle","Du-Vu Doll","Shuriken","SsserpentHead"],"potions_floor_usage":[5,5,7,50,50,50,50],"damage_taken":[{"damage":6,"enemies":"Jaw Worm","floor":1,"turns":5},{"damage":8,"enemies":"Small Slimes","floor":2,"turns":4},{"damage":6,"enemies":"2 Louse","floor":3,"turns":3},{"damage":9,"enemies":"Blue Slaver","floor":5,"turns":4},{"damage":20,"enemies":"Gremlin Nob","floor":7,"turns":4},{"damage":6,"enemies":"Lots of Slimes","floor":8,"turns":4},{"damage":9,"enemies":"Red Slaver","floor":10,"turns":3},{"damage":1,"enemies":"Large Slime","floor":13,"turns":5},{"damage":0,"enemies":"3 Louse","floor":14,"turns":2},{"damage":14,"enemies":"Slime Boss","floor":16,"turns":9},{"damage":9,"enemies":"3 Byrds","floor":18,"turns":7},{"damage":1,"enemies":"Chosen","floor":19,"turns":3},{"damage":26,"enemies":"Snake Plant","floor":20,"turns":3},{"damage":28,"enemies":"Cultist and Chosen","floor":21,"turns":6},{"damage":22,"enemies":"Book of Stabbing","floor":24,"turns":4},{"damage":0,"enemies":"Shelled Parasite and Fungi","floor":25,"turns":4},{"damage":11,"enemies":"Centurion and Healer","floor":27,"turns":4},{"damage":0,"enemies":"Cultist and Chosen","floor":29,"turns":4},{"damage":18,"enemies":"Snake Plant","floor":30,"turns":4},{"damage":3,"enemies":"Chosen and Byrds","floor":31,"turns":4},{"damage":25,"enemies":"Champ","floor":33,"turns":9},{"damage":3,"enemies":"3 Shapes","floor":35,"turns":1},{"damage":0,"enemies":"3 Darklings","floor":38,"turns":1},{"damage":4,"enemies":"Spire Growth","floor":39,"turns":3},{"damage":0,"enemies":"Reptomancer","floor":40,"turns":2},{"damage":16,"enemies":"Writhing Mass","floor":44,"turns":5},{"damage":0,"enemies":"Maw","floor":45,"turns":6},{"damage":2,"enemies":"Spire Growth","floor":46,"turns":3},{"damage":0,"enemies":"Jaw Worm Horde","floor":47,"turns":2},{"damage":25,"enemies":"Awakened One","floor":50,"turns":6}],"seed_played":"7982343290599772324","potions_obtained":[{"floor":1,"key":"Strength Potion"},{"floor":2,"key":"Block Potion"},{"floor":3,"key":"AttackPotion"},{"floor":21,"key":"EssenceOfSteel"},{"floor":25,"key":"AttackPotion"},{"floor":27,"key":"SpeedPotion"},{"floor":30,"key":"Poison Potion"},{"floor":33,"key":"FearPotion"},{"floor":45,"key":"Fire Potion"}],"is_trial":false,"path_per_floor":["M","M","M","?","M","R","E","M","T","M","?","$","M","M","R","B",null,"M","M","M","M","?","R","E","M","T","M","$","M","M","M","R","B",null,"M","$","?","M","M","E","?","$","T","M","M","M","M","?","R","B",null],"character_chosen":"IRONCLAD","items_purchased":["Kunai","Shrug It Off","Feel No Pain+1","Lee\u0027s Waffle","Shrug It Off","Bottled Flame","Charon\u0027s Ashes","Paper Frog","Power Through+1","Turnip"],"campfire_rested":5,"item_purchase_floors":[12,12,28,28,28,36,36,36,42,42],"current_hp_per_floor":[87,85,85,68,65,87,73,73,73,70,70,70,89,95,101,93,101,98,101,81,59,43,88,72,78,78,73,108,108,96,99,108,89,108,108,108,103,103,103,103,103,103,109,99,105,109,109,109,109,90],"gold":229,"neow_bonus":"","is_prod":false,"is_daily":true,"chose_seed":false,"campfire_upgraded":0,"win_rate":0,"timestamp":1566018987,"path_taken":["M","M","M","?","M","R","E","M","T","M","?","$","M","M","R","BOSS","M","M","M","M","?","R","E","M","T","M","$","M","M","M","R","BOSS","M","$","?","M","M","E","?","$","T","M","M","M","M","?","R","BOSS"],"build_version":"2019-07-17","purchased_purges":4,"victory":true,"max_hp_per_floor":[87,87,87,87,87,87,87,87,87,87,87,87,101,101,101,101,101,101,101,101,101,101,101,101,101,101,101,108,108,108,108,108,108,108,108,108,103,103,103,103,103,103,109,109,109,109,109,109,109,109],"card_choices":[{"not_picked":["Bloodletting","Flex"],"picked":"Infernal Blade","floor":7},{"not_picked":["Exhume","Double Tap"],"picked":"Fiend Fire","floor":16},{"not_picked":["Anger","Entrench"],"picked":"Spot Weakness","floor":24},{"not_picked":["Dark Embrace+1","Feed"],"picked":"Immolate","floor":33},{"not_picked":["Fire Breathing+1","Sentinel"],"picked":"Body Slam+1","floor":40}],"player_experience":967440,"relics_obtained":[{"floor":1,"key":"Strawberry"},{"floor":2,"key":"Regal Pillow"},{"floor":3,"key":"MawBank"},{"floor":5,"key":"Mercury Hourglass"},{"floor":7,"key":"Oddly Smooth Stone"},{"floor":8,"key":"Lantern"},{"floor":9,"key":"Orichalcum"},{"floor":10,"key":"Potion Belt"},{"floor":13,"key":"Mango"},{"floor":14,"key":"Ornamental Fan"},{"floor":18,"key":"Frozen Egg 2"},{"floor":19,"key":"Darkstone Periapt"},{"floor":20,"key":"Happy Flower"},{"floor":21,"key":"Bag of Marbles"},{"floor":22,"key":"Enchiridion"},{"floor":24,"key":"Sundial"},{"floor":25,"key":"Whetstone"},{"floor":26,"key":"Art of War"},{"floor":27,"key":"Letter Opener"},{"floor":29,"key":"Pen Nib"},{"floor":30,"key":"Self Forming Clay"},{"floor":31,"key":"Calipers"},{"floor":35,"key":"The Courier"},{"floor":38,"key":"War Paint"},{"floor":39,"key":"Anchor"},{"floor":40,"key":"Toxic Egg 2"},{"floor":43,"key":"Dodecahedron"},{"floor":44,"key":"Bottled Tornado"},{"floor":45,"key":"Blue Candle"},{"floor":46,"key":"Du-Vu Doll"},{"floor":47,"key":"Shuriken"}],"event_choices":[{"damage_healed":0,"gold_gain":0,"player_choice":"Entered Light","damage_taken":17,"max_hp_gain":0,"max_hp_loss":0,"event_name":"Shining Light","floor":4,"gold_loss":0,"cards_upgraded":["Evolve","Strike_R"]},{"cards_removed":["Evolve"],"damage_healed":0,"gold_gain":0,"player_choice":"Card Removal","damage_taken":0,"max_hp_gain":0,"max_hp_loss":0,"event_name":"The Cleric","floor":11,"gold_loss":50},{"damage_healed":0,"gold_gain":0,"player_choice":"Obtained Book","damage_taken":16,"max_hp_gain":0,"max_hp_loss":0,"event_name":"Cursed Tome","floor":22,"gold_loss":0},{"damage_healed":0,"gold_gain":0,"player_choice":"Max HP","damage_taken":0,"max_hp_gain":0,"max_hp_loss":5,"event_name":"Winding Halls","floor":37,"gold_loss":0},{"damage_healed":0,"gold_gain":0,"player_choice":"Ignored","damage_taken":0,"max_hp_gain":0,"max_hp_loss":0,"event_name":"Tomb of Lord Red Mask","floor":41,"gold_loss":0},{"damage_healed":0,"gold_gain":0,"player_choice":"Trade","damage_taken":0,"relics_obtained":["SsserpentHead"],"max_hp_gain":0,"max_hp_loss":0,"event_name":"FaceTrader","floor":48,"gold_loss":0}],"is_beta":false,"boss_relics":[{"not_picked":["Astrolabe","Lizard Tail"],"picked":"Snecko Eye"},{"not_picked":["Eternal Feather","Runic Pyramid"],"picked":"Cursed Key"}],"items_purged_floors":[12,28,36,42],"is_endless":false,"potions_floor_spawned":[1,2,3,21,25,27,30,33,38,40,45],"ascension_level":0}