{"gold_per_floor":[117,117,117,130,130,158,158,192,192,192,204,32,49,49,49,125,125,141,66,66],"floor_reached":20,"playtime":792,"items_purged":["Strike_B"],"score":437,"play_id":"dd0aeb8d-0637-4dce-b8fc-d77bf44b2d41","local_time":"20181023224112","is_ascension_mode":true,"campfire_choices":[{"data":"Hyperbeam","floor":7,"key":"SMITH"},{"data":"Hologram","floor":10,"key":"SMITH"},{"data":"Conserve Battery","floor":15,"key":"SMITH"}],"neow_cost":"NONE","seed_source_timestamp":1211207653475114,"circlet_count":0,"master_deck":["Strike_B","Strike_B","Defend_B","Defend_B","Defend_B","Defend_B","Zap","Dualcast","AscendersBane","Hologram+1","Hyperbeam+1","Glacier","Conserve Battery+1","Undo","Fission","Conserve Battery"],"relics":["Cracked Core","NeowsBlessing","Matryoshka","Orichalcum","Centennial Puzzle","Bag of Marbles","Velvet Choker"],"potions_floor_usage":[16,16],"damage_taken":[{"damage":0,"enemies":"Small Slimes","floor":1,"turns":1},{"damage":0,"enemies":"Cultist","floor":4,"turns":1},{"damage":0,"enemies":"Gremlin Nob","floor":6,"turns":1},{"damage":0,"enemies":"3 Sentries","floor":8,"turns":2},{"damage":0,"enemies":"Jaw Worm","floor":11,"turns":4},{"damage":2,"enemies":"Red Slaver","floor":13,"turns":2},{"damage":49,"enemies":"The Guardian","floor":16,"turns":16},{"damage":19,"enemies":"Shell Parasite","floor":18,"turns":4},{"damage":7,"enemies":"Colosseum Slavers","floor":20,"turns":2},{"damage":69,"enemies":"Colosseum Nobs","floor":20,"turns":3}],"seed_played":"7227804784700375298","potions_obtained":[{"floor":3,"key":"LiquidBronze"},{"floor":3,"key":"FocusPotion"}],"is_trial":false,"path_per_floor":["M","$","?","M","?","E","R","E","T","R","M","$","M","?","R","B",null,"M","$"],"character_chosen":"DEFECT","items_purchased":["Bag of Marbles"],"campfire_rested":0,"item_purchase_floors":[12],"current_hp_per_floor":[64,64,64,64,64,64,64,64,64,64,64,64,62,67,67,18,62,43,43,0],"gold":66,"neow_bonus":"THREE_ENEMY_KILL","is_prod":false,"is_daily":false,"chose_seed":false,"campfire_upgraded":3,"win_rate":0,"timestamp":1540348872,"path_taken":["M","$","?","?","?","E","R","E","T","R","?","$","M","?","R","BOSS","M","$","?"],"build_version":"2018-10-18","purchased_purges":1,"victory":false,"max_hp_per_floor":[71,71,71,71,71,71,71,71,71,71,71,71,71,76,76,76,76,76,76,76],"card_choices":[{"not_picked":["Rebound","Stack","Chaos"],"picked":"SKIP","floor":1},{"not_picked":["Coolheaded","Leap"],"picked":"Hologram","floor":4},{"not_picked":["Streamline","Machine Learning"],"picked":"Glacier","floor":6},{"not_picked":["Storm","Redo","Ball Lightning"],"picked":"SKIP","floor":8},{"not_picked":["Storm","Redo","Ball Lightning"],"picked":"SKIP","floor":8},{"not_picked":["Auto Shields","Darkness"],"picked":"Conserve Battery","floor":11},{"not_picked":["Sunder","Doom and Gloom"],"picked":"Undo","floor":13},{"not_picked":["Multi-Cast","Machine Learning"],"picked":"Fission","floor":16},{"not_picked":["Melter","Leap"],"picked":"Conserve Battery","floor":18}],"player_experience":592208,"relics_obtained":[{"floor":6,"key":"Matryoshka"},{"floor":9,"key":"Orichalcum"},{"floor":9,"key":"Centennial Puzzle"}],"event_choices":[{"damage_healed":0,"gold_gain":0,"player_choice":"Got Potions","damage_taken":0,"max_hp_gain":0,"max_hp_loss":0,"event_name":"The Lab","floor":3,"gold_loss":0},{"damage_healed":0,"gold_gain":0,"cards_transformed":["Strike_B"],"player_choice":"Transformed","damage_taken":0,"max_hp_gain":0,"max_hp_loss":0,"event_name":"Transmorgrifier","floor":5,"gold_loss":0,"cards_obtained":["Hyperbeam"]},{"damage_healed":0,"gold_gain":0,"player_choice":"Donut","damage_taken":0,"max_hp_gain":5,"max_hp_loss":0,"event_name":"Big Fish","floor":14,"gold_loss":0},{"damage_healed":0,"gold_gain":0,"player_choice":"Fight","damage_taken":0,"max_hp_gain":0,"max_hp_loss":0,"event_name":"Colosseum","floor":20,"gold_loss":0},{"damage_healed":0,"gold_gain":0,"player_choice":"Fought Nobs","damage_taken":0,"max_hp_gain":0,"max_hp_loss":0,"event_name":"Colosseum","floor":20,"gold_loss":0}],"is_beta":false,"boss_relics":[{"not_picked":["Runic Pyramid","Busted Crown"],"picked":"Velvet Choker"}],"items_purged_floors":[19],"is_endless":false,"potions_floor_spawned":[4,6,8],"killed_by":"Colosseum Nobs","ascension_level":18}