{"gold_per_floor":[112,112,37,53,53,53,84,98,98,110,122,91,114,14,14,107,107,128,142,7,7],"floor_reached":21,"playtime":473,"items_purged":["Strike_G","Strike_G"],"score":404,"play_id":"b7217696-dcc1-4a73-9a89-71c4f96a8451","local_time":"20190809082248","is_ascension_mode":true,"campfire_choices":[{"data":"Deadly Poison","floor":6.0,"key":"SMITH"},{"data":"Noxious Fumes","floor":15.0,"key":"SMITH"}],"neow_cost":"NONE","seed_source_timestamp":1092073897499000,"circlet_count":0,"master_deck":["AscendersBane","Strike_G","Strike_G","Strike_G","Defend_G","Defend_G","Defend_G","Defend_G","Defend_G","Survivor","Neutralize","Deadly Poison+1","Backflip","Parasite","Noxious Fumes+1","Grand Finale","Tactician","Prepared"],"special_seed":0,"relics":["Ring of the Snake","NeowsBlessing","Matryoshka","Pen Nib","MawBank","Golden Idol","Calling Bell","Snake Skull","Ornamental Fan","FossilizedHelix"],"potions_floor_usage":[],"damage_taken":[{"damage":0.0,"enemies":"2 Louse","floor":1.0,"turns":1.0},{"damage":0.0,"enemies":"Cultist","floor":4.0,"turns":1.0},{"damage":0.0,"enemies":"3 Sentries","floor":7.0,"turns":2.0},{"damage":12.0,"enemies":"Small Slimes","floor":8.0,"turns":5.0},{"damage":0.0,"enemies":"Looter","floor":13.0,"turns":5.0},{"damage":45.0,"enemies":"Slime Boss","floor":16.0,"turns":13.0},{"damage":9,"enemies":"Spheric Guardian","floor":18,"turns":5},{"damage":26,"enemies":"Chosen","floor":19,"turns":6},{"damage":14,"enemies":"Centurion and Healer","floor":21,"turns":4}],"seed_played":"5436193556612905247","potions_obtained":[{"floor":4.0,"key":"SkillPotion"},{"floor":7.0,"key":"Weak Potion"},{"floor":8.0,"key":"GamblersBrew"},{"floor":16.0,"key":"Strength Potion"},{"floor":19,"key":"Ancient Potion"}],"is_trial":false,"path_per_floor":["M","?","$","M","?","R","E","M","T","?","?","$","M","$","R","B",null,"M","M","$","M"],"character_chosen":"THE_SILENT","items_purchased":["Noxious Fumes","Tactician","Prepared"],"campfire_rested":0,"item_purchase_floors":[12,20,20],"current_hp_per_floor":[59,50,50,50,50,50,50,38,38,54,54,54,54,54,54,9,47,38,12,12,0],"gold":7,"neow_bonus":"THREE_ENEMY_KILL","is_prod":false,"is_daily":false,"chose_seed":false,"campfire_upgraded":2,"win_rate":0,"timestamp":1565310168,"path_taken":["M","?","$","?","?","R","E","M","T","?","?","?","M","$","R","BOSS","M","M","$","M"],"build_version":"2019-07-17","purchased_purges":2,"victory":false,"max_hp_per_floor":[66,66,66,66,66,66,66,66,66,66,60,60,60,60,60,60,60,60,60,60,60],"card_choices":[{"not_picked":["Dagger Throw","Flechettes"],"picked":"Deadly Poison","floor":1.0},{"not_picked":["Prepared","Finisher","PiercingWail"],"picked":"SKIP","floor":4.0},{"not_picked":["Dagger Spray","Cloak And Dagger"],"picked":"Backflip","floor":7.0},{"not_picked":["Deadly Poison","Flying Knee","Quick Slash"],"picked":"SKIP","floor":8.0},{"not_picked":["Choke","Masterful Stab","Cloak And Dagger"],"picked":"SKIP","floor":13.0},{"not_picked":["Choke","Masterful Stab","Cloak And Dagger"],"picked":"SKIP","floor":13.0},{"not_picked":["Adrenaline","Storm of Steel"],"picked":"Grand Finale","floor":16.0},{"not_picked":["Outmaneuver+1","Leg Sweep","Dagger Spray"],"picked":"SKIP","floor":18},{"not_picked":["Slice","Dagger Spray","Outmaneuver"],"picked":"SKIP","floor":19}],"player_experience":759052,"relics_obtained":[{"floor":7.0,"key":"Matryoshka"},{"floor":9.0,"key":"Pen Nib"},{"floor":9.0,"key":"MawBank"},{"floor":17,"key":"Snake Skull"},{"floor":17,"key":"Ornamental Fan"},{"floor":17,"key":"FossilizedHelix"}],"event_choices":[{"damage_healed":0.0,"max_hp_gain":0.0,"max_hp_loss":0.0,"gold_gain":0.0,"event_name":"Wheel of Change","player_choice":"Damaged","floor":2.0,"gold_loss":0.0,"damage_taken":9.0},{"damage_healed":0.0,"max_hp_gain":0.0,"max_hp_loss":0.0,"gold_gain":0.0,"event_name":"The Cleric","player_choice":"Leave","floor":5.0,"gold_loss":0.0,"damage_taken":0.0},{"damage_healed":16.0,"max_hp_gain":0.0,"max_hp_loss":0.0,"gold_gain":0.0,"event_name":"Mushrooms","player_choice":"Healed and dodged fight","floor":10.0,"gold_loss":0.0,"damage_taken":0.0,"cards_obtained":["Parasite"]},{"damage_healed":0.0,"max_hp_gain":0.0,"max_hp_loss":6.0,"gold_gain":0.0,"event_name":"Golden Idol","player_choice":"Lose Max HP","floor":11.0,"gold_loss":0.0,"damage_taken":0.0,"relics_obtained":["Golden Idol"]}],"is_beta":false,"boss_relics":[{"not_picked":["Orrery","WristBlade"],"picked":"Calling Bell"}],"items_purged_floors":[3,14],"is_endless":false,"potions_floor_spawned":[4,7,8,16,19],"killed_by":"Centurion and Healer","ascension_level":20}