{"gold_per_floor":[111,111,132,150,66,66,84,84,84,84,113,34,34,49,49,145,145,168,149,149,149,164,164,191,64,94,123,123,151,151,17,17,96,96,112,112,83,101,1,34,34,50,50,83,83,96,116,116,116,116,116,116,116,36,69,69],"floor_reached":57,"playtime":2359,"items_purged":["Strike_B","Defend_B"],"score":2837,"play_id":"9e61a421-f7b7-4854-923a-4bae16e287ab","local_time":"20190818141552","is_ascension_mode":true,"campfire_choices":[{"data":"Chaos","floor":6.0,"key":"SMITH"},{"data":"Defragment","floor":8.0,"key":"SMITH"},{"data":"Fission","floor":10.0,"key":"SMITH"},{"data":"Defragment","floor":15.0,"key":"SMITH"},{"data":"Sunder","floor":23.0,"key":"SMITH"},{"data":"Coolheaded","floor":28.0,"key":"SMITH"},{"data":"Turbo","floor":30.0,"key":"SMITH"},{"data":"Skim","floor":32.0,"key":"SMITH"},{"data":"Heatsinks","floor":41.0,"key":"SMITH"},{"data":"Loop","floor":45.0,"key":"SMITH"},{"floor":49.0,"key":"RECALL"},{"data":"Hologram","floor":53.0,"key":"SMITH"}],"neow_cost":"TEN_PERCENT_HP_LOSS","seed_source_timestamp":274667714459199,"circlet_count":0,"master_deck":["AscendersBane","Defend_B","Defend_B","Defend_B","Zap","Dualcast","Static Discharge","Chaos+1","Heatsinks+1","Conserve Battery","Compile Driver+1","Fission+1","Defragment+1","Sunder+1","Defragment+1","Chill","Core Surge+1","Double Energy","Biased Cognition","Hologram+1","Compile Driver+1","Turbo+1","Skim+1","Coolheaded+1","Self Repair+1","Turbo","Electrodynamics","Compile Driver","Coolheaded","Turbo+1","Loop+1","Hologram","Go for the Eyes+1","Glacier","Redo+1"],"special_seed":0,"relics":["Cracked Core","Bloody Idol","Mummified Hand","Odd Mushroom","Coffee Dripper","Kunai","Tiny Chest","DataDisk","Vajra","Sozu","CultistMask","Whetstone","Shuriken","Gremlin Horn"],"potions_floor_usage":[],"damage_taken":[{"damage":11.0,"enemies":"2 Louse","floor":1.0,"turns":3.0},{"damage":9.0,"enemies":"Jaw Worm","floor":3.0,"turns":4.0},{"damage":12.0,"enemies":"Small Slimes","floor":4.0,"turns":4.0},{"damage":1.0,"enemies":"2 Fungi Beasts","floor":7.0,"turns":6.0},{"damage":7.0,"enemies":"The Mushroom Lair","floor":11.0,"turns":4.0},{"damage":5.0,"enemies":"Lots of Slimes","floor":14.0,"turns":4.0},{"damage":12.0,"enemies":"Hexaghost","floor":16.0,"turns":8.0},{"damage":0.0,"enemies":"Chosen","floor":18.0,"turns":4.0},{"damage":17.0,"enemies":"2 Thieves","floor":19.0,"turns":4.0},{"damage":0.0,"enemies":"3 Cultists","floor":22.0,"turns":2.0},{"damage":29.0,"enemies":"Book of Stabbing","floor":24.0,"turns":4.0},{"damage":11.0,"enemies":"Slavers","floor":27.0,"turns":7.0},{"damage":0.0,"enemies":"Gremlin Leader","floor":29.0,"turns":5.0},{"damage":8.0,"enemies":"Champ","floor":33.0,"turns":9.0},{"damage":0.0,"enemies":"3 Shapes","floor":35.0,"turns":2.0},{"damage":11.0,"enemies":"3 Darklings","floor":38.0,"turns":2.0},{"damage":11.0,"enemies":"Giant Head","floor":40.0,"turns":7.0},{"damage":0.0,"enemies":"Spire Growth","floor":42.0,"turns":1.0},{"damage":1.0,"enemies":"Nemesis","floor":44.0,"turns":7.0},{"damage":20.0,"enemies":"4 Shapes","floor":46.0,"turns":5.0},{"damage":0.0,"enemies":"Sphere and 2 Shapes","floor":47.0,"turns":2.0},{"damage":27.0,"enemies":"Awakened One","floor":50.0,"turns":11.0},{"damage":24.0,"enemies":"Donu and Deca","floor":51.0,"turns":6.0},{"damage":0.0,"enemies":"Shield and Spear","floor":55.0,"turns":3.0},{"damage":55,"enemies":"The Heart","floor":56,"turns":11}],"seed_played":"-3430887338716784808","potions_obtained":[{"floor":1.0,"key":"GamblersBrew"},{"floor":14.0,"key":"PowerPotion"},{"floor":22.0,"key":"Dexterity Potion"}],"is_trial":false,"path_per_floor":["M","?","M","M","$","R","M","R","T","R","?","$","?","M","R","B",null,"M","M","?","?","M","R","E","$","T","E","R","E","R","$","R","B",null,"M","?","$","M","$","E","R","M","T","E","R","M","M","?","R","B","B",null,"R","$","E","B",null],"character_chosen":"DEFECT","items_purchased":["Fission","Defragment","Turbo","Skim","Turbo","Coolheaded","Glacier"],"campfire_rested":0,"item_purchase_floors":[5,12,25,25,31,37,54],"current_hp_per_floor":[53,53,44,32,32,32,31,31,31,31,24,24,24,19,19,7,45,45,28,28,28,33,33,9,9,14,8,8,13,13,13,13,20,49,54,54,54,48,48,52,52,58,58,58,58,53,58,58,58,41,27,50,50,50,58,13],"gold":69,"neow_bonus":"TRANSFORM_TWO_CARDS","is_prod":false,"is_daily":false,"chose_seed":false,"campfire_upgraded":11,"win_rate":0,"timestamp":1566108952,"path_taken":["M","?","M","M","$","R","M","R","T","R","?","$","?","M","R","BOSS","M","M","?","?","?","R","E","$","T","E","R","E","R","$","R","BOSS","M","?","?","M","$","E","R","M","T","E","R","M","?","?","R","BOSS","BOSS","R","$","E","BOSS"],"build_version":"2019-07-17","purchased_purges":2,"victory":true,"max_hp_per_floor":[64,58,58,58,58,58,58,58,58,58,58,58,58,58,58,58,58,58,58,58,58,58,58,58,58,58,58,58,58,58,58,58,58,58,58,58,58,58,58,58,58,58,58,58,58,58,58,58,58,58,58,58,58,58,58,58],"card_choices":[{"not_picked":["Sweeping Beam","Steam"],"picked":"Heatsinks","floor":1.0},{"not_picked":["Redo","Aggregate"],"picked":"Conserve Battery","floor":3.0},{"not_picked":["FTL","Conserve Battery"],"picked":"Compile Driver","floor":4.0},{"not_picked":["Tempest","Rebound"],"picked":"Defragment","floor":7.0},{"not_picked":["Steam","Barrage"],"picked":"Sunder","floor":11.0},{"not_picked":["Ball Lightning","Thunder Strike"],"picked":"Chill","floor":14.0},{"not_picked":["Amplify","All For One"],"picked":"Core Surge","floor":16.0},{"not_picked":["Gash","Conserve Battery"],"picked":"Double Energy","floor":18.0},{"not_picked":["Chill+1","Redo","Cold Snap"],"picked":"SKIP","floor":19.0},{"not_picked":["Stack","Core Surge"],"picked":"Hologram","floor":22.0},{"not_picked":["Ball Lightning","Meteor Strike"],"picked":"Compile Driver+1","floor":24.0},{"not_picked":["Compile Driver","Defragment"],"picked":"Coolheaded","floor":27.0},{"not_picked":["Beam Cell","Streamline"],"picked":"Self Repair+1","floor":29.0},{"not_picked":["Reboot","Machine Learning"],"picked":"Electrodynamics","floor":33.0},{"not_picked":["Cold Snap","Streamline"],"picked":"Compile Driver","floor":35.0},{"not_picked":["Reinforced Body","Go for the Eyes"],"picked":"Turbo+1","floor":38.0},{"not_picked":["Fission","Leap"],"picked":"Loop","floor":40.0},{"not_picked":["Tempest","Sweeping Beam+1"],"picked":"Hologram","floor":42.0},{"not_picked":["Go for the Eyes+1","Stack","Fusion"],"picked":"SKIP","floor":44.0},{"not_picked":["Stack","Fusion"],"picked":"Go for the Eyes+1","floor":44.0},{"not_picked":["Ball Lightning","Cold Snap+1","Steam"],"picked":"SKIP","floor":46.0},{"not_picked":["Go for the Eyes+1","Steam+1","Barrage+1"],"picked":"SKIP","floor":47.0},{"not_picked":["Multi-Cast","Rip and Tear"],"picked":"Redo+1","floor":55.0}],"player_experience":829052,"relics_obtained":[{"floor":9.0,"key":"Mummified Hand"},{"floor":11.0,"key":"Odd Mushroom"},{"floor":24.0,"key":"Kunai"},{"floor":26.0,"key":"Tiny Chest"},{"floor":27.0,"key":"DataDisk"},{"floor":29.0,"key":"Vajra"},{"floor":40.0,"key":"Whetstone"},{"floor":44.0,"key":"Shuriken"},{"floor":55.0,"key":"Gremlin Horn"}],"event_choices":[{"damage_healed":0.0,"max_hp_gain":0.0,"max_hp_loss":6.0,"gold_gain":0.0,"event_name":"Golden Idol","player_choice":"Lose Max HP","floor":2.0,"gold_loss":0.0,"damage_taken":0.0,"relics_obtained":["Golden Idol"]},{"damage_healed":0.0,"max_hp_gain":0.0,"max_hp_loss":0.0,"gold_gain":0.0,"event_name":"Mushrooms","player_choice":"Fought Mushrooms","floor":11.0,"gold_loss":0.0,"damage_taken":0.0},{"damage_healed":0.0,"max_hp_gain":0.0,"max_hp_loss":0.0,"gold_gain":0.0,"event_name":"Liars Game","player_choice":"Ignored","floor":13.0,"gold_loss":0.0,"damage_taken":0.0},{"damage_healed":0.0,"max_hp_gain":0.0,"max_hp_loss":0.0,"gold_gain":0.0,"event_name":"Forgotten Altar","player_choice":"Gave Idol","floor":20.0,"relics_lost":["Golden Idol"],"gold_loss":0.0,"damage_taken":0.0,"relics_obtained":["Bloody Idol"]},{"damage_healed":0.0,"max_hp_gain":0.0,"max_hp_loss":0.0,"gold_gain":0.0,"cards_transformed":["Strike_B"],"event_name":"Transmorgrifier","player_choice":"Transformed","floor":21.0,"gold_loss":0.0,"damage_taken":0.0,"cards_obtained":["Biased Cognition"]},{"damage_healed":0.0,"max_hp_gain":0.0,"max_hp_loss":0.0,"gold_gain":0.0,"event_name":"FaceTrader","player_choice":"Trade","floor":36.0,"gold_loss":0.0,"damage_taken":0.0,"relics_obtained":["CultistMask"]},{"damage_healed":0.0,"max_hp_gain":0.0,"max_hp_loss":0.0,"gold_gain":0.0,"event_name":"Tomb of Lord Red Mask","player_choice":"Ignored","floor":48.0,"gold_loss":0.0,"damage_taken":0.0}],"is_beta":false,"boss_relics":[{"not_picked":["Nuclear Battery","Philosopher\u0027s Stone"],"picked":"Coffee Dripper"},{"not_picked":["Lizard Tail","Tiny House"],"picked":"Sozu"}],"items_purged_floors":[31,39],"is_endless":false,"potions_floor_spawned":[1,14,16,18,22,35,38,55],"ascension_level":20}