{"gold_per_floor":[111,111,36,36,36,68,68,94,94,20,20,47,67,78,78,149,149,163,163,163,63,63,63,63,76,76,76,76,87,87,104,104,178,178,196,247,247,247,122,153,253,253,276,326,336,356,367,131,131,131,131],"floor_reached":52,"playtime":1741,"items_purged":["Strike_G","Strike_G","Strike_G","Defend_G"],"score":2209,"play_id":"2571115c-e2ea-4b21-9e84-f362b4d3488a","local_time":"20190809091840","is_ascension_mode":true,"campfire_choices":[{"data":"Neutralize","floor":7.0,"key":"SMITH"},{"data":"Noxious Fumes","floor":11.0,"key":"SMITH"},{"data":"Predator","floor":15.0,"key":"SMITH"},{"data":"A Thousand Cuts","floor":23.0,"key":"SMITH"},{"data":"Well Laid Plans","floor":24.0,"key":"SMITH"},{"data":"Acrobatics","floor":28.0,"key":"SMITH"},{"data":"Backflip","floor":32.0,"key":"SMITH"},{"data":"Grand Finale","floor":42.0,"key":"SMITH"},{"data":"Tools of the Trade","floor":49,"key":"SMITH"}],"neow_cost":"NONE","seed_source_timestamp":1094190607978600,"circlet_count":0,"master_deck":["AscendersBane","Defend_G","Defend_G","Defend_G","Defend_G","Survivor","Neutralize+1","Noxious Fumes+1","Well Laid Plans+1","Predator+1","Backflip+1","Tools of the Trade+1","A Thousand Cuts+1","Acrobatics+1","Grand Finale+1"],"special_seed":0,"relics":["Ring of the Snake","NeowsBlessing","Question Card","Sundial","The Specimen","Mummified Hand","WingedGreaves","Eternal Feather","Oddly Smooth Stone","Coffee Dripper","Gambling Chip","Molten Egg 2","Unceasing Top","Ancient Tea Set","Lantern"],"potions_floor_usage":[51,51],"damage_taken":[{"damage":0.0,"enemies":"2 Louse","floor":1.0,"turns":1.0},{"damage":0.0,"enemies":"3 Sentries","floor":6.0,"turns":1.0},{"damage":0.0,"enemies":"Gremlin Nob","floor":8.0,"turns":1.0},{"damage":2.0,"enemies":"Lagavulin","floor":12.0,"turns":7.0},{"damage":0.0,"enemies":"Jaw Worm","floor":13.0,"turns":5.0},{"damage":1.0,"enemies":"Small Slimes","floor":14.0,"turns":4.0},{"damage":5.0,"enemies":"The Guardian","floor":16.0,"turns":10.0},{"damage":12.0,"enemies":"Shell Parasite","floor":18.0,"turns":6.0},{"damage":8.0,"enemies":"2 Thieves","floor":25.0,"turns":3.0},{"damage":7.0,"enemies":"3 Cultists","floor":29.0,"turns":3.0},{"damage":4.0,"enemies":"Shelled Parasite and Fungi","floor":31.0,"turns":6.0},{"damage":55.0,"enemies":"Collector","floor":33.0,"turns":8.0},{"damage":0.0,"enemies":"3 Darklings","floor":35.0,"turns":3.0},{"damage":15.0,"enemies":"2 Orb Walkers","floor":36.0,"turns":2.0},{"damage":0.0,"enemies":"Reptomancer","floor":40.0,"turns":2.0},{"damage":0.0,"enemies":"Mind Bloom Boss Battle","floor":41.0,"turns":5.0},{"damage":1,"enemies":"3 Shapes","floor":45,"turns":4},{"damage":0,"enemies":"Transient","floor":46,"turns":6},{"damage":0,"enemies":"3 Darklings","floor":47,"turns":1},{"damage":0,"enemies":"Awakened One","floor":50,"turns":5},{"damage":0,"enemies":"Time Eater","floor":51,"turns":4}],"seed_played":"-2511533110682678314","potions_obtained":[{"floor":1.0,"key":"SteroidPotion"},{"floor":8.0,"key":"Block Potion"},{"floor":12.0,"key":"AttackPotion"},{"floor":18.0,"key":"PowerPotion"},{"floor":31.0,"key":"EssenceOfSteel"}],"is_trial":false,"path_per_floor":["M","?","$","?","T","E","R","E","T","$","R","E","M","M","R","B",null,"M","?","?","$","?","R","R","M","T","$","R","M","$","M","R","B",null,"M","?","?","?","$","E","?","R","T","T","M","M","M","$","R","B","B",null],"character_chosen":"THE_SILENT","items_purchased":["Well Laid Plans","GhostInAJar"],"campfire_rested":0,"item_purchase_floors":[10,48],"current_hp_per_floor":[59,41,41,41,41,41,41,41,41,41,41,39,39,38,38,33,58,46,46,46,46,46,55,64,56,56,56,65,58,58,54,63,8,52,52,37,37,37,37,37,37,46,46,46,45,45,45,45,54,54,54],"gold":131,"neow_bonus":"THREE_ENEMY_KILL","is_prod":false,"is_daily":false,"chose_seed":false,"campfire_upgraded":9,"win_rate":0,"timestamp":1565313520,"path_taken":["M","?","$","?","?","E","R","E","T","$","R","E","M","M","R","BOSS","M","?","?","?","?","R","R","M","T","?","R","M","$","?","R","BOSS","M","?","?","?","$","E","?","R","T","?","?","M","M","$","R","BOSS","BOSS"],"build_version":"2019-07-17","purchased_purges":4,"victory":true,"max_hp_per_floor":[66,66,66,66,66,66,66,66,66,66,66,66,66,66,66,66,66,66,66,66,66,66,66,66,66,66,66,66,66,66,66,66,66,66,66,66,63,63,63,63,63,63,63,63,63,63,63,63,63,63,63],"card_choices":[{"not_picked":["Setup","Sucker Punch","Blur"],"picked":"SKIP","floor":1.0},{"not_picked":["Outmaneuver","Dagger Spray","PiercingWail","Cloak And Dagger"],"picked":"SKIP","floor":6.0},{"not_picked":["After Image","Finisher","Dagger Throw"],"picked":"Noxious Fumes","floor":8.0},{"not_picked":["Reflex","Prepared","Footwork"],"picked":"Predator","floor":12.0},{"not_picked":["Deadly Poison","Flechettes","Poisoned Stab"],"picked":"Backflip","floor":13.0},{"not_picked":["Prepared","Masterful Stab","Setup","Distraction"],"picked":"SKIP","floor":14.0},{"not_picked":["Phantasmal Killer","A Thousand Cuts","Unload"],"picked":"Tools of the Trade","floor":16.0},{"not_picked":["Dagger Throw","Expertise","Slice","Prepared"],"picked":"SKIP","floor":18.0},{"not_picked":["Malaise","Concentrate","Deadly Poison"],"picked":"Acrobatics","floor":25.0},{"not_picked":["Riddle With Holes+1","Deflect+1","Acrobatics","Bane"],"picked":"SKIP","floor":29.0},{"not_picked":["Blade Dance+1","Sucker Punch","Concentrate","Caltrops"],"picked":"SKIP","floor":31.0},{"not_picked":["Adrenaline","A Thousand Cuts","Bullet Time"],"picked":"Grand Finale","floor":33.0},{"not_picked":["Deflect","Dodge and Roll","Underhanded Strike","Poisoned Stab"],"picked":"SKIP","floor":35.0},{"not_picked":["Bouncing Flask","Corpse Explosion","Dodge and Roll","Flying Knee"],"picked":"SKIP","floor":40.0},{"not_picked":["Backflip","Quick Slash+1","All Out Attack+1","Cloak And Dagger"],"picked":"SKIP","floor":45},{"not_picked":["Dagger Throw+1","Blade Dance","Bullet Time","Tactician"],"picked":"SKIP","floor":46},{"not_picked":["Blur","Distraction","Backstab+1","Catalyst+1"],"picked":"SKIP","floor":47}],"player_experience":759708,"relics_obtained":[{"floor":5.0,"key":"Sundial"},{"floor":6.0,"key":"The Specimen"},{"floor":8.0,"key":"Mummified Hand"},{"floor":12.0,"key":"WingedGreaves"},{"floor":26.0,"key":"Oddly Smooth Stone"},{"floor":36.0,"key":"Gambling Chip"},{"floor":40.0,"key":"Molten Egg 2"},{"floor":41.0,"key":"Unceasing Top"},{"floor":43.0,"key":"Ancient Tea Set"},{"floor":44.0,"key":"Lantern"}],"event_choices":[{"damage_healed":0.0,"max_hp_gain":0.0,"max_hp_loss":0.0,"gold_gain":0.0,"event_name":"Scrap Ooze","player_choice":"Success","floor":2.0,"gold_loss":0.0,"damage_taken":18.0,"relics_obtained":["Question Card"]},{"damage_healed":0.0,"max_hp_gain":0.0,"max_hp_loss":0.0,"gold_gain":0.0,"cards_transformed":["Strike_G"],"event_name":"Living Wall","player_choice":"Change","floor":4.0,"gold_loss":0.0,"damage_taken":0.0,"cards_obtained":["Bane"]},{"damage_healed":0.0,"max_hp_gain":0.0,"max_hp_loss":0.0,"gold_gain":0.0,"cards_transformed":["Bane","Strike_G"],"event_name":"Drug Dealer","player_choice":"Became Test Subject","floor":19.0,"gold_loss":0.0,"damage_taken":0.0,"cards_obtained":["Corpse Explosion","A Thousand Cuts"]},{"damage_healed":0.0,"max_hp_gain":0.0,"max_hp_loss":0.0,"gold_gain":0.0,"event_name":"Ghosts","player_choice":"Ignored","floor":20.0,"gold_loss":0.0,"damage_taken":0.0},{"damage_healed":0.0,"max_hp_gain":0.0,"max_hp_loss":0.0,"gold_gain":0.0,"event_name":"Cursed Tome","player_choice":"Ignored","floor":22.0,"gold_loss":0.0,"damage_taken":0.0},{"damage_healed":0.0,"max_hp_gain":0.0,"max_hp_loss":0.0,"gold_gain":0.0,"event_name":"Mysterious Sphere","player_choice":"Fight","floor":36.0,"gold_loss":0.0,"damage_taken":0.0},{"damage_healed":0.0,"max_hp_gain":0.0,"max_hp_loss":3.0,"gold_gain":0.0,"event_name":"Winding Halls","player_choice":"Max HP","floor":37.0,"gold_loss":0.0,"damage_taken":0.0},{"cards_removed":["Corpse Explosion"],"damage_healed":0.0,"max_hp_gain":0.0,"max_hp_loss":0.0,"gold_gain":0.0,"event_name":"Falling","player_choice":"Removed Skill","floor":38.0,"gold_loss":0.0,"damage_taken":0.0},{"damage_healed":0.0,"max_hp_gain":0.0,"max_hp_loss":0.0,"gold_gain":0.0,"event_name":"MindBloom","player_choice":"Fight","floor":41.0,"gold_loss":0.0,"damage_taken":0.0}],"is_beta":false,"boss_relics":[{"not_picked":["Ectoplasm","Black Star"],"picked":"Eternal Feather"},{"not_picked":["Velvet Choker","Runic Pyramid"],"picked":"Coffee Dripper"}],"items_purged_floors":[3,21,39,48],"is_endless":false,"potions_floor_spawned":[1,8,12,16,18,31,33,41,46],"ascension_level":20}