{"gold_per_floor":[109,109,30,30,49,80,80,105,105,105,105,136,136,155,155,227,227,245,261,261,271,281,281,381,381,381,381,306,220,135,149,149,223,223,233,250,30,40,0,0,0,0,0,29,44,64,78,49,49,49,49],"floor_reached":51,"playtime":3240,"items_purged":[],"score":1361,"play_id":"eab6d195-8de5-4572-86b0-bf63e3be0793","local_time":"20181104173722","is_ascension_mode":true,"campfire_choices":[{"data":"Zap","floor":7,"key":"SMITH"},{"data":"White Noise","floor":10,"key":"SMITH"},{"data":"Hologram","floor":13,"key":"SMITH"},{"data":"Streamline","floor":15,"key":"SMITH"},{"floor":23,"key":"REST"},{"floor":25,"key":"REST"},{"floor":32,"key":"DIG"},{"floor":40,"key":"DIG"},{"floor":42,"key":"DIG"},{"floor":49,"key":"REST"}],"neow_cost":"NONE","seed_source_timestamp":280188800555737,"circlet_count":0,"master_deck":["AscendersBane","Strike_B+1","Strike_B+1","Strike_B+1","Defend_B+1","Defend_B+1","Defend_B+1","Defend_B+1","Zap+1","Dualcast","Hologram+1","Steam","Coolheaded","All For One","Zap+1","White Noise+1","Streamline+1","Steam","Electrodynamics","Cold Snap","Rebound+1","FTL","Compile Driver+1","Redo+1","Hologram+1","Go for the Eyes+1","Undo+1","Sweeping Beam+1","Tempest+1","Redo+1","Coolheaded+1"],"relics":["Cracked Core","NeowsBlessing","Cables","Ornamental Fan","Shuriken","Turnip","Busted Crown","Shovel","Bottled Lightning","Strawberry","Toxic Egg 2","Letter Opener","Orrery","Runic Capacitor","Red Mask","Whetstone","Oddly Smooth Stone","Nunchaku","Centennial Puzzle"],"potions_floor_usage":[18,19,24,33,35,38,44,50,50],"damage_taken":[{"damage":0,"enemies":"Jaw Worm","floor":1,"turns":1},{"damage":0,"enemies":"2 Louse","floor":5,"turns":1},{"damage":0,"enemies":"Lagavulin","floor":6,"turns":1},{"damage":11,"enemies":"3 Sentries","floor":8,"turns":7},{"damage":9,"enemies":"Lagavulin","floor":12,"turns":6},{"damage":0,"enemies":"Cultist","floor":14,"turns":3},{"damage":8,"enemies":"The Guardian","floor":16,"turns":10},{"damage":11,"enemies":"Shell Parasite","floor":18,"turns":4},{"damage":3,"enemies":"3 Byrds","floor":19,"turns":4},{"damage":8,"enemies":"Snake Plant","floor":21,"turns":4},{"damage":1,"enemies":"Sentry and Sphere","floor":22,"turns":5},{"damage":22,"enemies":"Colosseum Slavers","floor":24,"turns":5},{"damage":22,"enemies":"Colosseum Nobs","floor":24,"turns":3},{"damage":0,"enemies":"Snecko","floor":31,"turns":3},{"damage":12,"enemies":"Automaton","floor":33,"turns":8},{"damage":14,"enemies":"3 Darklings","floor":35,"turns":3},{"damage":1,"enemies":"3 Shapes","floor":36,"turns":3},{"damage":8,"enemies":"Transient","floor":38,"turns":6},{"damage":24,"enemies":"Reptomancer","floor":44,"turns":7},{"damage":10,"enemies":"Sphere and 2 Shapes","floor":45,"turns":5},{"damage":4,"enemies":"Maw","floor":46,"turns":6},{"damage":4,"enemies":"4 Shapes","floor":47,"turns":3},{"damage":36,"enemies":"Awakened One","floor":50,"turns":16},{"damage":5,"enemies":"Time Eater","floor":51,"turns":1}],"seed_played":"-1527811606209004703","potions_obtained":[{"floor":5,"key":"Weak Potion"},{"floor":12,"key":"FairyPotion"},{"floor":14,"key":"Block Potion"},{"floor":19,"key":"PowerPotion"},{"floor":31,"key":"SkillPotion"},{"floor":33,"key":"AttackPotion"},{"floor":38,"key":"Regen Potion"},{"floor":44,"key":"Ancient Potion"},{"floor":46,"key":"PowerPotion"}],"is_trial":false,"path_per_floor":["M","?","$","?","M","E","R","E","T","R","?","E","R","M","R","B",null,"M","M","?","M","M","R","?","R","T","?","?","$","?","M","R","B",null,"M","M","$","M","?","R","?","R","T","E","M","M","M","$","R","B","B"],"character_chosen":"DEFECT","items_purchased":["Hologram","Steam","FocusPotion","Runic Capacitor","Coolheaded+1"],"campfire_rested":3,"item_purchase_floors":[3,3,29,37,48],"current_hp_per_floor":[64,64,64,64,64,64,64,53,53,53,53,44,44,44,44,36,62,51,48,48,40,39,60,16,37,44,44,44,44,44,44,44,32,67,53,52,52,44,44,44,44,44,44,35,25,21,17,17,40,4,0],"gold":49,"neow_bonus":"THREE_ENEMY_KILL","is_prod":false,"is_daily":false,"chose_seed":false,"campfire_upgraded":4,"win_rate":0,"timestamp":1541371042,"path_taken":["M","?","$","?","?","E","R","E","T","R","?","E","R","M","R","BOSS","M","M","?","M","M","R","?","R","T","?","?","?","?","?","R","BOSS","M","M","$","?","?","R","?","R","T","E","?","M","?","?","R","BOSS","BOSS"],"build_version":"2018-11-01","purchased_purges":0,"victory":false,"max_hp_per_floor":[71,71,71,71,71,71,71,71,71,71,71,71,71,71,71,71,71,71,71,71,71,71,71,71,71,78,78,78,78,78,78,78,78,78,78,78,78,78,78,78,78,78,78,78,78,78,78,78,78,78,78],"card_choices":[{"not_picked":["Turbo","Undo","Gash"],"picked":"SKIP","floor":1},{"not_picked":["Rebound","BootSequence"],"picked":"White Noise","floor":5},{"not_picked":["Blizzard","Meteor Strike"],"picked":"Streamline","floor":6},{"not_picked":["Undo","Reprogram"],"picked":"Steam","floor":8},{"not_picked":["Skim","Conserve Battery"],"picked":"Electrodynamics","floor":12},{"not_picked":["Lockon","Coolheaded","Stack"],"picked":"SKIP","floor":14},{"not_picked":["Barrage"],"picked":"SKIP","floor":18},{"not_picked":["Reinforced Body"],"picked":"SKIP","floor":19},{"not_picked":["Rebound"],"picked":"SKIP","floor":21},{"not_picked":[],"picked":"Cold Snap","floor":22},{"not_picked":[],"picked":"Rebound+1","floor":24},{"not_picked":["Sunder"],"picked":"SKIP","floor":31},{"not_picked":[],"picked":"Compile Driver","floor":34},{"not_picked":[],"picked":"Redo+1","floor":34},{"not_picked":[],"picked":"Hologram+1","floor":34},{"not_picked":[],"picked":"Go for the Eyes","floor":35},{"not_picked":["Gash"],"picked":"SKIP","floor":36},{"not_picked":[],"picked":"Undo+1","floor":38},{"not_picked":["Lockon"],"picked":"SKIP","floor":44},{"not_picked":[],"picked":"Sweeping Beam+1","floor":45},{"not_picked":[],"picked":"Tempest+1","floor":46},{"not_picked":[],"picked":"Redo+1","floor":47}],"player_experience":669359,"relics_obtained":[{"floor":6,"key":"Cables"},{"floor":8,"key":"Ornamental Fan"},{"floor":9,"key":"Shuriken"},{"floor":12,"key":"Turnip"},{"floor":24,"key":"Shovel"},{"floor":24,"key":"Bottled Lightning"},{"floor":26,"key":"Strawberry"},{"floor":32,"key":"Letter Opener"},{"floor":40,"key":"Whetstone"},{"floor":42,"key":"Oddly Smooth Stone"},{"floor":43,"key":"Nunchaku"},{"floor":44,"key":"Centennial Puzzle"}],"event_choices":[{"damage_healed":0,"gold_gain":0,"player_choice":"Grow","damage_taken":0,"max_hp_gain":0,"max_hp_loss":0,"event_name":"Living Wall","floor":2,"gold_loss":0,"cards_upgraded":["Zap"]},{"damage_healed":0,"gold_gain":0,"player_choice":"4 cards matched","damage_taken":0,"max_hp_gain":0,"max_hp_loss":0,"event_name":"Match and Keep!","floor":4,"gold_loss":0,"cards_obtained":["Coolheaded","All For One","Doubt","Zap"]},{"damage_healed":0,"gold_gain":0,"player_choice":"Ignored","damage_taken":0,"max_hp_gain":0,"max_hp_loss":0,"event_name":"Liars Game","floor":11,"gold_loss":0},{"damage_healed":0,"gold_gain":0,"player_choice":"Simplicity","damage_taken":0,"max_hp_gain":0,"max_hp_loss":0,"event_name":"Back to Basics","floor":20,"gold_loss":0,"cards_upgraded":["Strike_B","Strike_B","Strike_B","Strike_B","Defend_B","Defend_B","Defend_B","Defend_B"]},{"damage_healed":0,"gold_gain":0,"player_choice":"Fight","damage_taken":0,"max_hp_gain":0,"max_hp_loss":0,"event_name":"Colosseum","floor":24,"gold_loss":0},{"damage_healed":0,"gold_gain":0,"player_choice":"Fought Nobs","damage_taken":0,"max_hp_gain":0,"max_hp_loss":0,"event_name":"Colosseum","floor":24,"gold_loss":0},{"damage_healed":0,"gold_gain":0,"player_choice":"Read","damage_taken":0,"max_hp_gain":0,"max_hp_loss":0,"event_name":"The Library","floor":27,"gold_loss":0,"cards_obtained":["FTL"]},{"cards_removed":["Doubt"],"damage_healed":0,"gold_gain":0,"player_choice":"Gave Gold","damage_taken":0,"max_hp_gain":0,"max_hp_loss":0,"event_name":"Beggar","floor":28,"gold_loss":75},{"damage_healed":0,"gold_gain":0,"player_choice":"Obtained Relic","damage_taken":0,"relics_obtained":["Toxic Egg 2"],"max_hp_gain":0,"max_hp_loss":0,"event_name":"Addict","floor":30,"gold_loss":85},{"damage_healed":0,"gold_gain":0,"player_choice":"Paid","damage_taken":0,"relics_obtained":["Red Mask"],"max_hp_gain":0,"max_hp_loss":0,"event_name":"Tomb of Lord Red Mask","floor":39,"gold_loss":40},{"cards_removed":["Strike_B"],"damage_healed":0,"gold_gain":0,"player_choice":"Offered Basic","damage_taken":0,"max_hp_gain":0,"max_hp_loss":0,"event_name":"Bonfire Elementals","floor":41,"gold_loss":0}],"is_beta":false,"boss_relics":[{"not_picked":["Black Star","Coffee Dripper"],"picked":"Busted Crown"},{"not_picked":["Tiny House","Sozu"],"picked":"Orrery"}],"items_purged_floors":[],"is_endless":false,"potions_floor_spawned":[5,12,14,19,24,31,33,38,44,46],"killed_by":"Time Eater","ascension_level":20}