{"gold_per_floor":[414,428,445,445,395,395,411,411,436,462,462,462,462,481,481,580,630,647,827,827,626,626,626,626],"floor_reached":24,"playtime":1238,"items_purged":["Strike_B"],"score":259,"play_id":"b6d042ea-6623-44b9-8f4c-4dfee7761566","local_time":"20180902221158","is_ascension_mode":true,"campfire_choices":[{"data":"Chaos","floor":6,"key":"SMITH"},{"data":"Hologram","floor":8,"key":"SMITH"},{"data":"Zap","floor":11,"key":"SMITH"},{"data":"Go for the Eyes","floor":13,"key":"SMITH"},{"floor":15,"key":"REST"},{"floor":23,"key":"REST"}],"neow_cost":"CURSE","seed_source_timestamp":728638009763490,"circlet_count":0,"master_deck":["Strike_B","Defend_B","Defend_B","Defend_B","Defend_B+1","Zap+1","Dualcast","Genetic Algorithm","Chaos+1","Go for the Eyes+1","Hologram+1","Reprogram","Electrodynamics","Scrape","Defragment","Steam"],"relics":["Cracked Core","Old Coin","Potion Belt","Blood Vial","Tiny House"],"potions_floor_usage":[10,10,24],"damage_taken":[{"damage":8,"enemies":"Small Slimes","floor":1,"turns":4},{"damage":5,"enemies":"Cultist","floor":2,"turns":4},{"damage":1,"enemies":"2 Louse","floor":3,"turns":3},{"damage":4,"enemies":"Looter","floor":7,"turns":3},{"damage":20,"enemies":"Lagavulin","floor":10,"turns":7},{"damage":1,"enemies":"Large Slime","floor":14,"turns":5},{"damage":28,"enemies":"Hexaghost","floor":16,"turns":9},{"damage":11,"enemies":"Spheric Guardian","floor":18,"turns":4},{"damage":23,"enemies":"Colosseum Slavers","floor":20,"turns":4},{"damage":39,"enemies":"Slavers","floor":24,"turns":3}],"seed_played":"-3832140328524650598","potions_obtained":[{"floor":2,"key":"Dexterity Potion"},{"floor":3,"key":"Block Potion"},{"floor":7,"key":"Regen Potion"},{"floor":14,"key":"SteroidPotion"},{"floor":17,"key":"LiquidBronze"},{"floor":18,"key":"Fire Potion"}],"is_trial":false,"path_per_floor":["M","M","M","?","?","R","M","R","T","E","R","?","R","M","R","B",null,"M","?","?","$","?","R"],"character_chosen":"DEFECT","items_purchased":["Defragment","Steam"],"campfire_rested":2,"item_purchase_floors":[21,21],"current_hp_per_floor":[60,55,54,54,54,54,50,50,50,45,45,38,38,39,61,35,70,61,37,16,16,7,31,0],"gold":626,"neow_bonus":"ONE_RARE_RELIC","is_prod":false,"is_daily":false,"chose_seed":false,"campfire_upgraded":4,"win_rate":0,"timestamp":1535940718,"path_taken":["M","M","M","?","?","R","M","R","T","E","R","?","R","?","R","BOSS","M","?","?","$","?","R","E"],"build_version":"2018-08-30","purchased_purges":1,"victory":false,"max_hp_per_floor":[75,75,75,75,75,75,75,75,75,75,75,75,75,75,75,75,80,80,80,80,80,80,80,80],"card_choices":[{"not_picked":["Rip and Tear","Scrape"],"picked":"Genetic Algorithm","floor":1},{"not_picked":["Hologram","Steam"],"picked":"Chaos","floor":2},{"not_picked":["Cold Snap","Auto Shields"],"picked":"Go for the Eyes","floor":3},{"not_picked":["Meteor Strike","Ball Lightning"],"picked":"Hologram","floor":7},{"not_picked":["Heatsinks","Beam Cell"],"picked":"Reprogram","floor":10},{"not_picked":["Storm","Reinforced Body","Skim"],"picked":"SKIP","floor":14},{"not_picked":["Meteor Strike","Machine Learning"],"picked":"Electrodynamics","floor":16},{"not_picked":["Blizzard","Lockon"],"picked":"Scrape","floor":17},{"not_picked":["Scrape","Steam Power","Turbo"],"picked":"SKIP","floor":18}],"player_experience":299451,"relics_obtained":[{"floor":9,"key":"Potion Belt"},{"floor":10,"key":"Blood Vial"}],"event_choices":[{"event_name":"Bonfire Elementals","player_choice":"BASIC","floor":4,"damage_taken":0},{"event_name":"The Cleric","player_choice":"Card Removal","floor":5,"damage_taken":0},{"event_name":"Golden Wing","player_choice":"Card Removal","floor":12,"damage_taken":0},{"event_name":"Knowing Skull","player_choice":"GOLD GOLD ","floor":19,"damage_taken":0},{"event_name":"Colosseum","player_choice":"Fight","floor":20,"damage_taken":0},{"event_name":"Colosseum","player_choice":"Fled From Nobs","floor":20,"damage_taken":0},{"event_name":"Cursed Tome","player_choice":"Stopped","floor":22,"damage_taken":0}],"is_beta":false,"boss_relics":[{"not_picked":["White Beast Statue","Pandora\u0027s Box"],"picked":"Tiny House"}],"items_purged_floors":[21],"is_endless":false,"potions_floor_spawned":[2,3,7,14,18,20],"killed_by":"Slavers","ascension_level":7}