{"gold_per_floor":[119,119,133,156,156,156,180,130,130,155,190,190,228,246,246,365,365,385,385,63,0,0,38,38,62,62,62,76,97,97,110,110,241,241,254,272,272,272,36,36,51,51,77,77,101,101,122,122,122,122],"floor_reached":51,"playtime":4685,"items_purged":["Strike_B"],"score":880,"play_id":"f0c2b620-1932-4f17-ac3e-19205b142e4a","local_time":"20180811005841","is_ascension_mode":true,"campfire_choices":[{"data":"Genetic Algorithm","floor":6,"key":"SMITH"},{"floor":12,"key":"REST"},{"floor":15,"key":"REST"},{"floor":24,"key":"REST"},{"floor":27,"key":"REST"},{"data":"Apotheosis","floor":30,"key":"SMITH"},{"floor":32,"key":"REST"},{"data":"Seek","floor":40,"key":"SMITH"},{"floor":42,"key":"REST"},{"floor":44,"key":"REST"},{"floor":49,"key":"REST"}],"neow_cost":"NONE","seed_source_timestamp":1902706640921820,"circlet_count":0,"master_deck":["Strike_B","Defend_B","Defend_B","Defend_B","Defend_B","Zap","Dualcast","Genetic Algorithm+1","Ball Lightning","Storm","Glacier","Defragment","Echo Form","Heatsinks","Apotheosis+1","Seek+1","Glacier","Defragment","Static Discharge","Capacitor","Creative AI","Consume","Amplify","Master of Strategy"],"relics":["Cracked Core","Golden Idol","Cables","Question Card","Lantern","Inserter","Blue Candle","DataDisk","White Beast Statue","Gambling Chip","Omamori"],"potions_floor_usage":[16,18,18,23,28,29,37,41,41,47,50,50],"damage_taken":[{"damage":2,"enemies":"2 Louse","floor":1,"turns":2},{"damage":4,"enemies":"Jaw Worm","floor":3,"turns":5},{"damage":1,"enemies":"Cultist","floor":4,"turns":3},{"damage":6,"enemies":"Blue Slaver","floor":7,"turns":4},{"damage":9,"enemies":"3 Louse","floor":10,"turns":3},{"damage":9,"enemies":"Lagavulin","floor":11,"turns":5},{"damage":13,"enemies":"3 Sentries","floor":13,"turns":9},{"damage":0,"enemies":"Lots of Slimes","floor":14,"turns":6},{"damage":12,"enemies":"The Guardian","floor":16,"turns":12},{"damage":24,"enemies":"2 Thieves","floor":18,"turns":4},{"damage":33,"enemies":"Gremlin Leader","floor":23,"turns":8},{"damage":0,"enemies":"Chosen","floor":25,"turns":6},{"damage":11,"enemies":"Snake Plant","floor":28,"turns":5},{"damage":0,"enemies":"Centurion and Healer","floor":29,"turns":6},{"damage":2,"enemies":"Snecko","floor":31,"turns":6},{"damage":0,"enemies":"Collector","floor":33,"turns":6},{"damage":1,"enemies":"Orb Walker","floor":35,"turns":5},{"damage":6,"enemies":"3 Shapes","floor":36,"turns":5},{"damage":0,"floor":37,"turns":7},{"damage":27,"enemies":"Flame Bruiser 2 Orb","floor":41,"turns":7},{"damage":10,"enemies":"Sphere and 2 Shapes","floor":45,"turns":7},{"damage":19,"enemies":"Spire Growth","floor":47,"turns":4},{"damage":59,"enemies":"Donu and Deca","floor":50,"turns":10}],"seed_played":"-6740226369460110534","potions_obtained":[{"floor":1,"key":"FairyPotion"},{"floor":10,"key":"Energy Potion"},{"floor":14,"key":"Fire Potion"},{"floor":16,"key":"GamblersBrew"},{"floor":18,"key":"Swift Potion"},{"floor":23,"key":"Weak Potion"},{"floor":28,"key":"Poison Potion"},{"floor":31,"key":"Dexterity Potion"},{"floor":35,"key":"FearPotion"},{"floor":36,"key":"GamblersBrew"},{"floor":37,"key":"SkillPotion"},{"floor":41,"key":"SneckoOil"},{"floor":45,"key":"PowerPotion"},{"floor":47,"key":"EssenceOfSteel"}],"is_trial":false,"path_per_floor":["M","?","M","M","?","R","M","?","T","M","E","R","E","M","R","B",null,"M","?","$","?","?","E","R","M","T","R","M","M","R","M","R","B",null,"M","M","?","?","$","R","M","R","T","R","M","?","M","?","R","B"],"character_chosen":"DEFECT","items_purchased":["Apotheosis","Seek","Glacier","Amplify"],"campfire_rested":8,"item_purchase_floors":[20,20,20,39],"current_hp_per_floor":[66,48,44,43,43,43,37,37,37,28,19,41,28,28,50,38,66,42,42,42,42,42,9,31,31,31,53,42,42,42,40,62,62,72,71,65,65,65,65,65,38,60,60,75,65,65,46,46,68,9],"gold":122,"neow_bonus":"REMOVE_CARD","is_prod":false,"is_daily":false,"chose_seed":false,"campfire_upgraded":3,"win_rate":0,"timestamp":1533963521,"path_taken":["M","?","?","M","?","R","?","?","T","M","E","R","E","M","R","BOSS","M","?","$","?","?","E","R","M","T","R","M","M","R","M","R","BOSS","M","M","?","?","$","R","M","R","T","R","M","?","M","?","R","BOSS"],"build_version":"2018-08-09","purchased_purges":1,"victory":true,"max_hp_per_floor":[75,75,75,75,75,75,75,75,75,75,75,75,75,75,75,75,75,75,75,75,75,75,75,75,75,75,75,75,75,75,75,75,75,75,75,75,75,75,75,75,75,75,75,75,75,75,75,75,75,75],"card_choices":[{"not_picked":["Static Discharge","Cold Snap"],"picked":"Genetic Algorithm","floor":1},{"not_picked":["Darkness","Aggregate"],"picked":"Ball Lightning","floor":3},{"not_picked":["Streamline","Stack"],"picked":"Storm","floor":4},{"not_picked":["Steam","Rip and Tear","Redo"],"picked":"SKIP","floor":7},{"not_picked":["Ball Lightning","Sweeping Beam","Rebound"],"picked":"SKIP","floor":10},{"not_picked":["Aggregate","Gash"],"picked":"Glacier","floor":11},{"not_picked":["FTL","Auto Shields","Rainbow"],"picked":"Defragment","floor":13},{"not_picked":["Go for the Eyes","Turbo","Darkness","Skim"],"picked":"SKIP","floor":14},{"not_picked":["Rainbow","Meteor Strike","Buffer"],"picked":"Echo Form","floor":16},{"not_picked":["Darkness+1","Coolheaded","Genetic Algorithm"],"picked":"Heatsinks","floor":18},{"not_picked":["Heatsinks","Redo+1","BootSequence","Rebound"],"picked":"SKIP","floor":23},{"not_picked":["Force Field","Ball Lightning+1","Conserve Battery","Gash"],"picked":"SKIP","floor":25},{"not_picked":["Coolheaded","Lockon+1","Force Field"],"picked":"Defragment","floor":28},{"not_picked":["Steam Power","Barrage+1","Turbo+1"],"picked":"Static Discharge","floor":29},{"not_picked":["Stack","Loop","Turbo"],"picked":"Capacitor","floor":31},{"not_picked":["Reboot","All For One","Hyperbeam"],"picked":"Creative AI","floor":33},{"not_picked":["Leap","Barrage","Conserve Battery","Stack+1"],"picked":"SKIP","floor":35},{"not_picked":["Redo","Recycle","All For One","Hologram"],"picked":"SKIP","floor":36},{"not_picked":["Sweeping Beam+1","Beam Cell+1","Heatsinks+1"],"picked":"Consume","floor":37},{"not_picked":["Recycle+1","Static Discharge+1","Barrage+1","Gash"],"picked":"SKIP","floor":41},{"not_picked":["Recycle","Fission","Heatsinks","Compile Driver"],"picked":"SKIP","floor":45},{"not_picked":["Blind","Flash of Steel","Swift Strike"],"picked":"Master of Strategy","floor":46},{"not_picked":["Gash+1","Storm+1","Turbo+1","Sweeping Beam"],"picked":"SKIP","floor":47}],"player_experience":221701,"relics_obtained":[{"floor":9,"key":"Cables"},{"floor":11,"key":"Question Card"},{"floor":13,"key":"Lantern"},{"floor":23,"key":"Blue Candle"},{"floor":26,"key":"DataDisk"},{"floor":37,"key":"Gambling Chip"},{"floor":43,"key":"Omamori"}],"event_choices":[{"event_name":"Golden Idol","player_choice":"Take Damage","floor":2,"damage_taken":0},{"event_name":"Liars Game","player_choice":"disagreed","floor":5,"damage_taken":0},{"event_name":"The Cleric","player_choice":"Card Removal","floor":8,"damage_taken":0},{"event_name":"Vampires","player_choice":"Ignored","floor":19,"damage_taken":0},{"event_name":"Masked Bandits","player_choice":"Paid Fearfully","floor":21,"damage_taken":0},{"event_name":"Ghosts","player_choice":"Ignored","floor":22,"damage_taken":0},{"event_name":"MindBloom","player_choice":"Fight","floor":37,"damage_taken":0},{"event_name":"Tomb of Lord Red Mask","player_choice":"Ignored","floor":38,"damage_taken":0},{"event_name":"SensoryStone","player_choice":"Memory 1","floor":46,"damage_taken":0},{"event_name":"Mysterious Sphere","player_choice":"Ignore","floor":48,"damage_taken":0}],"is_beta":false,"boss_relics":[{"not_picked":["Empty Cage","Fusion Hammer"],"picked":"Inserter"},{"not_picked":["Runic Pyramid","Eternal Feather"],"picked":"White Beast Statue"}],"items_purged_floors":[39],"is_endless":false,"potions_floor_spawned":[1,10,14,16,18,23,28,31,35,36,37,41,45,47],"ascension_level":6}