{"gold_per_floor":[111,111,36,49,69,84,100,114,114,124,145,162,179,191,191,293,293,275,286,29,59,78,78,88,88,88,88,36,36,56,66,66,66],"floor_reached":33,"playtime":1676,"items_purged":["Strike_R"],"score":247,"play_id":"bfd872e0-23f7-4795-bc82-c5ea0b2b94e9","local_time":"20190821023007","is_ascension_mode":false,"campfire_choices":[{"data":"Seeing Red","floor":15,"key":"SMITH"},{"floor":25,"key":"REST"},{"data":"Fiend Fire","floor":27,"key":"SMITH"},{"data":"Intimidate","floor":29,"key":"SMITH"},{"floor":32,"key":"REST"}],"neow_cost":"NONE","seed_source_timestamp":110437098517400,"circlet_count":0,"master_deck":["Strike_R","Strike_R","Strike_R","Strike_R","Defend_R","Defend_R","Defend_R","Defend_R","Bash","Perfected Strike","Intimidate+1","Shockwave","Shrug It Off","Reaper","Iron Wave","Heavy Blade","Flame Barrier","Warcry","Seeing Red+1","Double Tap","Impervious","Flex","Clothesline","Double Tap","Wild Strike+1","Armaments+1","Fiend Fire+1","Iron Wave","Clash","Intimidate"],"relics":["Black Blood","NeowsBlessing","Happy Flower","Odd Mushroom","Red Mask","MutagenicStrength","Nunchaku"],"potions_floor_usage":[16,16,16,21,21,24,24,24],"damage_taken":[{"damage":0,"enemies":"2 Louse","floor":1,"turns":1},{"damage":0,"enemies":"Small Slimes","floor":4,"turns":1},{"damage":0,"enemies":"Jaw Worm","floor":5,"turns":1},{"damage":8,"enemies":"3 Louse","floor":6,"turns":5},{"damage":7,"enemies":"Exordium Wildlife","floor":7,"turns":8},{"damage":8,"enemies":"2 Fungi Beasts","floor":8,"turns":4},{"damage":9,"enemies":"Blue Slaver","floor":10,"turns":5},{"damage":9,"enemies":"The Mushroom Lair","floor":11,"turns":7},{"damage":6,"enemies":"3 Louse","floor":12,"turns":5},{"damage":0,"enemies":"Lots of Slimes","floor":13,"turns":7},{"damage":5,"enemies":"2 Fungi Beasts","floor":14,"turns":5},{"damage":49,"enemies":"Slime Boss","floor":16,"turns":16},{"damage":20,"enemies":"2 Thieves","floor":18,"turns":4},{"damage":41,"enemies":"Spheric Guardian","floor":19,"turns":9},{"damage":25,"enemies":"Masked Bandits","floor":21,"turns":7},{"damage":9,"enemies":"Snake Plant","floor":22,"turns":4},{"damage":17,"enemies":"Shelled Parasite and Fungi","floor":24,"turns":10},{"damage":7,"enemies":"Snecko","floor":30,"turns":4},{"damage":38,"enemies":"3 Cultists","floor":31,"turns":8},{"damage":79,"enemies":"Collector","floor":33,"turns":7}],"seed_played":"-198202705029468108","potions_obtained":[{"floor":5,"key":"SkillPotion"},{"floor":6,"key":"GamblersBrew"},{"floor":7,"key":"AttackPotion"},{"floor":19,"key":"Poison Potion"},{"floor":21,"key":"Block Potion"},{"floor":22,"key":"Regen Potion"},{"floor":30,"key":"Strength Potion"}],"is_trial":false,"path_per_floor":["M","?","$","M","M","M","M","M","T","M","?","M","M","M","R","B",null,"M","M","$","?","M","?","M","R","T","R","$","R","M","M","R","B"],"character_chosen":"IRONCLAD","items_purchased":["Energy Potion","Explosive Potion","Double Tap","Iron Wave"],"campfire_rested":2,"item_purchase_floors":[20,20,20,28],"current_hp_per_floor":[80,80,80,80,80,78,77,75,75,72,69,69,79,80,80,43,80,70,39,39,24,25,25,40,64,64,64,64,64,67,52,76,0],"gold":66,"neow_bonus":"THREE_ENEMY_KILL","is_prod":false,"is_daily":false,"chose_seed":false,"campfire_upgraded":3,"win_rate":0.0,"timestamp":1566372607,"path_taken":["M","?","$","M","M","M","M","M","T","M","?","M","M","M","R","BOSS","M","M","$","?","M","?","M","R","T","R","$","R","M","M","R","BOSS"],"build_version":"2019-07-17","purchased_purges":1,"victory":false,"max_hp_per_floor":[80,80,80,80,80,80,80,80,80,80,80,80,80,80,80,80,80,80,80,80,80,80,80,80,80,80,80,80,80,80,80,80,80],"card_choices":[{"not_picked":["Rupture","Body Slam"],"picked":"Perfected Strike","floor":1},{"not_picked":["Heavy Blade","Clash"],"picked":"Intimidate","floor":4},{"not_picked":["Disarm","Hemokinesis"],"picked":"Shockwave","floor":5},{"not_picked":["Heavy Blade","Armaments"],"picked":"Shrug It Off","floor":6},{"not_picked":["Perfected Strike","Power Through"],"picked":"Reaper","floor":7},{"not_picked":["Inflame","Evolve"],"picked":"Iron Wave","floor":8},{"not_picked":["Perfected Strike","Bloodletting"],"picked":"Heavy Blade","floor":10},{"not_picked":["Uppercut","Body Slam"],"picked":"Flame Barrier","floor":11},{"not_picked":["Perfected Strike","Hemokinesis"],"picked":"Warcry","floor":12},{"not_picked":["Heavy Blade","Iron Wave"],"picked":"Seeing Red","floor":13},{"not_picked":["Inflame","Sever Soul"],"picked":"Double Tap","floor":14},{"not_picked":["Immolate","Offering"],"picked":"Impervious","floor":16},{"not_picked":["Pommel Strike+1","Armaments"],"picked":"Flex","floor":18},{"not_picked":["Wild Strike","Body Slam+1"],"picked":"Clothesline","floor":19},{"not_picked":["True Grit","Sever Soul"],"picked":"Wild Strike+1","floor":21},{"not_picked":["Warcry+1","Flame Barrier"],"picked":"Armaments+1","floor":22},{"not_picked":["Body Slam","Power Through"],"picked":"Fiend Fire","floor":24},{"not_picked":["Sword Boomerang+1","Cleave+1"],"picked":"Clash","floor":30},{"not_picked":["Second Wind","Wild Strike"],"picked":"Intimidate","floor":31}],"player_experience":39833,"relics_obtained":[{"floor":9,"key":"Happy Flower"},{"floor":11,"key":"Odd Mushroom"},{"floor":21,"key":"Red Mask"},{"floor":26,"key":"Nunchaku"}],"event_choices":[{"damage_healed":0,"gold_gain":0,"player_choice":"Ignored","damage_taken":0,"max_hp_gain":0,"max_hp_loss":0,"event_name":"Golden Idol","floor":2,"gold_loss":0},{"damage_healed":0,"gold_gain":0,"player_choice":"Fought Mushrooms","damage_taken":0,"max_hp_gain":0,"max_hp_loss":0,"event_name":"Mushrooms","floor":11,"gold_loss":0},{"damage_healed":0,"gold_gain":0,"player_choice":"Fought Bandits","damage_taken":0,"max_hp_gain":0,"max_hp_loss":0,"event_name":"Masked Bandits","floor":21,"gold_loss":0},{"damage_healed":0,"gold_gain":0,"player_choice":"Inject Mutagens","damage_taken":0,"relics_obtained":["MutagenicStrength"],"max_hp_gain":0,"max_hp_loss":0,"event_name":"Drug Dealer","floor":23,"gold_loss":0}],"is_beta":false,"boss_relics":[{"not_picked":["Fusion Hammer","Empty Cage"],"picked":"Black Blood"}],"items_purged_floors":[3],"is_endless":false,"potions_floor_spawned":[5,6,7,10,11,19,21,22,30],"killed_by":"Collector","ascension_level":0}