{"gold_per_floor":[116,131,131,81,156,156,166,166,166,65,95,95,151,51,51,155,155,172,172,87,98,113,113,142,142,142,153,169,169,169,169],"floor_reached":31,"playtime":2457,"items_purged":["Regret","Normality"],"score":352,"play_id":"33402a23-2259-4704-9250-c299968d5bdb","local_time":"20180908095248","is_ascension_mode":true,"campfire_choices":[{"floor":6,"key":"REST"},{"floor":8,"key":"REST"},{"data":"Hologram","floor":12,"key":"SMITH"},{"data":"Sunder","floor":15,"key":"SMITH"},{"data":"Defragment","floor":23,"key":"SMITH"},{"floor":25,"key":"REST"},{"data":"Zap","floor":29,"key":"SMITH"}],"neow_cost":"NONE","seed_source_timestamp":4171042054219,"circlet_count":0,"master_deck":["Strike_B","Strike_B","Strike_B","Defend_B","Defend_B","Defend_B","Defend_B","Zap+1","Dualcast","Coolheaded","Sunder+1","BootSequence","Hologram+1","Auto Shields","Electrodynamics","Steam","Defragment+1","Leap+1","Redo+1"],"relics":["Calling Bell","Centennial Puzzle","Pantograph","Torii","Potion Belt","StoneCalendar","Bronze Scales","Tiny Chest","Sozu","Pocketwatch","Gremlin Horn","Dead Branch"],"potions_floor_usage":[],"damage_taken":[{"damage":6,"enemies":"Small Slimes","floor":1,"turns":3},{"damage":23,"enemies":"Jaw Worm","floor":2,"turns":7},{"damage":6,"enemies":"2 Louse","floor":7,"turns":2},{"damage":16,"enemies":"3 Sentries","floor":11,"turns":7},{"damage":13,"enemies":"Lagavulin","floor":13,"turns":8},{"damage":39,"enemies":"Slime Boss","floor":16,"turns":7},{"damage":1,"enemies":"Chosen","floor":18,"turns":6},{"damage":1,"enemies":"Spheric Guardian","floor":21,"turns":5},{"damage":3,"enemies":"Centurion and Healer","floor":22,"turns":7},{"damage":35,"enemies":"Book of Stabbing","floor":24,"turns":7},{"damage":1,"enemies":"Shelled Parasite and Fungi","floor":27,"turns":6},{"damage":0,"enemies":"Snecko","floor":28,"turns":5},{"damage":31,"enemies":"Slavers","floor":31,"turns":3}],"seed_played":"-8791793023532676840","potions_obtained":[{"floor":13,"key":"Energy Potion"},{"floor":16,"key":"Explosive Potion"}],"is_trial":false,"path_per_floor":["M","M","?","?","?","R","M","R","T","$","E","R","E","$","R","B",null,"M","?","?","M","M","R","E","R","T","M","M","R","?"],"character_chosen":"DEFECT","items_purchased":["Hologram"],"campfire_rested":3,"item_purchase_floors":[10],"current_hp_per_floor":[62,39,32,32,21,43,37,59,59,59,43,43,30,30,30,16,60,59,59,59,58,55,55,20,42,42,41,41,41,27,0],"gold":169,"neow_bonus":"BOSS_RELIC","is_prod":false,"is_daily":false,"chose_seed":false,"campfire_upgraded":4,"win_rate":0,"timestamp":1536414768,"path_taken":["M","M","?","?","?","R","M","R","T","$","E","R","E","?","R","BOSS","M","?","?","?","M","R","E","R","T","M","M","R","?","E"],"build_version":"2018-09-06","purchased_purges":2,"victory":false,"max_hp_per_floor":[75,75,75,75,75,75,75,75,75,75,75,75,75,75,75,75,75,75,75,75,75,75,75,75,75,75,75,75,75,80,80],"card_choices":[{"not_picked":["Compile Driver","Undo"],"picked":"Coolheaded","floor":1},{"not_picked":["Go for the Eyes","Sweeping Beam"],"picked":"Sunder","floor":2},{"not_picked":["Consume","Force Field"],"picked":"BootSequence","floor":7},{"not_picked":["Heatsinks","Biased Cognition"],"picked":"Auto Shields","floor":11},{"not_picked":["Reprogram","Scrape","Chaos"],"picked":"SKIP","floor":13},{"not_picked":["Meteor Strike","Fission"],"picked":"Electrodynamics","floor":16},{"not_picked":["Beam Cell","Lockon","Hello World"],"picked":"SKIP","floor":18},{"not_picked":["Leap","Gash"],"picked":"Steam","floor":21},{"not_picked":["Chill","BootSequence"],"picked":"Defragment","floor":22},{"not_picked":["Chaos","Darkness"],"picked":"Leap+1","floor":24},{"not_picked":["Blizzard","Ball Lightning","Hello World"],"picked":"SKIP","floor":27},{"not_picked":["Fusion","Streamline"],"picked":"Redo+1","floor":28}],"player_experience":329705,"relics_obtained":[{"floor":0,"key":"Centennial Puzzle"},{"floor":0,"key":"Pantograph"},{"floor":0,"key":"Torii"},{"floor":9,"key":"StoneCalendar"},{"floor":11,"key":"Bronze Scales"},{"floor":13,"key":"Tiny Chest"},{"floor":24,"key":"Gremlin Horn"},{"floor":26,"key":"Dead Branch"}],"event_choices":[{"event_name":"Scrap Ooze","player_choice":"success","floor":3,"damage_taken":7},{"event_name":"The Cleric","player_choice":"Card Removal","floor":4,"damage_taken":0},{"event_name":"World of Goop","player_choice":"Gather Gold","floor":5,"damage_taken":0},{"event_name":"Purifier","player_choice":"One Purge","floor":19,"damage_taken":0},{"event_name":"Addict","player_choice":"Obtained Relic","floor":20,"damage_taken":0},{"event_name":"Forgotten Altar","player_choice":"Shed Blood","floor":30,"damage_taken":0}],"is_beta":false,"boss_relics":[{"not_picked":["Eternal Feather","Runic Dome"],"picked":"Sozu"}],"items_purged_floors":[10,14],"is_endless":false,"potions_floor_spawned":[13,16,21,24],"killed_by":"Slavers","ascension_level":7}