{"gold_per_floor":[18,18,18,34,34,57,71,71,97,22,22,58,77,77,77,167,167,191,212,212,38,51,51,51,51,75,75,0,16,16,16,16,114,114,134,559,559,151,151,189,189,189,189,189,227,5,49,73,73,73,73,73,73,17,51,51],"floor_reached":57,"playtime":1398,"items_purged":["Strike_G","Blade Dance+1"],"score":2814,"play_id":"43536f7b-d97b-4723-89b9-641585649201","local_time":"20190815225745","is_ascension_mode":true,"campfire_choices":[{"data":"Deadly Poison","floor":8.0,"key":"SMITH"},{"data":"Choke","floor":11.0,"key":"SMITH"},{"data":"Blade Dance","floor":15.0,"key":"SMITH"},{"data":"Prepared","floor":23.0,"key":"SMITH"},{"floor":27.0,"key":"REST"},{"data":"Catalyst","floor":30.0,"key":"SMITH"},{"data":"Burst","floor":32.0,"key":"SMITH"},{"data":"Footwork","floor":41.0,"key":"SMITH"},{"data":"Catalyst","floor":44.0,"key":"SMITH"},{"floor":49.0,"key":"RECALL"},{"data":"Adrenaline","floor":53.0,"key":"SMITH"}],"neow_cost":"NO_GOLD","seed_source_timestamp":47505260126200,"circlet_count":0,"master_deck":["AscendersBane","Defend_G","Defend_G","Defend_G","Defend_G","Survivor","Neutralize","Deadly Poison+1","Prepared+1","Adrenaline+1","Catalyst+1","Catalyst+1","Dodge and Roll+1","Corpse Explosion","Catalyst","PiercingWail","Burst+1","Footwork+1","Footwork+1","Catalyst+1"],"special_seed":0,"relics":["Ring of the Snake","Golden Idol","Happy Flower","Art of War","Orrery","Snake Skull","Old Coin","ClockworkSouvenir","Frozen Egg 2","Bag of Preparation","Mercury Hourglass","Medical Kit","Ancient Tea Set","Turnip"],"potions_floor_usage":[56,56,56,56],"damage_taken":[{"damage":3.0,"enemies":"Cultist","floor":1.0,"turns":4.0},{"damage":0.0,"enemies":"2 Louse","floor":4.0,"turns":5.0},{"damage":2.0,"enemies":"Small Slimes","floor":6.0,"turns":3.0},{"damage":4.0,"enemies":"3 Louse","floor":7.0,"turns":3.0},{"damage":15.0,"enemies":"Lagavulin","floor":12.0,"turns":7.0},{"damage":2.0,"enemies":"Large Slime","floor":13.0,"turns":4.0},{"damage":39.0,"enemies":"Slime Boss","floor":16.0,"turns":9.0},{"damage":6.0,"enemies":"3 Byrds","floor":18.0,"turns":4.0},{"damage":6.0,"enemies":"Spheric Guardian","floor":19.0,"turns":3.0},{"damage":22.0,"enemies":"Chosen and Byrds","floor":22.0,"turns":7.0},{"damage":5.0,"enemies":"Snecko","floor":29.0,"turns":3.0},{"damage":4.0,"enemies":"Automaton","floor":33.0,"turns":4.0},{"damage":0.0,"enemies":"Orb Walker","floor":35.0,"turns":2.0},{"damage":0.0,"enemies":"Mind Bloom Boss Battle","floor":36.0,"turns":2.0},{"damage":1.0,"enemies":"Nemesis","floor":40.0,"turns":3.0},{"damage":15.0,"enemies":"Reptomancer","floor":45.0,"turns":2.0},{"damage":0.0,"enemies":"Giant Head","floor":47.0,"turns":3.0},{"damage":2.0,"enemies":"3 Shapes","floor":48.0,"turns":4.0},{"damage":4.0,"enemies":"Donu and Deca","floor":50.0,"turns":4.0},{"damage":27.0,"enemies":"Awakened One","floor":51.0,"turns":10.0},{"damage":0.0,"enemies":"Shield and Spear","floor":55.0,"turns":1.0},{"damage":40,"enemies":"The Heart","floor":56,"turns":5}],"seed_played":"4017742693851588434","potions_obtained":[{"floor":1.0,"key":"Block Potion"},{"floor":6.0,"key":"EssenceOfSteel"},{"floor":7.0,"key":"SteroidPotion"},{"floor":22.0,"key":"Strength Potion"},{"floor":48.0,"key":"Strength Potion"},{"floor":55.0,"key":"EntropicBrew"}],"is_trial":false,"path_per_floor":["M","?","?","M","?","M","M","R","T","?","R","E","M","?","R","B",null,"M","M","?","$","M","R","?","?","T","R","$","M","R","?","R","B",null,"M","?","?","$","T","E","R","?","T","R","E","$","E","M","R","B","B",null,"R","$","E","B",null],"character_chosen":"THE_SILENT","items_purchased":["Corpse Explosion","Footwork","ClockworkSouvenir","Medical Kit","Energy Potion"],"campfire_rested":1,"item_purchase_floors":[21,38,38,46,54],"current_hp_per_floor":[56,56,56,56,56,54,50,50,50,50,50,35,33,53,53,14,49,43,37,37,37,15,15,15,15,15,33,33,28,28,28,28,24,51,51,51,51,51,51,50,50,50,50,50,35,35,35,33,33,29,2,46,46,46,46,6],"gold":51,"neow_bonus":"REMOVE_TWO","is_prod":false,"is_daily":false,"chose_seed":false,"campfire_upgraded":9,"win_rate":0,"timestamp":1565881065,"path_taken":["M","?","?","M","?","M","M","R","T","?","R","E","M","?","R","BOSS","M","M","?","$","M","R","?","?","T","R","?","M","R","?","R","BOSS","M","?","?","$","?","E","R","?","T","R","E","$","E","M","R","BOSS","BOSS","R","$","E","BOSS"],"build_version":"2019-07-17","purchased_purges":2,"victory":true,"max_hp_per_floor":[66,60,60,60,60,60,60,60,60,60,60,60,60,60,60,60,60,60,60,60,60,60,60,60,60,60,60,60,60,60,60,60,60,60,60,60,60,60,60,60,60,60,60,60,60,60,60,60,60,60,60,60,60,60,60,60],"card_choices":[{"not_picked":["Finisher","PiercingWail","Infinite Blades"],"picked":"SKIP","floor":1.0},{"not_picked":["PiercingWail","Dagger Throw"],"picked":"Deadly Poison","floor":4.0},{"not_picked":["PiercingWail","Masterful Stab","Underhanded Strike"],"picked":"SKIP","floor":6.0},{"not_picked":["Quick Slash","Acrobatics"],"picked":"Prepared","floor":7.0},{"not_picked":["Dagger Throw","Dagger Spray"],"picked":"Blade Dance","floor":12.0},{"not_picked":["Storm of Steel","Dodge and Roll","Sucker Punch"],"picked":"SKIP","floor":13.0},{"not_picked":["Envenom","Storm of Steel"],"picked":"Adrenaline","floor":16.0},{"not_picked":["Cloak And Dagger","Blade Dance"],"picked":"Catalyst","floor":17.0},{"not_picked":["Bane","Riddle With Holes"],"picked":"Catalyst","floor":17.0},{"not_picked":["Expertise+1","Cloak And Dagger","Heel Hook+1"],"picked":"SKIP","floor":18.0},{"not_picked":["Blur","Outmaneuver"],"picked":"Dodge and Roll+1","floor":19.0},{"not_picked":["Leg Sweep","Skewer"],"picked":"Catalyst","floor":22.0},{"not_picked":["Dash+1","Blade Dance"],"picked":"PiercingWail","floor":29.0},{"not_picked":["Sucker Punch","Deflect+1","Dodge and Roll"],"picked":"SKIP","floor":35.0},{"not_picked":["Dagger Spray","Dodge and Roll","Bane+1"],"picked":"SKIP","floor":40.0},{"not_picked":["Backstab","Underhanded Strike","Heel Hook"],"picked":"SKIP","floor":45.0},{"not_picked":["Setup+1","Crippling Poison"],"picked":"Footwork+1","floor":47.0},{"not_picked":["Leg Sweep+1","Predator"],"picked":"Catalyst+1","floor":48.0},{"not_picked":["Underhanded Strike","Bane","Eviscerate"],"picked":"SKIP","floor":55.0}],"player_experience":806275,"relics_obtained":[{"floor":9.0,"key":"Happy Flower"},{"floor":12.0,"key":"Art of War"},{"floor":26.0,"key":"Snake Skull"},{"floor":36.0,"key":"Old Coin"},{"floor":39.0,"key":"Frozen Egg 2"},{"floor":40.0,"key":"Bag of Preparation"},{"floor":45.0,"key":"Mercury Hourglass"},{"floor":47.0,"key":"Ancient Tea Set"},{"floor":55.0,"key":"Turnip"}],"event_choices":[{"damage_healed":0.0,"max_hp_gain":0.0,"max_hp_loss":6.0,"gold_gain":0.0,"event_name":"Golden Idol","player_choice":"Lose Max HP","floor":2.0,"gold_loss":0.0,"damage_taken":0.0,"relics_obtained":["Golden Idol"]},{"damage_healed":0.0,"max_hp_gain":0.0,"max_hp_loss":0.0,"gold_gain":0.0,"event_name":"Liars Game","player_choice":"Ignored","floor":3.0,"gold_loss":0.0,"damage_taken":0.0},{"damage_healed":0.0,"max_hp_gain":0.0,"max_hp_loss":0.0,"gold_gain":0.0,"cards_transformed":["Strike_G"],"event_name":"Living Wall","player_choice":"Change","floor":5.0,"gold_loss":0.0,"damage_taken":0.0,"cards_obtained":["Choke"]},{"cards_removed":["Strike_G"],"damage_healed":0.0,"max_hp_gain":0.0,"max_hp_loss":0.0,"gold_gain":0.0,"event_name":"The Cleric","player_choice":"Card Removal","floor":10.0,"gold_loss":75.0,"damage_taken":0.0},{"damage_healed":20.0,"max_hp_gain":0.0,"max_hp_loss":0.0,"gold_gain":0.0,"event_name":"Big Fish","player_choice":"Banana","floor":14.0,"gold_loss":0.0,"damage_taken":0.0},{"damage_healed":0.0,"max_hp_gain":0.0,"max_hp_loss":0.0,"gold_gain":0.0,"event_name":"The Mausoleum","player_choice":"Ignored","floor":20.0,"gold_loss":0.0,"damage_taken":0.0},{"damage_healed":0.0,"max_hp_gain":0.0,"max_hp_loss":0.0,"gold_gain":0.0,"event_name":"Cursed Tome","player_choice":"Ignored","floor":24.0,"gold_loss":0.0,"damage_taken":0.0},{"damage_healed":0.0,"max_hp_gain":0.0,"max_hp_loss":0.0,"gold_gain":0.0,"cards_transformed":["Strike_G","Choke"],"event_name":"Drug Dealer","player_choice":"Became Test Subject","floor":31.0,"gold_loss":0.0,"damage_taken":0.0,"cards_obtained":["Glass Knife","Burst"]},{"damage_healed":0.0,"max_hp_gain":0.0,"max_hp_loss":0.0,"gold_gain":0.0,"event_name":"MindBloom","player_choice":"Fight","floor":36.0,"gold_loss":0.0,"damage_taken":0.0},{"cards_removed":["Glass Knife"],"damage_healed":0.0,"max_hp_gain":0.0,"max_hp_loss":0.0,"gold_gain":0.0,"event_name":"Falling","player_choice":"Removed Attack","floor":37.0,"gold_loss":0.0,"damage_taken":0.0},{"damage_healed":0.0,"max_hp_gain":0.0,"max_hp_loss":0.0,"gold_gain":0.0,"event_name":"Tomb of Lord Red Mask","player_choice":"Ignored","floor":42.0,"gold_loss":0.0,"damage_taken":0.0}],"is_beta":false,"boss_relics":[{"not_picked":["Eternal Feather","Coffee Dripper"],"picked":"Orrery"},{"not_picked":["Fusion Hammer","HoveringKite","Snecko Eye"]}],"items_purged_floors":[28,38],"is_endless":false,"potions_floor_spawned":[1,6,7,22,35,48,55],"ascension_level":20}