{"gold_per_floor":[109,109,128,128,138,138,170,181,207,207,238,238,252,177,177,254,254,273,273,95,106,106,106,140,151,151,166,166,186,219,236,236,236],"floor_reached":33,"playtime":935,"items_purged":["Strike_B"],"score":694,"play_id":"63709b0a-f72f-4615-a1a6-3d9ec43c9b1d","local_time":"20190814112608","is_ascension_mode":true,"campfire_choices":[{"data":"Zap","floor":6.0,"key":"SMITH"},{"data":"Coolheaded","floor":10.0,"key":"SMITH"},{"data":"Turbo","floor":15.0,"key":"SMITH"},{"data":"Defragment","floor":23.0,"key":"SMITH"},{"data":"Biased Cognition","floor":32,"key":"SMITH"}],"neow_cost":"NONE","seed_source_timestamp":0,"circlet_count":0,"master_deck":["AscendersBane","Strike_B","Strike_B","Strike_B","Defend_B","Defend_B","Defend_B","Defend_B","Zap+1","Dualcast","Ball Lightning+1","White Noise","Compile Driver","Chill+1","Coolheaded+1","Coolheaded","Turbo+1","Biased Cognition+1","Core Surge","Defragment+1","Skim","Ghostly","Ghostly","Ghostly"],"special_seed":0,"relics":["Runic Pyramid","DataDisk","Juzu Bracelet","Runic Dome","Bottled Tornado","Bronze Scales","Happy Flower"],"potions_floor_usage":[30,30,30,30],"damage_taken":[{"damage":2.0,"enemies":"Cultist","floor":1.0,"turns":4.0},{"damage":7.0,"enemies":"Jaw Worm","floor":3.0,"turns":3.0},{"damage":11.0,"enemies":"Small Slimes","floor":5.0,"turns":4.0},{"damage":8.0,"enemies":"Gremlin Nob","floor":7.0,"turns":3.0},{"damage":0.0,"enemies":"2 Fungi Beasts","floor":8.0,"turns":3.0},{"damage":14.0,"enemies":"3 Sentries","floor":11.0,"turns":9.0},{"damage":1.0,"enemies":"Exordium Wildlife","floor":13.0,"turns":3.0},{"damage":0.0,"enemies":"Slime Boss","floor":16.0,"turns":9.0},{"damage":2.0,"enemies":"Shell Parasite","floor":18.0,"turns":4.0},{"damage":0.0,"enemies":"3 Byrds","floor":21.0,"turns":5.0},{"damage":4.0,"enemies":"Gremlin Leader","floor":24.0,"turns":6.0},{"damage":19,"enemies":"Snake Plant","floor":25,"turns":3},{"damage":13,"enemies":"Centurion and Healer","floor":27,"turns":4},{"damage":0,"enemies":"3 Cultists","floor":29,"turns":5},{"damage":14,"enemies":"Book of Stabbing","floor":30,"turns":4},{"damage":0,"enemies":"Shelled Parasite and Fungi","floor":31,"turns":5},{"damage":6,"enemies":"Collector","floor":33,"turns":5}],"seed_played":"69837835122299706","potions_obtained":[{"floor":3.0,"key":"Ancient Potion"},{"floor":5.0,"key":"AttackPotion"},{"floor":11.0,"key":"Fire Potion"},{"floor":13.0,"key":"Energy Potion"},{"floor":18.0,"key":"Weak Potion"},{"floor":24.0,"key":"EntropicBrew"},{"floor":30,"key":"FocusPotion"}],"is_trial":false,"path_per_floor":["M","?","M","?","M","R","E","M","T","R","E","?","M","$","R","B",null,"M","?","$","M","?","R","E","M","T","M","?","M","E","M","R","B"],"character_chosen":"DEFECT","items_purchased":["Core Surge"],"campfire_rested":0,"item_purchase_floors":[20],"current_hp_per_floor":[62,67,60,60,49,49,41,41,41,41,27,4,3,3,3,3,58,56,56,56,56,56,56,52,33,33,20,20,20,6,6,6,0],"gold":236,"neow_bonus":"BOSS_RELIC","is_prod":false,"is_daily":false,"chose_seed":false,"campfire_upgraded":5,"win_rate":0,"timestamp":1565753168,"path_taken":["M","?","M","?","?","R","E","M","T","R","E","?","M","$","R","BOSS","M","?","$","M","?","R","E","M","T","M","?","M","E","M","R","BOSS"],"build_version":"2019-07-17","purchased_purges":1,"victory":false,"max_hp_per_floor":[71,76,76,76,76,76,76,76,76,76,76,76,76,76,76,76,76,76,76,76,76,76,76,76,76,76,76,38,38,38,38,38,38],"card_choices":[{"not_picked":["Conserve Battery","Stack"],"picked":"Ball Lightning","floor":1.0},{"not_picked":["Go for the Eyes","Rebound"],"picked":"White Noise","floor":3.0},{"not_picked":["Conserve Battery","FTL"],"picked":"Chill","floor":5.0},{"not_picked":["BootSequence","Scrape"],"picked":"Coolheaded","floor":7.0},{"not_picked":["Conserve Battery","Gash","Go for the Eyes"],"picked":"SKIP","floor":8.0},{"not_picked":["Loop","Steam Power"],"picked":"Coolheaded","floor":11.0},{"not_picked":["Streamline","Fusion"],"picked":"Turbo","floor":13.0},{"not_picked":["Echo Form","Thunder Strike"],"picked":"Biased Cognition","floor":16.0},{"not_picked":["Steam","Rebound","Sweeping Beam"],"picked":"SKIP","floor":18.0},{"not_picked":["Coolheaded","Hologram"],"picked":"Defragment","floor":21.0},{"not_picked":["Streamline","Coolheaded"],"picked":"Skim","floor":24.0},{"not_picked":["Sweeping Beam+1","Redo","Go for the Eyes+1"],"picked":"SKIP","floor":25},{"not_picked":["Reinforced Body","Sweeping Beam","White Noise"],"picked":"SKIP","floor":27},{"not_picked":["Sweeping Beam","Buffer","Fusion"],"picked":"SKIP","floor":29},{"not_picked":["Beam Cell+1","Force Field","Stack+1"],"picked":"SKIP","floor":30},{"not_picked":["Cold Snap+1","Sweeping Beam","Go for the Eyes"],"picked":"SKIP","floor":31}],"player_experience":800017,"relics_obtained":[{"floor":7.0,"key":"DataDisk"},{"floor":11.0,"key":"Juzu Bracelet"},{"floor":24.0,"key":"Bottled Tornado"},{"floor":26,"key":"Bronze Scales"},{"floor":30,"key":"Happy Flower"}],"event_choices":[{"damage_healed":0.0,"max_hp_gain":5.0,"max_hp_loss":0.0,"gold_gain":0.0,"event_name":"Big Fish","player_choice":"Donut","floor":2.0,"gold_loss":0.0,"damage_taken":0.0},{"damage_healed":0.0,"max_hp_gain":0.0,"max_hp_loss":0.0,"gold_gain":0.0,"event_name":"Match and Keep!","player_choice":"1 cards matched","floor":4.0,"gold_loss":0.0,"damage_taken":0.0,"cards_obtained":["Compile Driver"]},{"damage_healed":0.0,"max_hp_gain":0.0,"max_hp_loss":0.0,"gold_gain":0.0,"event_name":"Shining Light","player_choice":"Entered Light","floor":12.0,"gold_loss":0.0,"damage_taken":23.0,"cards_upgraded":["Chill","Ball Lightning"]},{"damage_healed":0.0,"max_hp_gain":0.0,"max_hp_loss":0.0,"gold_gain":0.0,"event_name":"Vampires","player_choice":"Ignored","floor":19.0,"gold_loss":0.0,"damage_taken":0.0},{"damage_healed":0.0,"max_hp_gain":0.0,"max_hp_loss":0.0,"gold_gain":0.0,"event_name":"Cursed Tome","player_choice":"Ignored","floor":22.0,"gold_loss":0.0,"damage_taken":0.0},{"damage_healed":0,"gold_gain":0,"player_choice":"Became a Ghost","damage_taken":0,"max_hp_gain":0,"max_hp_loss":38,"event_name":"Ghosts","floor":28,"gold_loss":0,"cards_obtained":["Ghostly","Ghostly","Ghostly"]}],"is_beta":false,"boss_relics":[{"not_picked":["Busted Crown","Eternal Feather"],"picked":"Runic Dome"}],"items_purged_floors":[14],"is_endless":false,"potions_floor_spawned":[3,5,11,13,16,18,24,27,30],"killed_by":"Collector","ascension_level":20}