{"gold_per_floor":[113,127,141,141,156,156,189,189,213,213,7,7,7,21,21,123,123,134,61,61,160,185,185,218,218],"floor_reached":25,"playtime":2196,"items_purged":[],"score":260,"play_id":"5c250655-53e6-43bf-90f7-d655487c3335","local_time":"20180804235502","is_ascension_mode":true,"campfire_choices":[{"data":"White Noise","floor":6,"key":"SMITH"},{"data":"White Noise","floor":8,"key":"SMITH"},{"data":"Apotheosis","floor":12,"key":"SMITH"},{"floor":15,"key":"REST"},{"floor":23,"key":"REST"}],"neow_cost":"NONE","seed_source_timestamp":1382988106975903,"circlet_count":0,"master_deck":["Zap","Dualcast","Buffer","Chill+1","White Noise+1","White Noise+1","Tempest","Cold Snap","Apotheosis+1","Fusion","Echo Form","Compile Driver","Turbo","Leap","Force Field","Go for the Eyes","Steam","Meteor Strike","Coolheaded+1","Leap+1"],"relics":["Cracked Core","Juzu Bracelet","Bag of Marbles","Pandora\u0027s Box","Red Mask","Lantern"],"potions_floor_usage":[7],"damage_taken":[{"damage":0,"enemies":"Small Slimes","floor":1,"turns":4},{"damage":0,"enemies":"2 Louse","floor":2,"turns":2},{"damage":5,"enemies":"Jaw Worm","floor":3,"turns":3},{"damage":14,"enemies":"2 Fungi Beasts","floor":5,"turns":5},{"damage":18,"enemies":"Lagavulin","floor":7,"turns":8},{"damage":8,"enemies":"Lots of Slimes","floor":14,"turns":3},{"damage":18,"enemies":"Slime Boss","floor":16,"turns":8},{"damage":37,"enemies":"Chosen","floor":18,"turns":5},{"damage":39,"floor":22,"turns":10},{"damage":31,"enemies":"Slavers","floor":24,"turns":5}],"seed_played":"-8001787499412743558","potions_obtained":[{"floor":2,"key":"FearPotion"},{"floor":5,"key":"EssenceOfSteel"},{"floor":16,"key":"FearPotion"}],"is_trial":false,"path_per_floor":["M","M","M","?","M","R","E","R","T","?","$","R","?","M","R","B",null,"M","$","?","?","?","R","E"],"character_chosen":"DEFECT","items_purchased":["Apotheosis","Meteor Strike"],"campfire_rested":2,"item_purchase_floors":[11,19],"current_hp_per_floor":[75,75,75,75,61,61,43,43,43,43,43,43,43,42,64,46,75,45,45,45,45,13,35,4,0],"gold":218,"neow_bonus":"ONE_RANDOM_RARE_CARD","is_prod":false,"is_daily":false,"chose_seed":false,"campfire_upgraded":3,"win_rate":0,"timestamp":1533441302,"path_taken":["M","M","M","?","M","R","E","R","T","?","$","R","?","M","R","BOSS","M","$","?","?","?","R","E","?"],"build_version":"2018-08-02","purchased_purges":0,"victory":false,"max_hp_per_floor":[75,75,75,75,75,75,75,75,75,75,75,75,75,75,75,75,75,75,75,75,75,75,75,75,75],"card_choices":[{"not_picked":["Compile Driver","Turbo"],"picked":"Chill","floor":1},{"not_picked":["Steam","Undo"],"picked":"White Noise","floor":2},{"not_picked":["Lockon","Sweeping Beam","Cold Snap"],"picked":"SKIP","floor":3},{"not_picked":["Consume","Cold Snap"],"picked":"White Noise","floor":5},{"not_picked":["Scrape","Cold Snap"],"picked":"Tempest","floor":7},{"not_picked":["Conserve Battery","Stack"],"picked":"Fusion","floor":14},{"not_picked":["Hyperbeam","Buffer"],"picked":"Echo Form","floor":16},{"not_picked":["Compile Driver","Rebound+1"],"picked":"Steam","floor":18},{"not_picked":["Compile Driver+1","Auto Shields"],"picked":"Coolheaded+1","floor":22},{"not_picked":["Hyperbeam","Rebound+1"],"picked":"Leap+1","floor":24}],"player_experience":183521,"relics_obtained":[{"floor":7,"key":"Juzu Bracelet"},{"floor":9,"key":"Bag of Marbles"},{"floor":22,"key":"Red Mask"},{"floor":24,"key":"Lantern"}],"event_choices":[{"event_name":"Living Wall","player_choice":"Forget","floor":4,"damage_taken":0},{"event_name":"Transmorgrifier","player_choice":"Transform","floor":10,"damage_taken":0},{"event_name":"Upgrade Shrine","player_choice":"Upgraded","floor":13,"damage_taken":0},{"event_name":"Back to Basics","player_choice":"Elegance","floor":20,"damage_taken":0},{"event_name":"Nest","player_choice":"Stole From Cult","floor":21,"damage_taken":0},{"event_name":"Masked Bandits","player_choice":"Fought over 160 gold","floor":22,"damage_taken":0}],"is_beta":false,"boss_relics":[{"not_picked":["White Beast Statue","FrozenCore"],"picked":"Pandora\u0027s Box"}],"items_purged_floors":[],"is_endless":false,"potions_floor_spawned":[2,5,16],"ascension_level":4}