{"gold_per_floor":[111,111,111,111,124,159,169,169,238,238,252,264,281,50,50,127,127,138,138,152,152,152,167,167,182,206,22,32,88,88,105,105,184,184,197,246,246,20,20,52,52,87,87,115,129,229,229,229,229,229,229,229,229,47,73,73],"floor_reached":57,"playtime":2908,"items_purged":["Strike_G","Defend_G","Defend_G"],"score":3491,"play_id":"e930d5ff-38a0-45c2-b188-3a5291ea1652","local_time":"20190810222109","is_ascension_mode":true,"campfire_choices":[{"data":"Deadly Poison","floor":8.0,"key":"SMITH"},{"data":"Footwork","floor":10.0,"key":"SMITH"},{"data":"Caltrops","floor":15.0,"key":"SMITH"},{"data":"Neutralize","floor":24.0,"key":"SMITH"},{"floor":30.0,"key":"REST"},{"data":"Tactician","floor":32.0,"key":"SMITH"},{"floor":41.0,"key":"RECALL"},{"data":"Corpse Explosion","floor":49.0,"key":"PURGE"},{"data":"Purity","floor":53.0,"key":"SMITH"}],"neow_cost":"NONE","seed_source_timestamp":0,"circlet_count":0,"master_deck":["AscendersBane","Defend_G","Survivor","Neutralize+1","Deadly Poison+1","Caltrops+1","Neutralize+1","Footwork+1","Backflip","Acrobatics+1","Tactician+1","Purity+1","Neutralize+1"],"special_seed":0,"relics":["Ring of the Snake","NeowsBlessing","Regal Pillow","Empty Cage","Vajra","Tiny Chest","Runic Pyramid","Gambling Chip","TheAbacus","Boot","Whetstone","Juzu Bracelet","Bag of Marbles","Peace Pipe","Orichalcum"],"potions_floor_usage":[56,56],"damage_taken":[{"damage":0.0,"enemies":"Jaw Worm","floor":1.0,"turns":1.0},{"damage":0.0,"enemies":"Small Slimes","floor":5.0,"turns":1.0},{"damage":0.0,"enemies":"Gremlin Nob","floor":6.0,"turns":1.0},{"damage":3.0,"enemies":"Cultist","floor":7.0,"turns":4.0},{"damage":11.0,"enemies":"Lots of Slimes","floor":11.0,"turns":5.0},{"damage":7.0,"enemies":"Red Slaver","floor":12.0,"turns":4.0},{"damage":2.0,"enemies":"Exordium Wildlife","floor":13.0,"turns":6.0},{"damage":13.0,"enemies":"The Guardian","floor":16.0,"turns":11.0},{"damage":6.0,"enemies":"Chosen","floor":18.0,"turns":6.0},{"damage":5.0,"enemies":"Spheric Guardian","floor":20.0,"turns":5.0},{"damage":0.0,"enemies":"Centurion and Healer","floor":23.0,"turns":7.0},{"damage":27.0,"enemies":"Snecko","floor":25.0,"turns":7.0},{"damage":9.0,"enemies":"3 Cultists","floor":28.0,"turns":4.0},{"damage":6.0,"enemies":"Book of Stabbing","floor":29.0,"turns":6.0},{"damage":10.0,"enemies":"Chosen and Byrds","floor":31.0,"turns":6.0},{"damage":0.0,"enemies":"Automaton","floor":33.0,"turns":6.0},{"damage":0.0,"enemies":"Orb Walker","floor":35.0,"turns":4.0},{"damage":0.0,"enemies":"2 Orb Walkers","floor":36.0,"turns":3.0},{"damage":0.0,"enemies":"Giant Head","floor":40.0,"turns":2.0},{"damage":3.0,"enemies":"Nemesis","floor":42.0,"turns":7.0},{"damage":0.0,"enemies":"Giant Head","floor":44.0,"turns":3.0},{"damage":0.0,"enemies":"3 Darklings","floor":45.0,"turns":3.0},{"damage":0.0,"enemies":"Mind Bloom Boss Battle","floor":46.0,"turns":5.0},{"damage":0.0,"enemies":"Time Eater","floor":50.0,"turns":11.0},{"damage":0.0,"enemies":"Donu and Deca","floor":51.0,"turns":8.0},{"damage":0,"enemies":"Shield and Spear","floor":55,"turns":4},{"damage":27,"enemies":"The Heart","floor":56,"turns":6}],"seed_played":"-4578322421276479144","potions_obtained":[{"floor":5.0,"key":"Fire Potion"},{"floor":7.0,"key":"Block Potion"},{"floor":20.0,"key":"Explosive Potion"},{"floor":23.0,"key":"PowerPotion"},{"floor":29.0,"key":"AttackPotion"},{"floor":31.0,"key":"Weak Potion"}],"is_trial":false,"path_per_floor":["M","?","?","?","M","E","M","R","T","R","M","M","M","$","R","B",null,"M","?","M","?","?","M","R","M","T","$","M","E","R","M","R","B",null,"M","?","?","$","?","E","R","E","T","E","M","?","$","?","R","B","B",null,"R","$","E","B",null],"character_chosen":"THE_SILENT","items_purchased":["Corpse Explosion","GhostInAJar","TheAbacus","PowerPotion"],"campfire_rested":1,"item_purchase_floors":[14,27,38,54],"current_hp_per_floor":[59,52,52,52,52,52,49,49,49,49,38,31,29,29,29,16,54,48,48,43,43,43,43,43,16,16,16,7,1,35,25,25,25,56,56,56,46,46,46,46,46,43,43,43,43,43,43,43,43,43,43,60,60,60,60,33],"gold":73,"neow_bonus":"THREE_ENEMY_KILL","is_prod":false,"is_daily":false,"chose_seed":false,"campfire_upgraded":6,"win_rate":0,"timestamp":1565446869,"path_taken":["M","?","?","?","M","E","M","R","T","R","M","M","?","?","R","BOSS","M","?","?","?","?","M","R","M","T","$","M","E","R","M","R","BOSS","M","?","?","$","?","E","R","E","T","E","M","?","$","?","R","BOSS","BOSS","R","$","E","BOSS"],"build_version":"2019-07-17","purchased_purges":3,"victory":true,"max_hp_per_floor":[66,66,66,66,66,66,66,66,66,66,66,66,66,66,66,66,66,66,66,66,66,66,66,66,66,66,66,66,66,66,66,66,66,66,66,66,66,66,66,66,66,66,66,66,66,66,66,66,66,66,66,66,66,66,66,66],"card_choices":[{"not_picked":["Prepared","Flying Knee"],"picked":"Deadly Poison","floor":1.0},{"not_picked":["Caltrops","Crippling Poison","Blur"],"picked":"SKIP","floor":5.0},{"not_picked":["Concentrate","Expertise","Sucker Punch"],"picked":"SKIP","floor":6.0},{"not_picked":["Concentrate","Expertise","Sucker Punch"],"picked":"SKIP","floor":6.0},{"not_picked":["Underhanded Strike","Poisoned Stab"],"picked":"Footwork","floor":7.0},{"not_picked":["Deflect","Acrobatics","Outmaneuver"],"picked":"SKIP","floor":11.0},{"not_picked":["Riddle With Holes","Quick Slash","Sucker Punch"],"picked":"SKIP","floor":12.0},{"not_picked":["Sucker Punch","Underhanded Strike","Dagger Spray"],"picked":"SKIP","floor":13.0},{"not_picked":["Distraction","Dodge and Roll","Heel Hook"],"picked":"SKIP","floor":18.0},{"not_picked":["Poisoned Stab","Terror","Underhanded Strike"],"picked":"SKIP","floor":20.0},{"not_picked":["Finisher","Bouncing Flask"],"picked":"Acrobatics+1","floor":23.0},{"not_picked":["Poisoned Stab","Caltrops","Distraction"],"picked":"SKIP","floor":25.0},{"not_picked":["Masterful Stab+1","Leg Sweep","Quick Slash"],"picked":"SKIP","floor":28.0},{"not_picked":["Bane+1","Crippling Poison","Infinite Blades"],"picked":"SKIP","floor":29.0},{"not_picked":["Quick Slash","PiercingWail"],"picked":"Tactician","floor":31.0},{"not_picked":["Reflex","Endless Agony+1","Bouncing Flask"],"picked":"SKIP","floor":35.0},{"not_picked":["Mayhem","Jack Of All Trades"],"picked":"Purity","floor":37.0},{"not_picked":["Bane+1","Calculated Gamble","Distraction"],"picked":"SKIP","floor":40.0},{"not_picked":["Flying Knee","Sucker Punch+1","Underhanded Strike"],"picked":"SKIP","floor":42.0},{"not_picked":["Crippling Poison","Underhanded Strike","Noxious Fumes"],"picked":"SKIP","floor":44.0},{"not_picked":["Predator","Underhanded Strike","Backflip"],"picked":"SKIP","floor":45.0},{"not_picked":["Dagger Throw","Choke","All Out Attack"],"picked":"SKIP","floor":55}],"player_experience":771683,"relics_obtained":[{"floor":6.0,"key":"Regal Pillow"},{"floor":26.0,"key":"Vajra"},{"floor":29.0,"key":"Tiny Chest"},{"floor":36.0,"key":"Gambling Chip"},{"floor":40.0,"key":"Boot"},{"floor":42.0,"key":"Whetstone"},{"floor":43.0,"key":"Juzu Bracelet"},{"floor":44.0,"key":"Bag of Marbles"},{"floor":46.0,"key":"Peace Pipe"},{"floor":55,"key":"Orichalcum"}],"event_choices":[{"cards_removed":["Strike_G"],"damage_healed":0.0,"max_hp_gain":0.0,"max_hp_loss":0.0,"gold_gain":0.0,"event_name":"Golden Wing","player_choice":"Card Removal","floor":2.0,"gold_loss":0.0,"damage_taken":7.0},{"damage_healed":0.0,"max_hp_gain":0.0,"max_hp_loss":0.0,"gold_gain":0.0,"cards_transformed":["Strike_G"],"event_name":"Living Wall","player_choice":"Change","floor":3.0,"gold_loss":0.0,"damage_taken":0.0,"cards_obtained":["Caltrops"]},{"damage_healed":0.0,"max_hp_gain":0.0,"max_hp_loss":0.0,"gold_gain":0.0,"event_name":"Match and Keep!","player_choice":"1 cards matched","floor":4.0,"gold_loss":0.0,"damage_taken":0.0,"cards_obtained":["Neutralize"]},{"damage_healed":0.0,"max_hp_gain":0.0,"max_hp_loss":0.0,"gold_gain":0.0,"event_name":"Upgrade Shrine","player_choice":"Upgraded","floor":19.0,"gold_loss":0.0,"damage_taken":0.0,"cards_upgraded":["Neutralize"]},{"damage_healed":0.0,"max_hp_gain":0.0,"max_hp_loss":0.0,"gold_gain":0.0,"event_name":"The Library","player_choice":"Read","floor":21.0,"gold_loss":0.0,"damage_taken":0.0,"cards_obtained":["Backflip"]},{"cards_removed":["Defend_G"],"damage_healed":0.0,"max_hp_gain":0.0,"max_hp_loss":0.0,"gold_gain":0.0,"event_name":"Back to Basics","player_choice":"Elegance","floor":22.0,"gold_loss":0.0,"damage_taken":0.0},{"damage_healed":0.0,"max_hp_gain":0.0,"max_hp_loss":0.0,"gold_gain":0.0,"event_name":"Mysterious Sphere","player_choice":"Fight","floor":36.0,"gold_loss":0.0,"damage_taken":0.0},{"damage_healed":0.0,"max_hp_gain":0.0,"max_hp_loss":0.0,"gold_gain":0.0,"event_name":"SensoryStone","player_choice":"Memory 3","floor":37.0,"gold_loss":0.0,"damage_taken":10.0},{"cards_removed":["Defend_G"],"damage_healed":0.0,"max_hp_gain":0.0,"max_hp_loss":0.0,"gold_gain":0.0,"event_name":"Falling","player_choice":"Removed Skill","floor":39.0,"gold_loss":0.0,"damage_taken":0.0},{"damage_healed":0.0,"max_hp_gain":0.0,"max_hp_loss":0.0,"gold_gain":0.0,"event_name":"MindBloom","player_choice":"Fight","floor":46.0,"gold_loss":0.0,"damage_taken":0.0},{"damage_healed":0.0,"max_hp_gain":0.0,"max_hp_loss":0.0,"gold_gain":0.0,"event_name":"Duplicator","player_choice":"Copied","floor":48.0,"gold_loss":0.0,"damage_taken":0.0,"cards_obtained":["Neutralize"]}],"is_beta":false,"boss_relics":[{"not_picked":["Black Star","Velvet Choker"],"picked":"Empty Cage"},{"not_picked":["Philosopher\u0027s Stone","Sozu"],"picked":"Runic Pyramid"}],"items_purged_floors":[14,27,54],"is_endless":false,"potions_floor_spawned":[5,7,11,13,20,23,29,31,36,42,45,46,55],"ascension_level":20}