{"gold_per_floor":[118,132,152,169,188,188,213,213,263,298,263,263,263,263,263,342,342,353,353,199,210,210,235,235,249,330,330],"floor_reached":27,"playtime":1242,"items_purged":["Writhe"],"score":422,"play_id":"aa0f10db-5895-41e9-9204-5c13ec143f87","local_time":"20190821131220","is_ascension_mode":true,"campfire_choices":[{"data":"Glass Knife","floor":6,"key":"SMITH"},{"data":"Dodge and Roll","floor":13,"key":"SMITH"},{"floor":15,"key":"REST"},{"floor":24,"key":"REST"}],"neow_cost":"NONE","seed_source_timestamp":268399563576300,"circlet_count":0,"master_deck":["AscendersBane","Strike_G","Strike_G","Strike_G","Strike_G","Defend_G","Defend_G","Defend_G","Defend_G","Defend_G","Survivor","Neutralize","Prepared","Quick Slash","Dodge and Roll+1","Glass Knife+1","Infinite Blades","Cloak And Dagger","Sucker Punch","Setup","Die Die Die","Dagger Spray","Dash","Noxious Fumes+1","Poisoned Stab"],"relics":["Ring of the Serpent","Centennial Puzzle","Question Card","Juzu Bracelet","Ninja Scroll","Snake Skull","Regal Pillow","Singing Bowl"],"potions_floor_usage":[7,10,16],"damage_taken":[{"damage":0,"enemies":"2 Louse","floor":1,"turns":3},{"damage":0,"enemies":"Small Slimes","floor":2,"turns":3},{"damage":0,"enemies":"Cultist","floor":3,"turns":4},{"damage":12,"enemies":"Large Slime","floor":4,"turns":10},{"damage":4,"enemies":"Blue Slaver","floor":5,"turns":5},{"damage":14,"enemies":"Lagavulin","floor":7,"turns":7},{"damage":12,"enemies":"Gremlin Nob","floor":10,"turns":3},{"damage":38,"enemies":"Hexaghost","floor":16,"turns":14},{"damage":7,"enemies":"Shell Parasite","floor":18,"turns":5},{"damage":0,"enemies":"Chosen","floor":21,"turns":4},{"damage":37,"enemies":"Slavers","floor":23,"turns":7},{"damage":36,"enemies":"Snake Plant","floor":25,"turns":5},{"damage":7,"enemies":"Shelled Parasite and Fungi","floor":27,"turns":1}],"seed_played":"-434982409580545072","potions_obtained":[{"floor":1,"key":"Explosive Potion"},{"floor":7,"key":"FearPotion"},{"floor":10,"key":"Poison Potion"},{"floor":25,"key":"Strength Potion"}],"is_trial":false,"path_per_floor":["M","M","M","M","M","R","E","?","T","E","?","?","R","?","R","B",null,"M","?","$","M","$","E","R","M","T","M"],"character_chosen":"THE_SILENT","items_purchased":["Dash"],"campfire_rested":2,"item_purchase_floors":[20],"current_hp_per_floor":[59,59,59,47,43,43,29,29,29,17,33,33,33,33,52,14,53,46,46,46,46,46,9,43,7,7,0],"gold":330,"neow_bonus":"RANDOM_COMMON_RELIC","is_prod":false,"is_daily":false,"chose_seed":false,"campfire_upgraded":2,"win_rate":0,"timestamp":1566364340,"path_taken":["M","M","M","M","M","R","E","?","T","E","?","?","R","?","R","BOSS","M","?","$","M","$","E","R","M","T","M"],"build_version":"2019-07-17","purchased_purges":1,"victory":false,"max_hp_per_floor":[66,66,66,66,66,66,66,66,66,66,66,66,66,66,66,66,66,66,66,66,66,66,66,66,66,66,66],"card_choices":[{"not_picked":["Flechettes","Acrobatics"],"picked":"Prepared","floor":1},{"not_picked":["Dagger Throw","Dodge and Roll"],"picked":"Quick Slash","floor":2},{"not_picked":["Dagger Throw","Concentrate"],"picked":"Dodge and Roll","floor":3},{"not_picked":["Dodge and Roll","Quick Slash"],"picked":"Glass Knife","floor":4},{"not_picked":["Acrobatics","Flying Knee"],"picked":"Infinite Blades","floor":5},{"not_picked":["Backflip","Slice"],"picked":"Cloak And Dagger","floor":7},{"not_picked":["Bane","Accuracy","Underhanded Strike"],"picked":"Sucker Punch","floor":10},{"not_picked":["Glass Knife","Bullet Time","Doppelganger"],"picked":"Die Die Die","floor":16},{"not_picked":["Slice","Prepared+1","Catalyst"],"picked":"Dagger Spray","floor":18},{"not_picked":["Deadly Poison","Skewer","Dagger Spray"],"picked":"Noxious Fumes+1","floor":21},{"not_picked":["Masterful Stab","Blade Dance","Quick Slash","Finisher"],"picked":"SKIP","floor":23},{"not_picked":["Burst","Footwork","Prepared"],"picked":"Poisoned Stab","floor":25}],"player_experience":887075,"relics_obtained":[{"floor":7,"key":"Question Card"},{"floor":9,"key":"Juzu Bracelet"},{"floor":10,"key":"Ninja Scroll"},{"floor":23,"key":"Regal Pillow"},{"floor":26,"key":"Singing Bowl"}],"event_choices":[{"damage_healed":0,"gold_gain":0,"player_choice":"Ignored","damage_taken":0,"max_hp_gain":0,"max_hp_loss":0,"event_name":"Shining Light","floor":8,"gold_loss":0},{"damage_healed":16,"gold_gain":0,"player_choice":"Healed","damage_taken":0,"max_hp_gain":0,"max_hp_loss":0,"event_name":"The Cleric","floor":11,"gold_loss":35},{"damage_healed":0,"gold_gain":0,"player_choice":"0 cards matched","damage_taken":0,"max_hp_gain":0,"max_hp_loss":0,"event_name":"Match and Keep!","floor":12,"gold_loss":0,"cards_obtained":[]},{"damage_healed":0,"gold_gain":0,"cards_transformed":["Strike_G"],"player_choice":"Change","damage_taken":0,"max_hp_gain":0,"max_hp_loss":0,"event_name":"Living Wall","floor":14,"gold_loss":0,"cards_obtained":["Setup"]},{"damage_healed":0,"gold_gain":0,"player_choice":"Opened","damage_taken":0,"relics_obtained":["Snake Skull"],"max_hp_gain":0,"max_hp_loss":0,"event_name":"The Mausoleum","floor":19,"gold_loss":0,"cards_obtained":["Writhe"]}],"is_beta":false,"boss_relics":[{"not_picked":["Pandora\u0027s Box","Calling Bell"],"picked":"Ring of the Serpent"}],"items_purged_floors":[20],"is_endless":false,"potions_floor_spawned":[1,7,10,25],"killed_by":"Shelled Parasite and Fungi","ascension_level":15}