{"gold_per_floor":[112,126,51,51,51,51,51,80,106,121,121,156,156,170,170,243,243,261,261,261,36,55,55,68,68,68,81,97,0,0,0,0,0],"floor_reached":33,"playtime":1986,"items_purged":["Regret"],"score":481,"play_id":"09975516-7a10-4bfe-9985-66f258600472","local_time":"20181024215935","is_ascension_mode":true,"campfire_choices":[{"data":"Zap","floor":6,"key":"SMITH"},{"data":"Biased Cognition","floor":11,"key":"SMITH"},{"data":"Biased Cognition","floor":13,"key":"SMITH"},{"floor":15,"key":"REST"},{"floor":23,"key":"REST"},{"floor":25,"key":"REST"},{"floor":32,"key":"REST"}],"neow_cost":"CURSE","seed_source_timestamp":1293915884387094,"circlet_count":0,"master_deck":["Strike_B","Strike_B","Strike_B","Defend_B","Defend_B","Defend_B","Defend_B","Zap+1","Dualcast","AscendersBane","Conserve Battery","Streamline+1","Biased Cognition+1","Biased Cognition+1","Coolheaded","Static Discharge","Ball Lightning","Seek","Necronomicurse","Capacitor","Undo+1","Coolheaded"],"relics":["Cracked Core","Thread and Needle","Blue Candle","Orichalcum","Torii","Snecko Eye","Necronomicon","Tiny Chest","Blood Vial","Mercury Hourglass"],"potions_floor_usage":[27,28,33],"damage_taken":[{"damage":2,"enemies":"Small Slimes","floor":1,"turns":3},{"damage":2,"enemies":"Cultist","floor":2,"turns":3},{"damage":6,"enemies":"Lagavulin","floor":8,"turns":5},{"damage":0,"enemies":"2 Louse","floor":10,"turns":2},{"damage":12,"enemies":"Gremlin Nob","floor":12,"turns":4},{"damage":10,"enemies":"Exordium Thugs","floor":14,"turns":4},{"damage":18,"enemies":"Slime Boss","floor":16,"turns":7},{"damage":2,"enemies":"2 Thieves","floor":18,"turns":4},{"damage":13,"enemies":"3 Byrds","floor":22,"turns":5},{"damage":10,"enemies":"3 Cultists","floor":24,"turns":5},{"damage":14,"enemies":"Centurion and Healer","floor":27,"turns":5},{"damage":24,"enemies":"Shelled Parasite and Fungi","floor":28,"turns":4},{"damage":59,"enemies":"Collector","floor":33,"turns":6}],"seed_played":"8926164415506989006","potions_obtained":[{"floor":8,"key":"SteroidPotion"},{"floor":16,"key":"Dexterity Potion"},{"floor":18,"key":"Ancient Potion"},{"floor":24,"key":"Ancient Potion"},{"floor":27,"key":"AttackPotion"}],"is_trial":false,"path_per_floor":["M","M","$","?","?","R","?","E","T","M","R","E","R","M","R","B",null,"M","?","?","$","M","R","M","R","T","M","M","?","$","T","R"],"character_chosen":"DEFECT","items_purchased":["Capacitor","Tiny Chest"],"campfire_rested":4,"item_purchase_floors":[21,21],"current_hp_per_floor":[62,60,60,60,60,60,53,47,47,47,47,35,35,25,46,28,60,58,37,37,37,24,45,35,56,56,44,22,22,22,22,43,0],"gold":0,"neow_bonus":"ONE_RARE_RELIC","is_prod":false,"is_daily":false,"chose_seed":false,"campfire_upgraded":3,"win_rate":0,"timestamp":1540432775,"path_taken":["M","M","$","?","?","R","?","E","T","?","R","E","R","M","R","BOSS","M","?","?","$","M","R","M","R","T","M","M","?","?","?","R","BOSS"],"build_version":"2018-10-18","purchased_purges":1,"victory":false,"max_hp_per_floor":[71,71,71,71,71,71,71,71,71,71,71,71,71,71,71,71,71,71,71,71,71,71,71,71,71,71,71,71,71,71,71,71,71],"card_choices":[{"not_picked":["Go for the Eyes","Barrage"],"picked":"Conserve Battery","floor":1},{"not_picked":["Compile Driver","Sweeping Beam"],"picked":"Streamline","floor":2},{"not_picked":["Sweeping Beam","Stack"],"picked":"Biased Cognition","floor":8},{"not_picked":["Go for the Eyes","Sweeping Beam"],"picked":"Coolheaded","floor":10},{"not_picked":["Beam Cell","Genetic Algorithm"],"picked":"Static Discharge","floor":12},{"not_picked":["Turbo","Cold Snap"],"picked":"Ball Lightning","floor":14},{"not_picked":["All For One","Fission"],"picked":"Seek","floor":16},{"not_picked":["Skim","Redo","Lockon"],"picked":"SKIP","floor":18},{"not_picked":["Compile Driver","Self Repair","Ball Lightning"],"picked":"SKIP","floor":22},{"not_picked":["Stack","Barrage"],"picked":"Undo+1","floor":24},{"not_picked":["Blizzard+1","Sweeping Beam","Rebound"],"picked":"SKIP","floor":27},{"not_picked":["Compile Driver","Force Field"],"picked":"Coolheaded","floor":28}],"player_experience":600465,"relics_obtained":[{"floor":8,"key":"Blue Candle"},{"floor":9,"key":"Orichalcum"},{"floor":12,"key":"Torii"},{"floor":19,"key":"Necronomicon"},{"floor":26,"key":"Blood Vial"},{"floor":31,"key":"Mercury Hourglass"}],"event_choices":[{"damage_healed":0,"gold_gain":0,"player_choice":"Forge","damage_taken":0,"max_hp_gain":0,"max_hp_loss":0,"event_name":"Accursed Blacksmith","floor":4,"gold_loss":0,"cards_upgraded":["Streamline"]},{"damage_healed":0,"gold_gain":0,"player_choice":"1 cards matched","damage_taken":0,"max_hp_gain":0,"max_hp_loss":0,"event_name":"Match and Keep!","floor":5,"gold_loss":0,"cards_obtained":["Biased Cognition"]},{"damage_healed":0,"gold_gain":0,"player_choice":"1 cards matched","damage_taken":0,"max_hp_gain":0,"max_hp_loss":0,"event_name":"Match and Keep!","floor":5,"gold_loss":0,"cards_obtained":["Biased Cognition"]},{"cards_removed":["Strike_B"],"damage_healed":0,"gold_gain":0,"player_choice":"Card Removal","damage_taken":7,"max_hp_gain":0,"max_hp_loss":0,"event_name":"Golden Wing","floor":7,"gold_loss":0},{"damage_healed":0,"gold_gain":0,"player_choice":"Obtained Book","damage_taken":21,"max_hp_gain":0,"max_hp_loss":0,"event_name":"Cursed Tome","floor":19,"gold_loss":0},{"damage_healed":0,"gold_gain":0,"player_choice":"Ignored","damage_taken":0,"max_hp_gain":0,"max_hp_loss":0,"event_name":"Beggar","floor":20,"gold_loss":0},{"damage_healed":0,"gold_gain":0,"player_choice":"Paid Fearfully","damage_taken":0,"max_hp_gain":0,"max_hp_loss":0,"event_name":"Masked Bandits","floor":29,"gold_loss":97}],"is_beta":false,"boss_relics":[{"not_picked":["Black Star","Calling Bell"],"picked":"Snecko Eye"}],"items_purged_floors":[3],"is_endless":false,"potions_floor_spawned":[8,16,18,24,27],"killed_by":"Collector","ascension_level":18}