{"gold_per_floor":[118,137,155,172,97,97,131,131,131,148,148,148,167,180,180,285,285,303,313,333,188,206,206,236,236,311,329,329,349,364,364,364,462,462,479,334,354,229,283,283,283,297,297,297,297,313,342,192,192,192],"floor_reached":50,"playtime":7388,"items_purged":["Injury","Clumsy","Parasite","Go for the Eyes"],"score":496,"play_id":"2a031098-5317-42aa-b36e-ed41a5e28095","local_time":"20180623032235","is_ascension_mode":false,"campfire_choices":[{"data":"Barrage","floor":6,"key":"SMITH"},{"data":"Storm","floor":8,"key":"SMITH"},{"data":"Fusion","floor":12,"key":"SMITH"},{"data":"Redo","floor":15,"key":"SMITH"},{"data":"Static Discharge","floor":23,"key":"SMITH"},{"data":"Capacitor","floor":25,"key":"SMITH"},{"data":"Amplify","floor":28,"key":"SMITH"},{"floor":32,"key":"REST"},{"data":"Seek","floor":41,"key":"SMITH"},{"data":"Dualcast","floor":44,"key":"SMITH"},{"data":"Electrodynamics","floor":49,"key":"SMITH"}],"neow_cost":"NONE","seed_source_timestamp":878565657853983,"circlet_count":0,"master_deck":["Strike_B","Strike_B","Strike_B","Strike_B","Defend_B","Defend_B","Defend_B","Defend_B","Zap","Dualcast+1","Barrage+1","Static Discharge+1","Storm+1","Self Repair","Amplify+1","Fusion+1","Redo+1","Seek+1","Capacitor+1","Seek+1","Conserve Battery+1","Chaos+1","Conserve Battery+1","Electrodynamics+1","Redo+1","Barrage+1"],"relics":["Cracked Core","Anchor","Mummified Hand","Toolbox","Calling Bell","Bird Faced Urn","Toxic Egg 2","Orichalcum","Meat on the Bone","Pear","Inserter","Ginger","Bottled Tornado","Bronze Scales","Gambling Chip"],"potions_floor_usage":[22,24,24,27,33,33,42,46,50,50],"damage_taken":[{"damage":0,"enemies":"2 Louse","floor":1,"turns":2},{"damage":0,"enemies":"Small Slimes","floor":2,"turns":2},{"damage":0,"enemies":"Jaw Worm","floor":3,"turns":3},{"damage":1,"enemies":"Large Slime","floor":4,"turns":6},{"damage":16,"enemies":"Lagavulin","floor":7,"turns":5},{"damage":7,"enemies":"3 Louse","floor":10,"turns":3},{"damage":0,"enemies":"Gremlin Gang","floor":13,"turns":3},{"damage":6,"enemies":"Exordium Thugs","floor":14,"turns":2},{"damage":33,"enemies":"The Guardian","floor":16,"turns":7},{"damage":20,"enemies":"3 Byrds","floor":18,"turns":3},{"damage":0,"enemies":"Chosen","floor":19,"turns":4},{"damage":26,"enemies":"3 Cultists","floor":20,"turns":4},{"damage":0,"enemies":"Cultist and Chosen","floor":22,"turns":5},{"damage":25,"enemies":"Slavers","floor":24,"turns":3},{"damage":28,"enemies":"Sentry and Sphere","floor":27,"turns":5},{"damage":11,"enemies":"Snake Plant","floor":29,"turns":4},{"damage":6,"enemies":"Centurion and Healer","floor":30,"turns":5},{"damage":68,"enemies":"Automaton","floor":33,"turns":7},{"damage":0,"enemies":"3 Shapes","floor":35,"turns":2},{"damage":3,"enemies":"3 Darklings","floor":37,"turns":2},{"damage":21,"floor":39,"turns":4},{"damage":16,"enemies":"Maw","floor":42,"turns":6},{"damage":0,"enemies":"4 Shapes","floor":46,"turns":2},{"damage":13,"enemies":"2 Orb Walkers","floor":47,"turns":2},{"damage":106,"enemies":"Awakened One","floor":50,"turns":8}],"seed_played":"-2047490050198198278","potions_obtained":[{"floor":2,"key":"Explosive Potion"},{"floor":10,"key":"FairyPotion"},{"floor":16,"key":"Ancient Potion"},{"floor":22,"key":"FearPotion"},{"floor":24,"key":"Ancient Potion"},{"floor":29,"key":"Strength Potion"},{"floor":30,"key":"Ancient Potion"},{"floor":35,"key":"Fire Potion"},{"floor":39,"key":"Weak Potion"},{"floor":42,"key":"Dexterity Potion"},{"floor":47,"key":"SpeedPotion"}],"is_trial":false,"path_per_floor":["M","M","M","M","$","R","E","R","T","M","$","R","M","M","R","B",null,"M","M","M","$","M","R","E","R","T","M","R","M","M","?","R","B",null,"M","$","M","$","?","?","R","M","T","R","?","M","E","$","R"],"character_chosen":"DEFECT","items_purchased":["Self Repair","Chaos+1","Redo+1"],"campfire_rested":1,"item_purchase_floors":[5,21,36],"current_hp_per_floor":[75,75,75,74,74,74,65,65,65,65,65,65,72,73,73,47,75,64,75,56,56,73,73,54,54,64,53,53,59,70,70,85,36,85,85,85,85,82,70,70,70,73,73,73,73,82,82,82,82,0],"gold":192,"neow_bonus":"RANDOM_COMMON_RELIC","is_prod":false,"is_daily":false,"chose_seed":false,"campfire_upgraded":10,"win_rate":0.0,"timestamp":1529738555,"path_taken":["M","M","M","M","$","R","E","R","T","M","$","R","M","M","R","BOSS","M","M","M","$","M","R","E","R","T","M","R","M","M","?","R","BOSS","M","$","M","$","?","?","R","M","T","R","?","?","E","$","R","BOSS"],"build_version":"2018-06-21v2","purchased_purges":4,"victory":false,"max_hp_per_floor":[75,75,75,75,75,75,75,75,75,75,75,75,75,75,75,75,75,75,75,75,75,75,75,75,75,85,85,85,85,85,85,85,85,85,85,85,85,82,82,82,82,82,82,82,82,82,82,82,82,82],"card_choices":[{"not_picked":["Streamline","Aggregate"],"picked":"Go for the Eyes","floor":1},{"not_picked":["Sweeping Beam","Consume"],"picked":"Barrage","floor":2},{"not_picked":["Beam Cell","Cold Snap"],"picked":"Static Discharge","floor":3},{"not_picked":["FTL","Sweeping Beam"],"picked":"Storm","floor":4},{"not_picked":["Double Energy","Ball Lightning"],"picked":"Amplify","floor":7},{"not_picked":["Cold Snap","Steam"],"picked":"Fusion","floor":10},{"not_picked":["Sweeping Beam","Ball Lightning"],"picked":"Redo","floor":13},{"not_picked":["Defragment","Tempest","Leap"],"picked":"SKIP","floor":14},{"not_picked":["Reboot","Buffer"],"picked":"Seek","floor":16},{"not_picked":["Cold Snap","Stack+1"],"picked":"Capacitor","floor":18},{"not_picked":["Conserve Battery+1","Streamline+1"],"picked":"Seek+1","floor":19},{"not_picked":["Sweeping Beam+1","Coolheaded+1"],"picked":"Conserve Battery+1","floor":20},{"not_picked":["Sweeping Beam","BootSequence+1","Consume+1"],"picked":"SKIP","floor":22},{"not_picked":["Fusion+1","Coolheaded+1","Cold Snap"],"picked":"SKIP","floor":24},{"not_picked":["FTL+1","Go for the Eyes"],"picked":"Conserve Battery+1","floor":27},{"not_picked":["Leap+1","Stack+1","Hologram+1"],"picked":"SKIP","floor":29},{"not_picked":["Go for the Eyes","Rip and Tear+1","Conserve Battery+1"],"picked":"SKIP","floor":30},{"not_picked":["Amplify+1","Seek+1"],"picked":"Electrodynamics","floor":33},{"not_picked":["Leap+1","Hologram+1","Sweeping Beam+1"],"picked":"SKIP","floor":35},{"not_picked":["Gash","Cold Snap","Conserve Battery+1"],"picked":"SKIP","floor":37},{"not_picked":["Auto Shields+1","Coolheaded+1"],"picked":"Barrage+1","floor":42},{"not_picked":["Streamline+1","Coolheaded+1","Static Discharge+1"],"picked":"SKIP","floor":46},{"not_picked":["Gash","Darkness+1","Blizzard"],"picked":"SKIP","floor":47}],"player_experience":15704,"relics_obtained":[{"floor":7,"key":"Mummified Hand"},{"floor":9,"key":"Toolbox"},{"floor":17,"key":"Bird Faced Urn"},{"floor":17,"key":"Toxic Egg 2"},{"floor":17,"key":"Orichalcum"},{"floor":24,"key":"Meat on the Bone"},{"floor":26,"key":"Pear"},{"floor":39,"key":"Ginger"},{"floor":43,"key":"Bottled Tornado"},{"floor":47,"key":"Gambling Chip"}],"event_choices":[{"event_name":"Drug Dealer","player_choice":"Ignored","floor":31,"damage_taken":0},{"event_name":"Mysterious Sphere","player_choice":"Fight","floor":39,"damage_taken":0},{"event_name":"SensoryStone","player_choice":"Memory 1","floor":40,"damage_taken":0},{"event_name":"Wheel of Change","player_choice":"Relic","floor":45,"damage_taken":0}],"boss_relics":[{"not_picked":["Coffee Dripper","Snecko Eye"],"picked":"Calling Bell"},{"not_picked":["Nuclear Battery","Philosopher\u0027s Stone"],"picked":"Inserter"}],"items_purged_floors":[21,36,38,48],"is_endless":false,"potions_floor_spawned":[2,10,16,22,24,29,30,35,39,42,47],"killed_by":"Awakened One","ascension_level":0}