{"gold_per_floor":[110,110,35,46,46,46,71,71,121,153,11,22,22,34,34,113,113,131,10,20,35,55,55,105,105,132,132,11,11,39,139,139,213,213,229,247,297,297,317,347,347,377,377,127,153,173,184,216,216,216,216,216,216,60,92,92],"floor_reached":57,"playtime":3789,"items_purged":["Strike_B","Defend_B","Defend_B","Defend_B"],"score":3217,"play_id":"24cb317c-6780-458e-b3dc-1fe5f404bf97","local_time":"20190811004841","is_ascension_mode":true,"campfire_choices":[{"data":"Recycle","floor":6.0,"key":"SMITH"},{"data":"Rip and Tear","floor":8.0,"key":"SMITH"},{"data":"Redo","floor":13.0,"key":"SMITH"},{"data":"Loop","floor":15.0,"key":"SMITH"},{"data":"Fission","floor":25.0,"key":"SMITH"},{"data":"Turbo","floor":27.0,"key":"SMITH"},{"floor":29.0,"key":"REST"},{"data":"Skim","floor":32.0,"key":"SMITH"},{"data":"Coolheaded","floor":41.0,"key":"SMITH"},{"floor":49.0,"key":"RECALL"},{"data":"Master of Strategy","floor":53.0,"key":"SMITH"}],"neow_cost":"NONE","seed_source_timestamp":0,"circlet_count":0,"master_deck":["AscendersBane","Zap","Dualcast","Rip and Tear+1","Rainbow","Recycle+1","Skim+1","Loop+1","Redo+1","Turbo+1","Glacier","Compile Driver","Fission+1","Coolheaded+1","Hologram","Compile Driver","Core Surge","Gash","Master of Strategy+1","Self Repair","Defragment","Defragment","Apotheosis"],"special_seed":0,"relics":["Cracked Core","NeowsBlessing","The Courier","Bag of Marbles","Dream Catcher","Philosopher\u0027s Stone","Question Card","Turnip","Blue Candle","Calling Bell","Bag of Preparation","Singing Bowl","StoneCalendar","Emotion Chip","Thread and Needle","Bottled Lightning","Centennial Puzzle","Membership Card","Boot","Bronze Scales","Gremlin Horn"],"potions_floor_usage":[56,56],"damage_taken":[{"damage":0.0,"enemies":"Jaw Worm","floor":1.0,"turns":1.0},{"damage":0.0,"enemies":"Small Slimes","floor":4.0,"turns":1.0},{"damage":0.0,"enemies":"Lagavulin","floor":7.0,"turns":1.0},{"damage":36.0,"enemies":"Gremlin Nob","floor":10.0,"turns":5.0},{"damage":0.0,"enemies":"Cultist","floor":12.0,"turns":2.0},{"damage":8.0,"enemies":"Gremlin Gang","floor":14.0,"turns":4.0},{"damage":4.0,"enemies":"Slime Boss","floor":16.0,"turns":9.0},{"damage":0.0,"enemies":"Spheric Guardian","floor":18.0,"turns":4.0},{"damage":2.0,"enemies":"Chosen","floor":20.0,"turns":5.0},{"damage":9.0,"enemies":"Snecko","floor":21.0,"turns":4.0},{"damage":27.0,"enemies":"Snake Plant","floor":22.0,"turns":4.0},{"damage":0.0,"enemies":"Book of Stabbing","floor":30.0,"turns":2.0},{"damage":0.0,"enemies":"Colosseum Slavers","floor":31.0,"turns":1.0},{"damage":13.0,"enemies":"Colosseum Nobs","floor":31.0,"turns":3.0},{"damage":9.0,"enemies":"Champ","floor":33.0,"turns":2.0},{"damage":0.0,"enemies":"Orb Walker","floor":35.0,"turns":2.0},{"damage":0.0,"enemies":"3 Darklings","floor":36.0,"turns":2.0},{"damage":19.0,"enemies":"2 Orb Walkers","floor":37.0,"turns":2.0},{"damage":0.0,"enemies":"Jaw Worm Horde","floor":39.0,"turns":1.0},{"damage":5.0,"enemies":"Nemesis","floor":40.0,"turns":3.0},{"damage":0.0,"enemies":"Giant Head","floor":42.0,"turns":1.0},{"damage":0.0,"enemies":"Nemesis","floor":45.0,"turns":1.0},{"damage":0.0,"enemies":"Maw","floor":46.0,"turns":2.0},{"damage":0.0,"enemies":"3 Darklings","floor":47.0,"turns":1.0},{"damage":0.0,"enemies":"Reptomancer","floor":48.0,"turns":2.0},{"damage":0.0,"enemies":"Awakened One","floor":50.0,"turns":2.0},{"damage":0.0,"enemies":"Donu and Deca","floor":51.0,"turns":1.0},{"damage":9.0,"enemies":"Shield and Spear","floor":55.0,"turns":6.0},{"damage":59,"enemies":"The Heart","floor":56,"turns":6}],"seed_played":"-5361682092481864421","potions_obtained":[{"floor":1.0,"key":"FearPotion"},{"floor":7.0,"key":"SpeedPotion"},{"floor":12.0,"key":"PowerPotion"},{"floor":30.0,"key":"PowerPotion"},{"floor":33.0,"key":"Explosive Potion"},{"floor":37.0,"key":"PowerPotion"},{"floor":40.0,"key":"Swift Potion"}],"is_trial":false,"path_per_floor":["M","?","?","M","?","R","E","R","T","E","$","M","R","M","R","B",null,"M","$","M","M","M","?","?","R","T","R","$","R","E","?","R","B",null,"M","M","?","?","M","E","R","E","T","$","E","M","M","E","R","B","B",null,"R","$","E","B",null],"character_chosen":"DEFECT","items_purchased":["Turbo","Glacier","Coolheaded","Hologram","Membership Card","Self Repair","Defragment","Defragment","Apotheosis"],"campfire_rested":1,"item_purchase_floors":[11,11,19,28,44,54,54,54,54],"current_hp_per_floor":[64,64,64,64,64,64,64,64,64,28,28,28,28,20,20,16,57,57,57,55,46,19,19,19,19,19,19,19,40,40,27,27,18,58,60,62,45,39,41,38,38,40,40,40,42,44,46,48,48,48,48,83,83,83,83,31],"gold":92,"neow_bonus":"THREE_ENEMY_KILL","is_prod":false,"is_daily":false,"chose_seed":false,"campfire_upgraded":9,"win_rate":0,"timestamp":1565455721,"path_taken":["M","?","?","M","?","R","E","R","T","E","$","M","R","M","R","BOSS","M","$","M","?","?","?","?","R","T","R","$","R","E","?","R","BOSS","M","M","?","?","M","E","R","E","T","?","E","M","M","E","R","BOSS","BOSS","R","$","E","BOSS"],"build_version":"2019-07-17","purchased_purges":4,"victory":true,"max_hp_per_floor":[71,71,71,71,71,71,71,71,71,71,71,71,71,71,71,71,71,71,71,71,71,71,71,71,71,71,71,71,71,71,71,71,71,71,73,75,77,81,83,85,85,87,87,87,89,91,93,95,95,95,95,95,95,95,97,97],"card_choices":[{"not_picked":["Hologram","Lockon"],"picked":"Rip and Tear","floor":1.0},{"not_picked":["Beam Cell","Capacitor"],"picked":"Recycle","floor":4.0},{"not_picked":["Barrage","Hello World"],"picked":"Loop","floor":7.0},{"not_picked":["Streamline","Go for the Eyes"],"picked":"Redo","floor":10.0},{"not_picked":["Genetic Algorithm","Stack"],"picked":"Compile Driver","floor":12.0},{"not_picked":["Go for the Eyes","Conserve Battery","BootSequence"],"picked":"SKIP","floor":14.0},{"not_picked":["Buffer","Multi-Cast"],"picked":"Fission","floor":16.0},{"not_picked":["Compile Driver","Sweeping Beam","Streamline"],"picked":"SKIP","floor":18.0},{"not_picked":["Ball Lightning","Redo+1","Force Field"],"picked":"SKIP","floor":20.0},{"not_picked":["Genetic Algorithm","Tempest","Barrage"],"picked":"SKIP","floor":21.0},{"not_picked":["Steam","Redo","Gash"],"picked":"SKIP","floor":22.0},{"not_picked":["Steam","Sweeping Beam"],"picked":"Compile Driver","floor":29.0},{"not_picked":["Buffer","Hologram+1"],"picked":"Core Surge","floor":30.0},{"not_picked":["Stack","Recycle","Capacitor+1"],"picked":"Gash","floor":31.0},{"not_picked":["Leap","Go for the Eyes","Gash","Beam Cell"],"picked":"Singing Bowl","floor":35.0},{"not_picked":["Sweeping Beam","Beam Cell+1","Amplify","Doom and Gloom"],"picked":"Singing Bowl","floor":36.0},{"not_picked":["Conserve Battery+1","Stack+1","Scrape","Hologram+1"],"picked":"Singing Bowl","floor":37.0},{"not_picked":["Apotheosis","Good Instincts","Jack Of All Trades"],"picked":"Master of Strategy","floor":38.0},{"not_picked":["Dark Shackles","Finesse","Jack Of All Trades","Dramatic Entrance"],"picked":"Singing Bowl","floor":38.0},{"not_picked":["The Bomb","Deep Breath","Swift Strike","Forethought"],"picked":"Singing Bowl","floor":38.0},{"not_picked":["Auto Shields","Force Field","Turbo","Undo"],"picked":"Singing Bowl","floor":39.0},{"not_picked":["Leap+1","Sweeping Beam","Storm","Stack"],"picked":"Singing Bowl","floor":40.0},{"not_picked":["Fusion+1","Beam Cell","Coolheaded+1","Stack"],"picked":"Singing Bowl","floor":42.0},{"not_picked":["Beam Cell","Streamline","Creative AI","Turbo"],"picked":"Singing Bowl","floor":45.0},{"not_picked":["Steam","Cold Snap","Ball Lightning","Compile Driver+1"],"picked":"Singing Bowl","floor":46.0},{"not_picked":["Melter","Stack","Gash+1","Glacier"],"picked":"Singing Bowl","floor":47.0},{"not_picked":["Redo+1","Aggregate","Reprogram","Rebound"],"picked":"Singing Bowl","floor":48.0},{"not_picked":["Melter","Heatsinks","FTL","Aggregate"],"picked":"Singing Bowl","floor":55.0}],"player_experience":774591,"relics_obtained":[{"floor":7.0,"key":"The Courier"},{"floor":9.0,"key":"Bag of Marbles"},{"floor":10.0,"key":"Dream Catcher"},{"floor":30.0,"key":"Question Card"},{"floor":31.0,"key":"Turnip"},{"floor":31.0,"key":"Blue Candle"},{"floor":34.0,"key":"Bag of Preparation"},{"floor":34.0,"key":"Singing Bowl"},{"floor":34.0,"key":"StoneCalendar"},{"floor":37.0,"key":"Emotion Chip"},{"floor":40.0,"key":"Thread and Needle"},{"floor":42.0,"key":"Bottled Lightning"},{"floor":43.0,"key":"Centennial Puzzle"},{"floor":45.0,"key":"Boot"},{"floor":48.0,"key":"Bronze Scales"},{"floor":55.0,"key":"Gremlin Horn"}],"event_choices":[{"damage_healed":0.0,"max_hp_gain":0.0,"max_hp_loss":0.0,"gold_gain":0.0,"cards_transformed":["Strike_B"],"event_name":"Living Wall","player_choice":"Change","floor":2.0,"gold_loss":0.0,"damage_taken":0.0,"cards_obtained":["Rainbow"]},{"cards_removed":["Strike_B"],"damage_healed":0.0,"max_hp_gain":0.0,"max_hp_loss":0.0,"gold_gain":0.0,"event_name":"The Cleric","player_choice":"Card Removal","floor":3.0,"gold_loss":75.0,"damage_taken":0.0},{"damage_healed":0.0,"max_hp_gain":0.0,"max_hp_loss":0.0,"gold_gain":0.0,"cards_transformed":["Strike_B"],"event_name":"Transmorgrifier","player_choice":"Transformed","floor":5.0,"gold_loss":0.0,"damage_taken":0.0,"cards_obtained":["Skim"]},{"cards_removed":["Defend_B"],"damage_healed":0.0,"max_hp_gain":0.0,"max_hp_loss":0.0,"gold_gain":0.0,"event_name":"Back to Basics","player_choice":"Elegance","floor":23.0,"gold_loss":0.0,"damage_taken":0.0},{"damage_healed":0.0,"max_hp_gain":0.0,"max_hp_loss":0.0,"gold_gain":50.0,"event_name":"Nest","player_choice":"Stole From Cult","floor":24.0,"gold_loss":0.0,"damage_taken":0.0},{"damage_healed":0.0,"max_hp_gain":0.0,"max_hp_loss":0.0,"gold_gain":0.0,"event_name":"Colosseum","player_choice":"Fight","floor":31.0,"gold_loss":0.0,"damage_taken":0.0},{"damage_healed":0.0,"max_hp_gain":0.0,"max_hp_loss":0.0,"gold_gain":0.0,"event_name":"Colosseum","player_choice":"Fought Nobs","floor":31.0,"gold_loss":0.0,"damage_taken":0.0},{"damage_healed":0.0,"max_hp_gain":0.0,"max_hp_loss":0.0,"gold_gain":0.0,"event_name":"Mysterious Sphere","player_choice":"Fight","floor":37.0,"gold_loss":0.0,"damage_taken":0.0},{"damage_healed":0.0,"max_hp_gain":0.0,"max_hp_loss":0.0,"gold_gain":0.0,"event_name":"SensoryStone","player_choice":"Memory 3","floor":38.0,"gold_loss":0.0,"damage_taken":10.0}],"is_beta":false,"boss_relics":[{"not_picked":["Tiny House","Orrery"],"picked":"Philosopher\u0027s Stone"},{"not_picked":["Eternal Feather","Runic Pyramid"],"picked":"Calling Bell"}],"items_purged_floors":[11,19,28,44],"is_endless":false,"potions_floor_spawned":[1,7,12,30,31,33,37,40,42,55],"ascension_level":20}