{"gold_per_floor":[110,121,196,216,233,233,246,257,329,342,342,360,360,285,285,359,359,377,377,377,388,388],"floor_reached":22,"playtime":1109,"items_purged":[],"score":342,"play_id":"de7e03cf-4fa9-499a-a19d-a554121bbb97","local_time":"20181023202142","is_ascension_mode":true,"campfire_choices":[{"data":"Streamline","floor":6,"key":"SMITH"},{"floor":11,"key":"REST"},{"data":"Go for the Eyes","floor":13,"key":"SMITH"},{"data":"Hologram","floor":15,"key":"SMITH"}],"neow_cost":"NONE","seed_source_timestamp":1202519668495175,"circlet_count":0,"master_deck":["Strike_B","Strike_B","Defend_B","Defend_B+1","Defend_B","Defend_B","Zap","Dualcast","AscendersBane","Gash","FTL","Coolheaded","Streamline+1","Steam","Hologram+1","Seek","Conserve Battery+1","Go for the Eyes+1","Echo Form","Sweeping Beam","Necronomicurse"],"relics":["Cracked Core","Mercury Hourglass","Busted Crown","Necronomicon","War Paint"],"potions_floor_usage":[5,10,10],"damage_taken":[{"damage":1,"enemies":"Cultist","floor":1,"turns":4},{"damage":4,"enemies":"2 Louse","floor":2,"turns":3},{"damage":8,"enemies":"Small Slimes","floor":4,"turns":3},{"damage":0,"enemies":"2 Fungi Beasts","floor":5,"turns":2},{"damage":10,"enemies":"3 Louse","floor":7,"turns":3},{"damage":19,"enemies":"Exordium Wildlife","floor":8,"turns":4},{"damage":0,"enemies":"Gremlin Gang","floor":10,"turns":2},{"damage":3,"enemies":"Exordium Thugs","floor":12,"turns":3},{"damage":20,"enemies":"Hexaghost","floor":16,"turns":12},{"damage":17,"enemies":"2 Thieves","floor":18,"turns":4},{"damage":13,"enemies":"Shell Parasite","floor":21,"turns":4},{"damage":8,"enemies":"Centurion and Healer","floor":22,"turns":4}],"seed_played":"-6950695141881440585","potions_obtained":[{"floor":1,"key":"SkillPotion"},{"floor":4,"key":"Explosive Potion"},{"floor":5,"key":"SteroidPotion"},{"floor":10,"key":"Explosive Potion"},{"floor":12,"key":"FearPotion"}],"is_trial":false,"path_per_floor":["M","M","?","M","M","R","M","M","T","M","R","M","R","?","R","B",null,"M","?","T","M"],"character_chosen":"DEFECT","items_purchased":[],"campfire_rested":1,"item_purchase_floors":[],"current_hp_per_floor":[63,59,48,40,40,40,30,11,11,11,32,29,29,29,29,9,56,39,18,18,5,0],"gold":388,"neow_bonus":"TRANSFORM_CARD","is_prod":false,"is_daily":false,"chose_seed":false,"campfire_upgraded":3,"win_rate":0,"timestamp":1540340502,"path_taken":["M","M","?","?","M","R","M","M","T","M","R","M","R","?","R","BOSS","M","?","?","M","M"],"build_version":"2018-10-18","purchased_purges":0,"victory":false,"max_hp_per_floor":[71,71,71,71,71,71,71,71,71,71,71,71,71,71,71,71,71,71,71,71,71,71],"card_choices":[{"not_picked":["Sweeping Beam","Reinforced Body"],"picked":"FTL","floor":1},{"not_picked":["Consume","Conserve Battery"],"picked":"Coolheaded","floor":2},{"not_picked":["Capacitor","Rebound"],"picked":"Streamline","floor":4},{"not_picked":["Go for the Eyes","Chaos"],"picked":"Steam","floor":5},{"not_picked":["Scrape","Barrage"],"picked":"Hologram","floor":7},{"not_picked":["Streamline","Darkness"],"picked":"Seek","floor":8},{"not_picked":["Aggregate","Hologram"],"picked":"Conserve Battery","floor":10},{"not_picked":["Consume","Loop"],"picked":"Go for the Eyes","floor":12},{"not_picked":["Meteor Strike","Multi-Cast"],"picked":"Echo Form","floor":16},{"not_picked":[],"picked":"Sweeping Beam","floor":18},{"not_picked":["Barrage"],"picked":"SKIP","floor":21}],"player_experience":588809,"relics_obtained":[{"floor":9,"key":"Mercury Hourglass"},{"floor":19,"key":"Necronomicon"},{"floor":20,"key":"War Paint"}],"event_choices":[{"damage_healed":0,"gold_gain":75,"player_choice":"Gather Gold","damage_taken":11,"max_hp_gain":0,"max_hp_loss":0,"event_name":"World of Goop","floor":3,"gold_loss":0},{"cards_removed":["Strike_B"],"damage_healed":0,"gold_gain":0,"player_choice":"Card Removal","damage_taken":0,"max_hp_gain":0,"max_hp_loss":0,"event_name":"The Cleric","floor":14,"gold_loss":75},{"damage_healed":0,"gold_gain":0,"player_choice":"Obtained Book","damage_taken":21,"max_hp_gain":0,"max_hp_loss":0,"event_name":"Cursed Tome","floor":19,"gold_loss":0}],"is_beta":false,"boss_relics":[{"not_picked":["Black Star","Velvet Choker"],"picked":"Busted Crown"}],"items_purged_floors":[],"is_endless":false,"potions_floor_spawned":[1,4,5,10,12],"killed_by":"Centurion and Healer","ascension_level":18}