{"gold_per_floor":[118,118,138,31,31,74,74,109,162,206,206,46,89,107,107,206,206,221,221,245,37,51,51,51],"floor_reached":24,"playtime":1307,"items_purged":["Strike_B"],"score":469,"play_id":"1c327af2-4939-474b-a4b4-75e5fba72097","local_time":"20181030113439","is_ascension_mode":true,"campfire_choices":[{"data":"Zap","floor":7,"key":"SMITH"},{"floor":11,"key":"REST"},{"floor":15,"key":"REST"},{"floor":23,"key":"REST"}],"neow_cost":"NONE","seed_source_timestamp":1775499644437575,"circlet_count":0,"master_deck":["Strike_B","Strike_B","Strike_B","Defend_B","Defend_B","Defend_B","Defend_B","Zap+1","Dualcast","AscendersBane","Compile Driver","Steam","Hologram","Sweeping Beam","Creative AI","Cold Snap","Conserve Battery","Core Surge","Ghostly","Ghostly","Ghostly","Apotheosis"],"relics":["Cracked Core","NeowsBlessing","Golden Idol","Oddly Smooth Stone","Anchor","Orichalcum","Art of War","Boot","Sozu"],"potions_floor_usage":[10,16,22],"damage_taken":[{"damage":0,"enemies":"Small Slimes","floor":1,"turns":1},{"damage":0,"enemies":"2 Louse","floor":3,"turns":1},{"damage":0,"enemies":"Lagavulin","floor":6,"turns":1},{"damage":28,"enemies":"3 Sentries","floor":8,"turns":7},{"damage":17,"enemies":"Lagavulin","floor":10,"turns":6},{"damage":14,"enemies":"3 Sentries","floor":13,"turns":7},{"damage":0,"enemies":"Cultist","floor":14,"turns":3},{"damage":3,"enemies":"Slime Boss","floor":16,"turns":8},{"damage":13,"enemies":"Spheric Guardian","floor":18,"turns":7},{"damage":10,"enemies":"3 Byrds","floor":20,"turns":5},{"damage":16,"enemies":"Snake Plant","floor":22,"turns":5},{"damage":24,"enemies":"Gremlin Leader","floor":24,"turns":2}],"seed_played":"-1695002531574109713","potions_obtained":[{"floor":6,"key":"FearPotion"},{"floor":8,"key":"Swift Potion"}],"is_trial":false,"path_per_floor":["M","?","M","$","?","E","R","E","T","E","R","$","E","M","R","B",null,"M","?","M","$","M","R"],"character_chosen":"DEFECT","items_purchased":["Hologram","Sweeping Beam","FocusPotion","Apotheosis"],"campfire_rested":3,"item_purchase_floors":[4,4,12,21],"current_hp_per_floor":[64,64,64,64,64,64,64,36,36,19,38,38,24,24,43,40,58,45,32,22,22,6,15,0],"gold":51,"neow_bonus":"THREE_ENEMY_KILL","is_prod":false,"is_daily":false,"chose_seed":false,"campfire_upgraded":1,"win_rate":0,"timestamp":1540913679,"path_taken":["M","?","?","$","?","E","R","E","T","E","R","?","E","M","R","BOSS","M","?","M","$","?","R","E"],"build_version":"2018-10-25v2","purchased_purges":1,"victory":false,"max_hp_per_floor":[71,71,71,71,64,64,64,64,64,64,64,64,64,64,64,64,64,64,32,32,32,32,32,32],"card_choices":[{"not_picked":["Turbo","Lockon"],"picked":"Compile Driver","floor":1},{"not_picked":["Storm","Redo"],"picked":"Steam","floor":3},{"not_picked":["Static Discharge","Gash","Rebound"],"picked":"SKIP","floor":6},{"not_picked":["Melter","Aggregate","Lockon"],"picked":"SKIP","floor":8},{"not_picked":["Chaos","Self Repair"],"picked":"Creative AI","floor":10},{"not_picked":["Heatsinks","Go for the Eyes"],"picked":"Cold Snap","floor":13},{"not_picked":["Barrage","Go for the Eyes"],"picked":"Conserve Battery","floor":14},{"not_picked":["Fission","Rainbow"],"picked":"Core Surge","floor":16},{"not_picked":["Blizzard","Rebound","BootSequence+1"],"picked":"SKIP","floor":18},{"not_picked":["Conserve Battery","Scrape","Steam"],"picked":"SKIP","floor":20},{"not_picked":["Double Energy+1","Sweeping Beam","Rebound"],"picked":"SKIP","floor":22}],"player_experience":638954,"relics_obtained":[{"floor":6,"key":"Oddly Smooth Stone"},{"floor":8,"key":"Anchor"},{"floor":9,"key":"Orichalcum"},{"floor":10,"key":"Art of War"},{"floor":13,"key":"Boot"}],"event_choices":[{"damage_healed":0,"gold_gain":0,"player_choice":"Leave","damage_taken":0,"max_hp_gain":0,"max_hp_loss":0,"event_name":"The Cleric","floor":2,"gold_loss":0},{"damage_healed":0,"gold_gain":0,"player_choice":"Lose Max HP","damage_taken":0,"relics_obtained":["Golden Idol"],"max_hp_gain":0,"max_hp_loss":7,"event_name":"Golden Idol","floor":5,"gold_loss":0},{"damage_healed":0,"gold_gain":0,"player_choice":"Became a Ghost","damage_taken":0,"max_hp_gain":0,"max_hp_loss":32,"event_name":"Ghosts","floor":19,"gold_loss":0,"cards_obtained":["Ghostly","Ghostly","Ghostly"]}],"is_beta":false,"boss_relics":[{"not_picked":["Calling Bell","Cursed Key"],"picked":"Sozu"}],"items_purged_floors":[12],"is_endless":false,"potions_floor_spawned":[6,8,14,18,20,22],"killed_by":"Gremlin Leader","ascension_level":18}