{"gold_per_floor":[12,12,12,12,12,12,12,12,67,112,156,156,171,196,196,289,289,314,314,15,15,15,15,40,54,54,78,78,92,116,131,131,226,226,241,260,278,178,178,216,232,107,187,228,228,263,263,287,287,287,287,287,287,4,35,35],"floor_reached":57,"playtime":3270,"items_purged":["Strike_G","Defend_G","Defend_G"],"score":2955,"play_id":"96bbd07f-03f9-409c-bbd3-d447bda54beb","local_time":"20190816204004","is_ascension_mode":true,"campfire_choices":[{"data":"Concentrate","floor":6.0,"key":"SMITH"},{"data":"Neutralize","floor":12.0,"key":"SMITH"},{"data":"Corpse Explosion","floor":15.0,"key":"SMITH"},{"data":"Dash","floor":23.0,"key":"SMITH"},{"data":"Acrobatics","floor":32.0,"key":"SMITH"},{"data":"Expertise","floor":47,"key":"SMITH"},{"floor":49,"key":"RECALL"},{"data":"Prepared","floor":53,"key":"SMITH"}],"neow_cost":"NO_GOLD","seed_source_timestamp":123067789157100,"circlet_count":0,"master_deck":["AscendersBane","Defend_G","Defend_G","Survivor","Neutralize+1","Concentrate+1","Endless Agony","Escape Plan","Corpse Explosion+1","Backflip","Neutralize","Acrobatics+1","Expertise+1","Prepared+1","Tools of the Trade+1","Tactician+1","Caltrops+1","Dagger Throw+1","Calculated Gamble+1","Envenom+1","Acrobatics+1"],"special_seed":0,"relics":["Ring of the Snake","Golden Idol","Vajra","Tiny Chest","PreservedInsect","Frozen Egg 2","Calling Bell","Anchor","Ornamental Fan","Ginger","TheAbacus","Sundial","Astrolabe","Kunai","Letter Opener","Dodecahedron","Mummified Hand","Boot"],"potions_floor_usage":[],"damage_taken":[{"damage":3.0,"enemies":"Jaw Worm","floor":1.0,"turns":7.0},{"damage":2.0,"enemies":"3 Sentries","floor":11.0,"turns":2.0},{"damage":4.0,"enemies":"Small Slimes","floor":13.0,"turns":4.0},{"damage":0.0,"enemies":"2 Louse","floor":14.0,"turns":1.0},{"damage":28.0,"enemies":"Hexaghost","floor":16.0,"turns":11.0},{"damage":17.0,"enemies":"Spheric Guardian","floor":18.0,"turns":5.0},{"damage":0.0,"enemies":"3 Byrds","floor":24.0,"turns":2.0},{"damage":2.0,"enemies":"Centurion and Healer","floor":25.0,"turns":8.0},{"damage":0.0,"enemies":"Shelled Parasite and Fungi","floor":27.0,"turns":6.0},{"damage":7.0,"enemies":"Sentry and Sphere","floor":29.0,"turns":8.0},{"damage":1.0,"enemies":"Snake Plant","floor":30.0,"turns":5.0},{"damage":5.0,"enemies":"Snecko","floor":31.0,"turns":6.0},{"damage":10.0,"enemies":"Collector","floor":33.0,"turns":10.0},{"damage":2.0,"enemies":"3 Shapes","floor":35.0,"turns":2.0},{"damage":0.0,"enemies":"3 Darklings","floor":36.0,"turns":3.0},{"damage":0.0,"enemies":"4 Shapes","floor":37.0,"turns":1.0},{"damage":10.0,"enemies":"Nemesis","floor":40.0,"turns":7.0},{"damage":0.0,"enemies":"Writhing Mass","floor":41.0,"turns":4.0},{"damage":0.0,"enemies":"Giant Head","floor":44.0,"turns":3.0},{"damage":0,"enemies":"Nemesis","floor":46,"turns":3},{"damage":0,"enemies":"3 Darklings","floor":48,"turns":2},{"damage":15,"enemies":"Time Eater","floor":50,"turns":12},{"damage":0,"enemies":"Awakened One","floor":51,"turns":2},{"damage":0,"enemies":"Shield and Spear","floor":55,"turns":1},{"damage":41,"enemies":"The Heart","floor":56,"turns":4}],"seed_played":"2072996392515724720","potions_obtained":[{"floor":14.0,"key":"GamblersBrew"},{"floor":16.0,"key":"PowerPotion"},{"floor":29.0,"key":"Poison Potion"},{"floor":30.0,"key":"Strength Potion"},{"floor":33.0,"key":"GhostInAJar"},{"floor":36.0,"key":"SpeedPotion"},{"floor":48,"key":"Swift Potion"}],"is_trial":false,"path_per_floor":["M","?","?","?","$","R","$","?","T","T","E","R","M","M","R","B",null,"M","?","$","T","$","R","M","M","T","M","$","M","M","M","R","B",null,"M","M","M","$","T","E","M","$","T","E","?","E","R","M","R","B","B",null,"R","$","E","B",null],"character_chosen":"THE_SILENT","items_purchased":["TheAbacus","Mummified Hand"],"campfire_rested":0,"item_purchase_floors":[20,54],"current_hp_per_floor":[56,56,56,61,61,61,61,35,35,35,33,33,29,29,29,1,49,32,32,32,32,32,32,32,30,30,30,30,23,22,17,17,7,51,49,49,49,49,49,39,39,39,39,39,39,39,39,39,39,24,24,55,55,55,55,14],"gold":35,"neow_bonus":"TRANSFORM_TWO_CARDS","is_prod":false,"is_daily":false,"chose_seed":false,"campfire_upgraded":7,"win_rate":0,"timestamp":1565959204,"path_taken":["M","?","?","?","$","R","?","?","T","?","E","R","?","M","R","BOSS","M","?","$","?","?","R","M","M","T","M","$","M","M","?","R","BOSS","M","M","M","$","?","E","M","?","T","E","?","E","R","M","R","BOSS","BOSS","R","$","E","BOSS"],"build_version":"2019-07-17","purchased_purges":3,"victory":true,"max_hp_per_floor":[66,60,60,65,65,65,65,65,65,65,65,65,65,65,65,65,65,65,65,65,65,65,65,65,65,65,65,65,65,65,65,65,65,65,65,65,65,65,65,65,65,65,65,65,65,65,65,65,65,65,65,65,65,65,65,65],"card_choices":[{"not_picked":["Prepared","Poisoned Stab"],"picked":"Escape Plan","floor":1.0},{"not_picked":["Poisoned Stab","Blur","Deflect"],"picked":"SKIP","floor":11.0},{"not_picked":["Slice","Underhanded Strike","Setup"],"picked":"SKIP","floor":13.0},{"not_picked":["Heel Hook","Blade Dance","Flying Knee"],"picked":"SKIP","floor":14.0},{"not_picked":["Outmaneuver","Infinite Blades+1"],"picked":"Backflip","floor":18.0},{"not_picked":["All Out Attack","Predator+1"],"picked":"Acrobatics","floor":24.0},{"not_picked":["Outmaneuver","Prepared"],"picked":"Expertise","floor":25.0},{"not_picked":["Expertise","Sucker Punch","Deadly Poison+1"],"picked":"SKIP","floor":27.0},{"not_picked":["Dagger Throw","Quick Slash+1","Accuracy+1"],"picked":"SKIP","floor":29.0},{"not_picked":["Dagger Spray","Blur"],"picked":"Prepared","floor":30.0},{"not_picked":["Distraction","Prepared","Poisoned Stab+1"],"picked":"SKIP","floor":31.0},{"not_picked":["Doppelganger","Night Terror"],"picked":"Tools of the Trade+1","floor":33.0},{"not_picked":["Flying Knee","Backstab","Sucker Punch+1"],"picked":"SKIP","floor":35.0},{"not_picked":["Deadly Poison","Acrobatics"],"picked":"Calculated Gamble+1","floor":36.0},{"not_picked":["Poisoned Stab","Slice+1","Calculated Gamble"],"picked":"SKIP","floor":37.0},{"not_picked":["Underhanded Strike","Blur","Backflip"],"picked":"SKIP","floor":40.0},{"not_picked":["Underhanded Strike","Blur","Backflip"],"picked":"SKIP","floor":40.0},{"not_picked":["Underhanded Strike","Blur","Backflip"],"picked":"SKIP","floor":40.0},{"not_picked":["Bouncing Flask","Underhanded Strike","Acrobatics"],"picked":"SKIP","floor":41.0},{"not_picked":["Caltrops+1","Crippling Poison"],"picked":"Envenom+1","floor":44.0},{"not_picked":["Doppelganger","Cloak And Dagger"],"picked":"Acrobatics+1","floor":46},{"not_picked":["Footwork+1","Flying Knee","Sucker Punch"],"picked":"SKIP","floor":48},{"not_picked":["Slice","Reflex","Deadly Poison+1"],"picked":"SKIP","floor":55}],"player_experience":811352,"relics_obtained":[{"floor":9.0,"key":"Tiny Chest"},{"floor":10.0,"key":"PreservedInsect"},{"floor":11.0,"key":"Frozen Egg 2"},{"floor":17.0,"key":"Anchor"},{"floor":17.0,"key":"Ornamental Fan"},{"floor":17.0,"key":"Ginger"},{"floor":21.0,"key":"Sundial"},{"floor":40.0,"key":"Kunai"},{"floor":43.0,"key":"Letter Opener"},{"floor":46,"key":"Dodecahedron"},{"floor":55,"key":"Boot"}],"event_choices":[{"damage_healed":0.0,"max_hp_gain":0.0,"max_hp_loss":6.0,"gold_gain":0.0,"event_name":"Golden Idol","player_choice":"Lose Max HP","floor":2.0,"gold_loss":0.0,"damage_taken":0.0,"relics_obtained":["Golden Idol"]},{"damage_healed":0.0,"max_hp_gain":0.0,"max_hp_loss":0.0,"gold_gain":0.0,"cards_transformed":["Strike_G"],"event_name":"Living Wall","player_choice":"Change","floor":3.0,"gold_loss":0.0,"damage_taken":0.0,"cards_obtained":["Corpse Explosion"]},{"damage_healed":0.0,"max_hp_gain":5.0,"max_hp_loss":0.0,"gold_gain":0.0,"event_name":"Big Fish","player_choice":"Donut","floor":4.0,"gold_loss":0.0,"damage_taken":0.0},{"damage_healed":0.0,"max_hp_gain":0.0,"max_hp_loss":0.0,"gold_gain":0.0,"event_name":"Scrap Ooze","player_choice":"Success","floor":8.0,"gold_loss":0.0,"damage_taken":26.0,"relics_obtained":["Vajra"]},{"damage_healed":0.0,"max_hp_gain":0.0,"max_hp_loss":0.0,"gold_gain":0.0,"event_name":"Match and Keep!","player_choice":"2 cards matched","floor":19.0,"gold_loss":0.0,"damage_taken":0.0,"cards_obtained":["Neutralize","Dash"]},{"damage_healed":0.0,"max_hp_gain":0.0,"max_hp_loss":0.0,"gold_gain":0.0,"event_name":"Tomb of Lord Red Mask","player_choice":"Ignored","floor":45.0,"gold_loss":0.0,"damage_taken":0.0}],"is_beta":false,"boss_relics":[{"not_picked":["Eternal Feather","Snecko Eye"],"picked":"Calling Bell"},{"not_picked":["Runic Pyramid","Busted Crown"],"picked":"Astrolabe"}],"items_purged_floors":[20,38,42],"is_endless":false,"potions_floor_spawned":[14,16,29,30,33,36,37,48,55],"ascension_level":20}