{"gold_per_floor":[213,213,213,94,104,139,139,167,203,230,242,254,279,306,318,406,418,441,453,465,477,489,520,532,554,566,588,600],"floor_reached":28,"playtime":1473,"items_purged":[],"score":410,"play_id":"532a08df-b3a7-4b07-a90d-4fdd5686fedf","local_time":"20181013125847","is_ascension_mode":true,"campfire_choices":[{"floor":7,"key":"REST"},{"data":"Capacitor","floor":11,"key":"SMITH"},{"data":"Zap","floor":15,"key":"SMITH"},{"floor":24,"key":"REST"}],"neow_cost":"NONE","seed_source_timestamp":311574703245129,"circlet_count":0,"master_deck":["Strike_B+1","Strike_B","Strike_B+1","Defend_B","Defend_B","Defend_B","Defend_B","Zap+1","Dualcast","AscendersBane","Auto Shields","Steam","Conserve Battery","Loop+1","Cold Snap","Cold Snap","Capacitor+1","Chill","BootSequence","Creative AI","Reinforced Body","Necronomicurse","Streamline"],"relics":["Cracked Core","Whetstone","MawBank","Bag of Preparation","Cursed Key","Necronomicon"],"potions_floor_usage":[16,22],"damage_taken":[{"damage":0,"enemies":"Cultist","floor":1,"turns":3},{"damage":0,"enemies":"2 Louse","floor":5,"turns":3},{"damage":31,"enemies":"Gremlin Nob","floor":6,"turns":6},{"damage":11,"enemies":"3 Sentries","floor":8,"turns":10},{"damage":3,"enemies":"Jaw Worm","floor":10,"turns":4},{"damage":0,"enemies":"Exordium Wildlife","floor":13,"turns":7},{"damage":0,"enemies":"Blue Slaver","floor":14,"turns":4},{"damage":39,"enemies":"Hexaghost","floor":16,"turns":17},{"damage":9,"enemies":"Spheric Guardian","floor":18,"turns":6},{"damage":12,"enemies":"Colosseum Slavers","floor":22,"turns":6},{"damage":10,"enemies":"3 Byrds","floor":23,"turns":5},{"damage":0,"enemies":"Snecko","floor":25,"turns":6},{"damage":20,"enemies":"Shelled Parasite and Fungi","floor":27,"turns":7},{"damage":7,"enemies":"Snake Plant","floor":28,"turns":4}],"seed_played":"1055568221471220267","potions_obtained":[{"floor":1,"key":"FearPotion"},{"floor":6,"key":"PowerPotion"},{"floor":10,"key":"FocusPotion"},{"floor":16,"key":"Strength Potion"}],"is_trial":false,"path_per_floor":["M","?","?","$","M","E","R","E","T","M","R","?","M","M","R","B",null,"M","?","$","?","?","M","R","M","T","M"],"character_chosen":"DEFECT","items_purchased":["Conserve Battery","Loop"],"campfire_rested":2,"item_purchase_floors":[4,4],"current_hp_per_floor":[64,64,64,64,64,33,54,43,43,40,40,40,40,40,40,1,54,45,45,45,24,12,2,23,23,23,3,0],"gold":600,"neow_bonus":"HUNDRED_GOLD","is_prod":false,"is_daily":false,"chose_seed":false,"campfire_upgraded":2,"win_rate":0,"timestamp":1539449927,"path_taken":["M","?","?","?","M","E","R","E","T","?","R","?","M","M","R","BOSS","M","?","$","?","?","?","R","M","T","M","?"],"build_version":"2018-10-11","purchased_purges":0,"victory":false,"max_hp_per_floor":[71,71,71,71,71,71,71,71,71,71,71,71,71,71,71,71,71,71,71,71,71,71,71,71,71,71,71,71],"card_choices":[{"not_picked":["Storm","Aggregate"],"picked":"Auto Shields","floor":1},{"not_picked":["Rebound","Skim"],"picked":"Cold Snap","floor":5},{"not_picked":["Reinforced Body","Static Discharge"],"picked":"Cold Snap","floor":6},{"not_picked":["Ball Lightning","Blizzard"],"picked":"Capacitor","floor":8},{"not_picked":["Cold Snap","Reprogram"],"picked":"Chill","floor":10},{"not_picked":["Stack","Chaos","Storm"],"picked":"SKIP","floor":13},{"not_picked":["Go for the Eyes","Ball Lightning"],"picked":"BootSequence","floor":14},{"not_picked":["Rainbow","Reboot"],"picked":"Creative AI","floor":16},{"not_picked":["Gash","Go for the Eyes"],"picked":"Reinforced Body","floor":18},{"not_picked":["Turbo","Steam"],"picked":"Streamline","floor":23},{"not_picked":["Coolheaded","Turbo","BootSequence"],"picked":"SKIP","floor":25},{"not_picked":["Rebound","Buffer","Redo"],"picked":"SKIP","floor":27}],"player_experience":538899,"relics_obtained":[{"floor":6,"key":"Whetstone"},{"floor":8,"key":"MawBank"},{"floor":9,"key":"Bag of Preparation"},{"floor":21,"key":"Necronomicon"}],"event_choices":[{"event_name":"Transmorgrifier","player_choice":"Transform","floor":2,"damage_taken":0},{"event_name":"Shining Light","player_choice":"Ignored","floor":3,"damage_taken":0},{"event_name":"Living Wall","player_choice":"Grow","floor":12,"damage_taken":0},{"event_name":"The Mausoleum","player_choice":"No","floor":19,"damage_taken":0},{"event_name":"Cursed Tome","player_choice":"Obtained Book","floor":21,"damage_taken":0},{"event_name":"Colosseum","player_choice":"Fight","floor":22,"damage_taken":0},{"event_name":"Colosseum","player_choice":"Fled From Nobs","floor":22,"damage_taken":0}],"is_beta":false,"boss_relics":[{"not_picked":["Pandora\u0027s Box","Velvet Choker"],"picked":"Cursed Key"}],"items_purged_floors":[],"is_endless":false,"potions_floor_spawned":[1,6,10,16,18],"killed_by":"Snake Plant","ascension_level":16}