{"gold_per_floor":[19,19,38,56,56,56,81,92,117,42,62,62,62,62,62,151,151,165,215,6,6,19,52,66,66,66,66,409,452,652,236,236,327,327,351,351,226,226,239,239,239,239,266,266,108,123,161,175,175,175],"floor_reached":50,"playtime":1871,"items_purged":["Strike_G","Strike_G","Strike_G+1"],"score":1037,"play_id":"8050ff62-82f7-440b-a1d6-533b494952a9","local_time":"20190810132128","is_ascension_mode":true,"campfire_choices":[{"data":"Dagger Spray","floor":6.0,"key":"SMITH"},{"data":"Dash","floor":12.0,"key":"SMITH"},{"floor":15.0,"key":"REST"},{"data":"Armaments","floor":25.0,"key":"SMITH"},{"floor":27.0,"key":"REST"},{"floor":32.0,"key":"REST"},{"data":"Dagger Spray+1","floor":40.0,"key":"PURGE"},{"data":"Noxious Fumes","floor":42.0,"key":"SMITH"},{"floor":44.0,"key":"REST"},{"floor":49.0,"key":"RECALL"}],"neow_cost":"NO_GOLD","seed_source_timestamp":0,"circlet_count":0,"master_deck":["AscendersBane","Defend_G","Defend_G","Defend_G+1","Defend_G","Defend_G","Survivor","Neutralize+1","Noxious Fumes+1","Backflip+1","Blur","Dash+1","After Image","PiercingWail","Armaments+1","HandOfGreed","Noxious Fumes+1","Echo Form","Flash of Steel","Entrench","Juggernaut","Body Slam"],"special_seed":0,"relics":["Ring of the Snake","Prayer Wheel","Oddly Smooth Stone","Bag of Marbles","Golden Idol","Sozu","PrismaticShard","Vajra","Peace Pipe","Old Coin","TheAbacus","Philosopher\u0027s Stone","War Paint","Dodecahedron"],"potions_floor_usage":[],"damage_taken":[{"damage":6.0,"enemies":"Jaw Worm","floor":1.0,"turns":7.0},{"damage":2.0,"enemies":"Small Slimes","floor":3.0,"turns":3.0},{"damage":2.0,"enemies":"2 Louse","floor":4.0,"turns":2.0},{"damage":16.0,"enemies":"Lagavulin","floor":7.0,"turns":8.0},{"damage":3.0,"enemies":"Exordium Thugs","floor":8.0,"turns":5.0},{"damage":1.0,"enemies":"Blue Slaver","floor":11.0,"turns":5.0},{"damage":11.0,"enemies":"Slime Boss","floor":16.0,"turns":11.0},{"damage":3.0,"enemies":"Shell Parasite","floor":18.0,"turns":7.0},{"damage":7.0,"enemies":"2 Thieves","floor":22.0,"turns":5.0},{"damage":19.0,"enemies":"Gremlin Leader","floor":23.0,"turns":9.0},{"damage":0.0,"enemies":"Centurion and Healer","floor":24.0,"turns":8.0},{"damage":25.0,"enemies":"Book of Stabbing","floor":28.0,"turns":7.0},{"damage":9.0,"enemies":"Snake Plant","floor":29.0,"turns":6.0},{"damage":6.0,"enemies":"Collector","floor":33.0,"turns":10.0},{"damage":10.0,"enemies":"3 Darklings","floor":35.0,"turns":6.0},{"damage":9.0,"enemies":"Orb Walker","floor":39.0,"turns":4.0},{"damage":40.0,"enemies":"Transient","floor":46.0,"turns":6.0},{"damage":4.0,"enemies":"Nemesis","floor":47.0,"turns":13.0},{"damage":0.0,"enemies":"Jaw Worm Horde","floor":48.0,"turns":7.0},{"damage":9,"enemies":"Awakened One","floor":50,"turns":2}],"seed_played":"9209415215900534503","potions_obtained":[{"floor":1.0,"key":"LiquidBronze"},{"floor":7.0,"key":"Weak Potion"},{"floor":16.0,"key":"Poison Potion"}],"is_trial":false,"path_per_floor":["M","?","M","M","?","R","E","M","T","$","M","R","?","?","R","B",null,"M","?","$","?","M","E","M","R","T","R","E","M","?","$","R","B",null,"M","$","$","?","M","R","$","R","T","R","$","M","E","M","R","B"],"character_chosen":"THE_SILENT","items_purchased":["PrismaticShard","TheAbacus","Noxious Fumes","War Paint"],"campfire_rested":4,"item_purchase_floors":[20,31,31,45],"current_hp_per_floor":[53,53,51,49,29,29,13,10,10,10,9,9,9,2,20,9,47,44,44,44,44,37,18,18,18,18,36,11,2,2,2,20,14,49,39,39,39,39,30,30,30,30,30,48,48,8,4,4,4,0],"gold":175,"neow_bonus":"ONE_RARE_RELIC","is_prod":false,"is_daily":false,"chose_seed":false,"campfire_upgraded":4,"win_rate":0,"timestamp":1565414488,"path_taken":["M","?","M","M","?","R","E","M","T","$","?","R","?","?","R","BOSS","M","?","?","?","M","E","?","R","T","R","E","M","?","$","R","BOSS","M","?","$","?","?","R","$","R","T","R","$","M","E","M","R","BOSS"],"build_version":"2019-07-17","purchased_purges":3,"victory":false,"max_hp_per_floor":[66,66,66,66,66,66,66,66,66,66,66,66,60,60,60,60,60,60,60,60,60,60,60,60,60,60,60,60,60,60,60,60,60,60,60,60,60,60,60,60,60,60,60,60,60,60,60,60,60,60],"card_choices":[{"not_picked":["Reflex","Acrobatics","Dodge and Roll"],"picked":"SKIP","floor":1.0},{"not_picked":["Deflect","Quick Slash","Bane"],"picked":"SKIP","floor":1.0},{"not_picked":["Bane","Outmaneuver"],"picked":"Noxious Fumes","floor":3.0},{"not_picked":["Dodge and Roll","Deflect","Choke"],"picked":"SKIP","floor":3.0},{"not_picked":["Slice","Choke"],"picked":"Backflip","floor":4.0},{"not_picked":["Flying Knee","Outmaneuver","Terror"],"picked":"SKIP","floor":4.0},{"not_picked":["Backflip","Bane","Slice"],"picked":"SKIP","floor":7.0},{"not_picked":["Backflip","Bane","Slice"],"picked":"SKIP","floor":7.0},{"not_picked":["Predator","Reflex"],"picked":"Blur","floor":8.0},{"not_picked":["Underhanded Strike","Reflex","Caltrops"],"picked":"SKIP","floor":8.0},{"not_picked":["Slice","Prepared"],"picked":"Dash","floor":11.0},{"not_picked":["Backflip","Endless Agony","Deadly Poison"],"picked":"SKIP","floor":11.0},{"not_picked":["Tools of the Trade","Night Terror"],"picked":"After Image","floor":16.0},{"not_picked":["Cloak And Dagger","Quick Slash","Slice"],"picked":"SKIP","floor":18.0},{"not_picked":["Finisher","Eviscerate","Blade Dance"],"picked":"SKIP","floor":18.0},{"not_picked":["Havoc","Steam"],"picked":"PiercingWail","floor":22.0},{"not_picked":["Madness","Bane","Blade Dance"],"picked":"SKIP","floor":22.0},{"not_picked":["Slice","Cleave"],"picked":"Armaments","floor":23.0},{"not_picked":["Disarm","Rebound"],"picked":"HandOfGreed","floor":24.0},{"not_picked":["Whirlwind+1","Prepared","Steam"],"picked":"SKIP","floor":24.0},{"not_picked":["Bane","Quick Slash","Sword Boomerang"],"picked":"SKIP","floor":28.0},{"not_picked":["Outmaneuver","Clothesline","Doom and Gloom+1"],"picked":"SKIP","floor":29.0},{"not_picked":["Skewer","Lockon","Forethought"],"picked":"SKIP","floor":29.0},{"not_picked":["Storm of Steel","Hyperbeam"],"picked":"Echo Form","floor":33.0},{"not_picked":["Twin Strike","Flechettes"],"picked":"Flash of Steel","floor":35.0},{"not_picked":["Feel No Pain+1","Tempest+1","Bane+1"],"picked":"SKIP","floor":35.0},{"not_picked":["Spot Weakness","Tempest","Deadly Poison"],"picked":"SKIP","floor":39.0},{"not_picked":["Noxious Fumes","Redo","Anger"],"picked":"SKIP","floor":39.0},{"not_picked":["PiercingWail","Turbo"],"picked":"Entrench","floor":46.0},{"not_picked":["Beam Cell","Sword Boomerang","Conserve Battery+1"],"picked":"SKIP","floor":46.0},{"not_picked":["Blood for Blood","Rampage"],"picked":"Juggernaut","floor":47.0},{"not_picked":["Purity+1","Skim"],"picked":"Body Slam","floor":48.0},{"not_picked":["Genetic Algorithm","Cold Snap","Force Field"],"picked":"SKIP","floor":48.0},{"not_picked":["Genetic Algorithm","Cold Snap","Force Field"],"picked":"SKIP","floor":48.0}],"player_experience":764433,"relics_obtained":[{"floor":7.0,"key":"Oddly Smooth Stone"},{"floor":9.0,"key":"Bag of Marbles"},{"floor":23.0,"key":"Vajra"},{"floor":26.0,"key":"Peace Pipe"},{"floor":28.0,"key":"Old Coin"},{"floor":47.0,"key":"Dodecahedron"}],"event_choices":[{"damage_healed":0.0,"max_hp_gain":0.0,"max_hp_loss":0.0,"gold_gain":0.0,"cards_transformed":["Strike_G"],"event_name":"Living Wall","player_choice":"Change","floor":2.0,"gold_loss":0.0,"damage_taken":0.0,"cards_obtained":["Dagger Spray"]},{"damage_healed":0.0,"max_hp_gain":0.0,"max_hp_loss":0.0,"gold_gain":0.0,"event_name":"Shining Light","player_choice":"Entered Light","floor":5.0,"gold_loss":0.0,"damage_taken":20.0,"cards_upgraded":["Noxious Fumes","Strike_G"]},{"damage_healed":0.0,"max_hp_gain":0.0,"max_hp_loss":6.0,"gold_gain":0.0,"event_name":"Golden Idol","player_choice":"Lose Max HP","floor":13.0,"gold_loss":0.0,"damage_taken":0.0,"relics_obtained":["Golden Idol"]},{"cards_removed":["Strike_G"],"damage_healed":0.0,"max_hp_gain":0.0,"max_hp_loss":0.0,"gold_gain":0.0,"event_name":"Golden Wing","player_choice":"Card Removal","floor":14.0,"gold_loss":0.0,"damage_taken":7.0},{"damage_healed":0.0,"max_hp_gain":0.0,"max_hp_loss":0.0,"gold_gain":50.0,"event_name":"Golden Shrine","player_choice":"Pray","floor":19.0,"gold_loss":0.0,"damage_taken":0.0},{"damage_healed":0.0,"max_hp_gain":0.0,"max_hp_loss":0.0,"gold_gain":0.0,"event_name":"Accursed Blacksmith","player_choice":"Forge","floor":21.0,"gold_loss":0.0,"damage_taken":0.0,"cards_upgraded":["Neutralize"]},{"damage_healed":0.0,"max_hp_gain":0.0,"max_hp_loss":0.0,"gold_gain":200.0,"event_name":"Wheel of Change","player_choice":"Gold","floor":30.0,"gold_loss":0.0,"damage_taken":0.0},{"damage_healed":0.0,"max_hp_gain":0.0,"max_hp_loss":0.0,"gold_gain":0.0,"event_name":"Lab","player_choice":"Got Potions","floor":38.0,"gold_loss":0.0,"damage_taken":0.0}],"is_beta":false,"boss_relics":[{"not_picked":["Snecko Eye","Black Star"],"picked":"Sozu"},{"not_picked":["Cursed Key","Lizard Tail"],"picked":"Philosopher\u0027s Stone"}],"items_purged_floors":[10,31,37],"is_endless":false,"potions_floor_spawned":[1,7,16,28,33,35,46,47],"killed_by":"Awakened One","ascension_level":20}