{"gold_per_floor":[114,114,39,39,55,55,71,71,71,71,71,121,162,185,185,309,309,333,354,329,342,492,492,492],"floor_reached":24,"playtime":1398,"items_purged":["Strike_B"],"score":262,"play_id":"fa079c17-8c49-474e-aa8b-f32d9f46f1d8","local_time":"20180827181801","is_ascension_mode":true,"campfire_choices":[{"floor":6,"key":"REST"},{"data":"Zap","floor":8,"key":"SMITH"},{"data":"Ball Lightning","floor":10,"key":"SMITH"},{"floor":15,"key":"REST"},{"floor":23,"key":"REST"}],"neow_cost":"NONE","seed_source_timestamp":196041541185048,"circlet_count":0,"master_deck":["Strike_B","Strike_B","Defend_B+1","Defend_B","Defend_B+1","Defend_B","Zap+1","Dualcast","Thunder Strike","Doom and Gloom","Ball Lightning+1","Tempest","Creative AI","Ball Lightning+1","Glacier+1"],"relics":["Cracked Core","Golden Idol","SsserpentHead","Matryoshka","War Paint","Bottled Lightning","Nuclear Battery"],"potions_floor_usage":[13,16,16,24,24],"damage_taken":[{"damage":11,"enemies":"2 Louse","floor":1,"turns":3},{"damage":1,"enemies":"Small Slimes","floor":5,"turns":4},{"damage":0,"enemies":"Cultist","floor":7,"turns":3},{"damage":12,"enemies":"3 Sentries","floor":13,"turns":5},{"damage":13,"enemies":"Lots of Slimes","floor":14,"turns":2},{"damage":21,"enemies":"Hexaghost","floor":16,"turns":8},{"damage":4,"enemies":"3 Byrds","floor":18,"turns":2},{"damage":18,"enemies":"Spheric Guardian","floor":19,"turns":4},{"damage":26,"enemies":"Centurion and Healer","floor":21,"turns":5},{"damage":44,"enemies":"Slavers","floor":24,"turns":4}],"seed_played":"7217673912924047442","potions_obtained":[{"floor":1,"key":"EssenceOfSteel"},{"floor":5,"key":"SpeedPotion"},{"floor":7,"key":"SteroidPotion"},{"floor":16,"key":"FocusPotion"},{"floor":21,"key":"PowerPotion"}],"is_trial":false,"path_per_floor":["M","?","$","?","M","R","M","R","T","R","$","?","E","M","R","B",null,"M","M","?","M","?","R"],"character_chosen":"DEFECT","items_purchased":[],"campfire_rested":3,"item_purchase_floors":[],"current_hp_per_floor":[57,39,39,39,38,60,60,60,60,60,60,57,45,32,54,33,65,61,43,43,17,17,39,0],"gold":492,"neow_bonus":"ONE_RANDOM_RARE_CARD","is_prod":false,"is_daily":false,"chose_seed":false,"campfire_upgraded":2,"win_rate":0,"timestamp":1535408281,"path_taken":["M","?","$","?","M","R","M","R","T","R","$","?","E","M","R","BOSS","M","M","?","M","?","R","E"],"build_version":"2018-08-23v2","purchased_purges":1,"victory":false,"max_hp_per_floor":[75,75,75,75,75,75,75,75,75,75,75,75,75,75,75,75,75,75,75,75,75,75,75,75],"card_choices":[{"not_picked":["Double Energy","Stack"],"picked":"Doom and Gloom","floor":1},{"not_picked":["Hello World","Melter"],"picked":"Ball Lightning","floor":5},{"not_picked":["Compile Driver","Barrage","Streamline"],"picked":"SKIP","floor":7},{"not_picked":["Streamline","Fusion","Turbo"],"picked":"SKIP","floor":13},{"not_picked":["Ball Lightning","Loop"],"picked":"Tempest","floor":14},{"not_picked":["Hyperbeam","Thunder Strike"],"picked":"Creative AI","floor":16},{"not_picked":["Cold Snap+1","Streamline","Go for the Eyes+1"],"picked":"SKIP","floor":18},{"not_picked":["Rebound","Genetic Algorithm"],"picked":"Ball Lightning+1","floor":19},{"not_picked":["Hologram","Barrage+1"],"picked":"Glacier+1","floor":21}],"player_experience":270084,"relics_obtained":[{"floor":9,"key":"Matryoshka"},{"floor":13,"key":"Bottled Lightning"}],"event_choices":[{"event_name":"Golden Idol","player_choice":"Take Damage","floor":2,"damage_taken":0},{"event_name":"FaceTrader","player_choice":"Trade","floor":4,"damage_taken":0},{"event_name":"Scrap Ooze","player_choice":"success","floor":12,"damage_taken":3},{"event_name":"Beggar","player_choice":"Gave Gold","floor":20,"damage_taken":0},{"event_name":"Golden Shrine","player_choice":"Pray","floor":22,"damage_taken":0}],"is_beta":false,"boss_relics":[{"not_picked":["Coffee Dripper","Philosopher\u0027s Stone"],"picked":"Nuclear Battery"}],"items_purged_floors":[3],"is_endless":false,"potions_floor_spawned":[1,5,7,16,21],"killed_by":"Slavers","ascension_level":7}