{"gold_per_floor":[113,113,113,125,136,136,149,149,174,209,225,255,255,255,255,333,333,305,265,27,27,27,59,59,70,70,33,33,33,47,47,47,121,121,140,151,151,151,168,168,184,199,199,217,217,217,236,30,30,30],"floor_reached":51,"playtime":3605,"items_purged":["Strike_B"],"score":1063,"play_id":"a4c2afbc-a979-426a-9c73-75ebb4bd99f7","local_time":"20181010190103","is_ascension_mode":true,"campfire_choices":[{"data":"Zap","floor":6,"key":"SMITH"},{"data":"Conserve Battery","floor":8,"key":"SMITH"},{"data":"White Noise","floor":13,"key":"SMITH"},{"data":"Darkness","floor":15,"key":"SMITH"},{"floor":24,"key":"REST"},{"data":"Hologram","floor":28,"key":"SMITH"},{"floor":32,"key":"REST"},{"data":"Coolheaded","floor":40,"key":"SMITH"},{"data":"Auto Shields","floor":45,"key":"SMITH"},{"floor":49,"key":"REST"}],"neow_cost":"NONE","seed_source_timestamp":71951828019131,"circlet_count":0,"master_deck":["Strike_B+1","Strike_B+1","Defend_B","Defend_B","Defend_B","Zap+1","Dualcast","AscendersBane","Conserve Battery+1","Auto Shields+1","Darkness+1","Coolheaded+1","White Noise+1","Static Discharge+1","Fission+1","Hologram+1","Self Repair+1","Defragment+1","Reinforced Body+1","Compile Driver","Mayhem+1","Fusion","Defragment+1","Cold Snap"],"relics":["Cracked Core","Whetstone","Juzu Bracelet","PreservedInsect","Mummified Hand","Frozen Egg 2","Busted Crown","Symbiotic Virus","Pear","Dream Catcher","Cursed Key"],"potions_floor_usage":[16,18,33,33,50,50],"damage_taken":[{"damage":0,"enemies":"Small Slimes","floor":1,"turns":2},{"damage":0,"enemies":"Jaw Worm","floor":4,"turns":2},{"damage":0,"enemies":"Cultist","floor":5,"turns":4},{"damage":2,"enemies":"Red Slaver","floor":7,"turns":4},{"damage":19,"enemies":"3 Sentries","floor":10,"turns":8},{"damage":0,"enemies":"Exordium Thugs","floor":11,"turns":5},{"damage":3,"enemies":"Lagavulin","floor":12,"turns":6},{"damage":3,"enemies":"Hexaghost","floor":16,"turns":9},{"damage":17,"enemies":"2 Thieves","floor":18,"turns":5},{"damage":22,"enemies":"Colosseum Slavers","floor":21,"turns":2},{"damage":24,"enemies":"Gremlin Leader","floor":23,"turns":7},{"damage":0,"enemies":"Shell Parasite","floor":25,"turns":5},{"damage":0,"enemies":"Snecko","floor":30,"turns":3},{"damage":42,"enemies":"Collector","floor":33,"turns":14},{"damage":1,"enemies":"Orb Walker","floor":35,"turns":3},{"damage":10,"enemies":"3 Shapes","floor":36,"turns":7},{"damage":1,"enemies":"Spire Growth","floor":39,"turns":8},{"damage":14,"enemies":"4 Shapes","floor":41,"turns":5},{"damage":24,"enemies":"Sphere and 2 Shapes","floor":42,"turns":5},{"damage":8,"enemies":"Spire Growth","floor":44,"turns":7},{"damage":17,"enemies":"Transient","floor":47,"turns":5},{"damage":29,"enemies":"Time Eater","floor":50,"turns":8}],"seed_played":"-6648604349767561490","potions_obtained":[{"floor":10,"key":"PowerPotion"},{"floor":11,"key":"Dexterity Potion"},{"floor":16,"key":"Regen Potion"},{"floor":23,"key":"LiquidBronze"},{"floor":36,"key":"FocusPotion"},{"floor":42,"key":"Poison Potion"},{"floor":47,"key":"Dexterity Potion"}],"is_trial":false,"path_per_floor":["M","?","?","M","M","R","M","R","T","E","M","E","R","?","R","B",null,"M","?","$","?","$","E","R","M","T","$","R","?","M","?","R","B",null,"M","M","?","?","M","R","M","M","T","M","R","?","M","$","R","B"],"character_chosen":"DEFECT","items_purchased":["Symbiotic Virus","Self Repair+1","Defragment+1","Cold Snap"],"campfire_rested":3,"item_purchase_floors":[20,27,48,48],"current_hp_per_floor":[64,61,61,61,61,61,59,59,59,40,40,37,37,42,42,39,67,65,65,65,43,43,29,54,54,54,54,54,54,64,64,86,54,78,77,77,77,77,82,82,78,64,64,66,66,66,59,59,82,63],"gold":30,"neow_bonus":"RANDOM_COMMON_RELIC","is_prod":false,"is_daily":false,"chose_seed":false,"campfire_upgraded":7,"win_rate":0,"timestamp":1539212463,"path_taken":["M","?","?","M","M","R","M","R","T","E","M","E","R","?","R","BOSS","M","?","$","?","$","E","R","M","T","?","R","?","M","?","R","BOSS","M","M","?","?","M","R","M","M","T","M","R","?","M","$","R","BOSS"],"build_version":"2018-10-04v2","purchased_purges":1,"victory":true,"max_hp_per_floor":[71,71,71,71,71,71,71,71,71,71,71,71,71,76,76,76,76,76,76,76,76,76,86,86,86,86,86,86,86,86,86,86,86,86,86,86,82,82,82,82,82,82,82,82,82,82,82,82,82,82],"card_choices":[{"not_picked":["Leap","Reprogram"],"picked":"Conserve Battery","floor":1},{"not_picked":["Melter","Undo"],"picked":"Auto Shields","floor":4},{"not_picked":["Rip and Tear","Barrage","Gash"],"picked":"SKIP","floor":5},{"not_picked":["Doom and Gloom","Gash"],"picked":"Darkness","floor":7},{"not_picked":["Conserve Battery","Double Energy"],"picked":"Coolheaded","floor":10},{"not_picked":["Coolheaded","Compile Driver"],"picked":"White Noise","floor":11},{"not_picked":["Thunder Strike","Go for the Eyes"],"picked":"Static Discharge","floor":12},{"not_picked":["All For One","Hyperbeam"],"picked":"Fission","floor":16},{"not_picked":["Recycle+1"],"picked":"SKIP","floor":18},{"not_picked":[],"picked":"Hologram","floor":23},{"not_picked":["Auto Shields"],"picked":"SKIP","floor":25},{"not_picked":["Skim"],"picked":"SKIP","floor":30},{"not_picked":["Barrage"],"picked":"SKIP","floor":35},{"not_picked":[],"picked":"Reinforced Body+1","floor":36},{"not_picked":["Force Field"],"picked":"SKIP","floor":39},{"not_picked":["Beam Cell"],"picked":"SKIP","floor":41},{"not_picked":["Beam Cell"],"picked":"SKIP","floor":41},{"not_picked":["Blizzard"],"picked":"SKIP","floor":42},{"not_picked":[],"picked":"Compile Driver","floor":44},{"not_picked":[],"picked":"Mayhem+1","floor":46},{"not_picked":[],"picked":"Fusion","floor":47}],"player_experience":517864,"relics_obtained":[{"floor":9,"key":"PreservedInsect"},{"floor":10,"key":"Mummified Hand"},{"floor":12,"key":"Frozen Egg 2"},{"floor":23,"key":"Pear"},{"floor":26,"key":"Dream Catcher"}],"event_choices":[{"event_name":"Scrap Ooze","player_choice":"success","floor":2,"damage_taken":3},{"event_name":"Purifier","player_choice":"One Purge","floor":3,"damage_taken":0},{"event_name":"Big Fish","player_choice":"Donut","floor":14,"damage_taken":0},{"event_name":"Designer","player_choice":"Upgrade Card","floor":19,"damage_taken":0},{"event_name":"Colosseum","player_choice":"Fight","floor":21,"damage_taken":0},{"event_name":"Colosseum","player_choice":"Fled From Nobs","floor":21,"damage_taken":0},{"event_name":"The Library","player_choice":"Read","floor":29,"damage_taken":0},{"event_name":"Ghosts","player_choice":"Ignored","floor":31,"damage_taken":0},{"event_name":"Winding Halls","player_choice":"Max HP","floor":37,"damage_taken":0},{"event_name":"Falling","player_choice":"Removed Skill","floor":38,"damage_taken":0},{"event_name":"SensoryStone","player_choice":"Memory 1","floor":46,"damage_taken":0}],"is_beta":false,"boss_relics":[{"not_picked":["Coffee Dripper","Tiny House"],"picked":"Busted Crown"},{"not_picked":["Fusion Hammer","Nuclear Battery"],"picked":"Cursed Key"}],"items_purged_floors":[48],"is_endless":false,"potions_floor_spawned":[10,11,16,21,23,30,36,42,47],"ascension_level":14}