{"gold_per_floor":[110,110,121,10,23,23,56,56,56,82,82,100,111,140,140,212,212,227,243,20,38,50,83,83,55,104,104,139,166,166,184,184,255,255,271,271,291,302,524,551,551,604,629,629,629,660,670,158,158,158,158,158,158,8,41,41],"floor_reached":56,"playtime":3005,"items_purged":["Strike_B","Defend_B","Mayhem","Ball Lightning"],"score":2076,"play_id":"6aa918c0-51b2-427c-ab3a-f3b3e77a1b87","local_time":"20190818002212","is_ascension_mode":true,"campfire_choices":[{"data":"Streamline","floor":6.0,"key":"SMITH"},{"floor":8.0,"key":"REST"},{"data":"Zap","floor":15.0,"key":"SMITH"},{"data":"Turbo","floor":24.0,"key":"SMITH"},{"data":"Coolheaded","floor":27.0,"key":"SMITH"},{"data":"Blizzard","floor":32.0,"key":"SMITH"},{"data":"Hologram","floor":41.0,"key":"SMITH"},{"floor":44.0,"key":"RECALL"},{"data":"Defragment","floor":49.0,"key":"SMITH"},{"data":"Skim","floor":53,"key":"SMITH"}],"neow_cost":"NONE","seed_source_timestamp":223181569716000,"circlet_count":0,"master_deck":["AscendersBane","Defend_B","Defend_B","Zap+1","Dualcast","Streamline+1","Auto Shields","Hologram+1","Glacier","Skim+1","Electrodynamics","Turbo+1","Coolheaded+1","Blizzard+1","Capacitor","Undo","Reboot","Coolheaded+1","Seek+1","Echo Form","Defragment+1","Hologram"],"special_seed":0,"relics":["Empty Cage","Peace Pipe","Ginger","Anchor","Centennial Puzzle","Coffee Dripper","Bag of Marbles","Bag of Preparation","Red Mask","Orichalcum","Busted Crown","Art of War","Prayer Wheel","Sundial","PreservedInsect","Kunai"],"potions_floor_usage":[50,50],"damage_taken":[{"damage":7.0,"enemies":"2 Louse","floor":1.0,"turns":3.0},{"damage":2.0,"enemies":"Small Slimes","floor":3.0,"turns":5.0},{"damage":1.0,"enemies":"Cultist","floor":5.0,"turns":4.0},{"damage":9.0,"enemies":"Lagavulin","floor":7.0,"turns":6.0},{"damage":10.0,"enemies":"3 Sentries","floor":10.0,"turns":7.0},{"damage":4.0,"enemies":"Red Slaver","floor":12.0,"turns":2.0},{"damage":1.0,"enemies":"Exordium Wildlife","floor":13.0,"turns":5.0},{"damage":18.0,"enemies":"Lagavulin","floor":14.0,"turns":7.0},{"damage":13.0,"enemies":"The Guardian","floor":16.0,"turns":10.0},{"damage":0.0,"enemies":"3 Byrds","floor":18.0,"turns":2.0},{"damage":7.0,"enemies":"Chosen","floor":19.0,"turns":4.0},{"damage":3.0,"enemies":"Snecko","floor":21.0,"turns":4.0},{"damage":9.0,"enemies":"Sentry and Sphere","floor":22.0,"turns":5.0},{"damage":22.0,"enemies":"Slavers","floor":23.0,"turns":5.0},{"damage":0.0,"enemies":"Masked Bandits","floor":28.0,"turns":3.0},{"damage":0.0,"enemies":"Gremlin Leader","floor":29.0,"turns":4.0},{"damage":1.0,"enemies":"Cultist and Chosen","floor":31.0,"turns":5.0},{"damage":0.0,"enemies":"Champ","floor":33.0,"turns":19.0},{"damage":0.0,"enemies":"Orb Walker","floor":35.0,"turns":4.0},{"damage":3.0,"enemies":"3 Darklings","floor":37.0,"turns":3.0},{"damage":0.0,"enemies":"Spire Growth","floor":38.0,"turns":5.0},{"damage":4.0,"enemies":"Giant Head","floor":40.0,"turns":8.0},{"damage":10.0,"enemies":"2 Orb Walkers","floor":42.0,"turns":4.0},{"damage":23.0,"enemies":"Nemesis","floor":46.0,"turns":11.0},{"damage":0.0,"enemies":"Writhing Mass","floor":47.0,"turns":6.0},{"damage":5,"enemies":"Time Eater","floor":50,"turns":13},{"damage":8,"enemies":"Awakened One","floor":51,"turns":12},{"damage":44,"enemies":"Shield and Spear","floor":55,"turns":5},{"damage":13,"enemies":"The Heart","floor":56,"turns":2}],"seed_played":"-2164384498713731397","potions_obtained":[{"floor":5.0,"key":"LiquidBronze"},{"floor":7.0,"key":"Fire Potion"},{"floor":13.0,"key":"Regen Potion"},{"floor":14.0,"key":"Block Potion"},{"floor":16.0,"key":"SneckoOil"},{"floor":19.0,"key":"SteroidPotion"},{"floor":29.0,"key":"SkillPotion"},{"floor":31.0,"key":"SpeedPotion"},{"floor":38.0,"key":"FocusPotion"},{"floor":47.0,"key":"SneckoOil"}],"is_trial":false,"path_per_floor":["M","?","M","$","M","R","E","R","T","E","?","M","M","E","R","B",null,"M","M","$","M","M","E","R","$","T","R","?","E","?","M","R","B",null,"M","?","M","M","?","E","R","?","T","R","?","E","M","$","R","B","B",null,"R","$","E","B"],"character_chosen":"DEFECT","items_purchased":["Auto Shields","Blizzard","Capacitor","Coolheaded","Defragment","Hologram","PreservedInsect","Regen Potion"],"campfire_rested":1,"item_purchase_floors":[4,20,20,25,48,48,48,48],"current_hp_per_floor":[57,50,48,48,47,47,38,59,59,49,49,45,44,26,26,13,57,57,50,50,47,38,16,16,16,16,16,16,16,16,15,15,15,57,57,57,54,54,54,50,50,40,40,40,35,12,12,12,12,22,14,57,57,57,13,0],"gold":41,"neow_bonus":"BOSS_RELIC","is_prod":false,"is_daily":false,"chose_seed":false,"campfire_upgraded":8,"win_rate":0,"timestamp":1566058932,"path_taken":["M","?","M","$","M","R","E","R","T","E","?","M","M","E","R","BOSS","M","?","$","M","M","E","R","?","T","R","?","E","?","?","R","BOSS","M","?","?","M","?","E","R","?","T","R","?","E","?","$","R","BOSS","BOSS","R","$","E","BOSS"],"build_version":"2019-07-17","purchased_purges":4,"victory":false,"max_hp_per_floor":[71,71,71,71,71,71,71,71,71,71,71,71,71,71,71,71,71,71,71,71,71,71,71,71,71,71,71,71,71,71,71,71,71,71,71,71,71,71,71,71,71,71,71,71,71,71,71,71,71,71,71,71,71,71,71,71],"card_choices":[{"not_picked":["Go for the Eyes","Rebound","Beam Cell"],"picked":"SKIP","floor":1.0},{"not_picked":["Beam Cell","Rebound"],"picked":"Streamline","floor":3.0},{"not_picked":["Storm","Reprogram"],"picked":"Ball Lightning","floor":5.0},{"not_picked":["Doom and Gloom","Go for the Eyes","Rebound"],"picked":"SKIP","floor":7.0},{"not_picked":["Chill","Leap"],"picked":"Hologram","floor":10.0},{"not_picked":["Beam Cell","BootSequence"],"picked":"Glacier","floor":12.0},{"not_picked":["Cold Snap","Rip and Tear"],"picked":"Skim","floor":13.0},{"not_picked":["Rip and Tear","Lockon","Amplify"],"picked":"SKIP","floor":14.0},{"not_picked":["Reboot","Multi-Cast"],"picked":"Electrodynamics","floor":16.0},{"not_picked":["Beam Cell","Blizzard"],"picked":"Turbo","floor":18.0},{"not_picked":["Redo","White Noise"],"picked":"Coolheaded+1","floor":19.0},{"not_picked":["Self Repair","Rebound","Gash+1"],"picked":"SKIP","floor":21.0},{"not_picked":["Self Repair","Rebound","Gash+1"],"picked":"SKIP","floor":21.0},{"not_picked":["Scrape","Go for the Eyes"],"picked":"Undo","floor":22.0},{"not_picked":["Ball Lightning+1","Streamline"],"picked":"Reboot","floor":23.0},{"not_picked":["Aggregate","Coolheaded+1","Barrage"],"picked":"SKIP","floor":29.0},{"not_picked":["Cold Snap","Gash"],"picked":"Seek","floor":31.0},{"not_picked":["Amplify","Rainbow"],"picked":"Echo Form","floor":33.0},{"not_picked":["Stack"],"picked":"SKIP","floor":35.0},{"not_picked":["Go for the Eyes+1"],"picked":"SKIP","floor":37.0},{"not_picked":["Conserve Battery"],"picked":"SKIP","floor":38.0},{"not_picked":["Self Repair"],"picked":"SKIP","floor":40.0},{"not_picked":[],"picked":"Mayhem","floor":45.0},{"not_picked":["Static Discharge"],"picked":"SKIP","floor":46.0},{"not_picked":["Leap"],"picked":"SKIP","floor":47.0},{"not_picked":["Hello World"],"picked":"SKIP","floor":47.0},{"not_picked":["Cold Snap"],"picked":"SKIP","floor":55}],"player_experience":823176,"relics_obtained":[{"floor":7.0,"key":"Peace Pipe"},{"floor":9.0,"key":"Ginger"},{"floor":10.0,"key":"Anchor"},{"floor":14.0,"key":"Centennial Puzzle"},{"floor":23.0,"key":"Bag of Marbles"},{"floor":26.0,"key":"Bag of Preparation"},{"floor":28.0,"key":"Red Mask"},{"floor":29.0,"key":"Orichalcum"},{"floor":40.0,"key":"Art of War"},{"floor":42.0,"key":"Prayer Wheel"},{"floor":46.0,"key":"Sundial"},{"floor":55,"key":"Kunai"}],"event_choices":[{"cards_removed":["Strike_B"],"damage_healed":0.0,"max_hp_gain":0.0,"max_hp_loss":0.0,"gold_gain":0.0,"event_name":"Golden Wing","player_choice":"Card Removal","floor":2.0,"gold_loss":0.0,"damage_taken":7.0},{"cards_removed":["Defend_B"],"damage_healed":0.0,"max_hp_gain":0.0,"max_hp_loss":0.0,"gold_gain":0.0,"event_name":"Bonfire Elementals","player_choice":"Offered Basic","floor":11.0,"gold_loss":0.0,"damage_taken":0.0},{"damage_healed":0.0,"max_hp_gain":0.0,"max_hp_loss":0.0,"gold_gain":0.0,"event_name":"Masked Bandits","player_choice":"Fought Bandits","floor":28.0,"gold_loss":0.0,"damage_taken":0.0},{"damage_healed":0.0,"max_hp_gain":0.0,"max_hp_loss":0.0,"gold_gain":0.0,"event_name":"Cursed Tome","player_choice":"Ignored","floor":30.0,"gold_loss":0.0,"damage_taken":0.0},{"damage_healed":0.0,"max_hp_gain":0.0,"max_hp_loss":0.0,"gold_gain":0.0,"event_name":"Upgrade Shrine","player_choice":"Upgraded","floor":36.0,"gold_loss":0.0,"damage_taken":0.0,"cards_upgraded":["Seek"]},{"damage_healed":0.0,"max_hp_gain":0.0,"max_hp_loss":0.0,"gold_gain":222.0,"event_name":"Tomb of Lord Red Mask","player_choice":"Wore Mask","floor":39.0,"gold_loss":0.0,"damage_taken":0.0},{"damage_healed":0.0,"max_hp_gain":0.0,"max_hp_loss":0.0,"gold_gain":0.0,"event_name":"Mysterious Sphere","player_choice":"Fight","floor":42.0,"gold_loss":0.0,"damage_taken":0.0},{"damage_healed":0.0,"max_hp_gain":0.0,"max_hp_loss":0.0,"gold_gain":0.0,"event_name":"SensoryStone","player_choice":"Memory 2","floor":45.0,"gold_loss":0.0,"damage_taken":5.0}],"is_beta":false,"boss_relics":[{"not_picked":["Inserter","Cursed Key"],"picked":"Coffee Dripper"},{"not_picked":["Fusion Hammer","Lizard Tail"],"picked":"Busted Crown"}],"items_purged_floors":[4,20,48,54],"is_endless":false,"potions_floor_spawned":[5,7,13,14,16,19,29,31,33,37,38,47],"killed_by":"The Heart","ascension_level":20}