{"gold_per_floor":[214,17,37,52,65,65,92,92,92,124,144,219,219,219,219,321,321,321,321,321,321,321,321,321,321,321,321,321,321,321,321,321,321,321,321,321,321,321,246,246,246,246,246,39,39,39,39,3,3,3],"floor_reached":50,"playtime":3827,"items_purged":["Strike_B"],"score":822,"play_id":"575ab185-cf9f-478c-abf7-33e2d49ba563","local_time":"20180924154324","is_ascension_mode":true,"campfire_choices":[{"data":"Defragment","floor":6,"key":"SMITH"},{"data":"Go for the Eyes","floor":8,"key":"SMITH"},{"floor":13,"key":"DIG"},{"floor":15,"key":"DIG"},{"floor":23,"key":"DIG"},{"floor":28,"key":"DIG"},{"floor":32,"key":"REST"},{"floor":40,"key":"REST"},{"floor":42,"key":"DIG"},{"floor":49,"key":"REST"}],"neow_cost":"NONE","seed_source_timestamp":68484384677452,"circlet_count":0,"master_deck":["Strike_B","Strike_B","Strike_B","Defend_B","Defend_B","Defend_B","Defend_B","Zap","Dualcast","AscendersBane","Coolheaded","Defragment+1","Coolheaded","Leap","Streamline","Leap","Echo Form","Sweeping Beam+1","Glacier","Amplify","Hologram","Redo+1","Capacitor","Darkness+1","Heatsinks","Conserve Battery+1"],"relics":["Cracked Core","Mercury Hourglass","Shovel","Pocketwatch","Ancient Tea Set","StoneCalendar","Ectoplasm","Ginger","Boot","Mummified Hand","Lantern","Oddly Smooth Stone","MutagenicStrength","Busted Crown","Dodecahedron","Dream Catcher","Art of War","Runic Capacitor"],"potions_floor_usage":[10,18,22,24,29,35,46,50,50],"damage_taken":[{"damage":2,"enemies":"Jaw Worm","floor":1,"turns":3},{"damage":0,"enemies":"Cultist","floor":3,"turns":4},{"damage":4,"enemies":"Small Slimes","floor":4,"turns":4},{"damage":4,"enemies":"Red Slaver","floor":5,"turns":5},{"damage":2,"enemies":"Lagavulin","floor":7,"turns":8},{"damage":5,"enemies":"3 Sentries","floor":10,"turns":5},{"damage":6,"enemies":"Gremlin Gang","floor":11,"turns":4},{"damage":0,"enemies":"The Guardian","floor":16,"turns":9},{"damage":0,"enemies":"3 Byrds","floor":18,"turns":5},{"damage":1,"enemies":"Spheric Guardian","floor":20,"turns":5},{"damage":8,"enemies":"Centurion and Healer","floor":22,"turns":5},{"damage":2,"enemies":"Gremlin Leader","floor":24,"turns":7},{"damage":0,"enemies":"Snecko","floor":27,"turns":5},{"damage":6,"enemies":"Snake Plant","floor":29,"turns":5},{"damage":35,"enemies":"Automaton","floor":33,"turns":14},{"damage":18,"enemies":"3 Darklings","floor":35,"turns":6},{"damage":0,"enemies":"Orb Walker","floor":38,"turns":4},{"damage":8,"enemies":"Nemesis","floor":41,"turns":11},{"damage":6,"enemies":"Spire Growth","floor":45,"turns":7},{"damage":6,"enemies":"Transient","floor":46,"turns":5},{"damage":71,"enemies":"Awakened One","floor":50,"turns":8}],"seed_played":"4138116389427086898","potions_obtained":[{"floor":4,"key":"Block Potion"},{"floor":7,"key":"PowerPotion"},{"floor":11,"key":"Fire Potion"},{"floor":14,"key":"EssenceOfSteel"},{"floor":22,"key":"GamblersBrew"},{"floor":24,"key":"SkillPotion"},{"floor":35,"key":"LiquidBronze"},{"floor":41,"key":"Weak Potion"},{"floor":45,"key":"Block Potion"}],"is_trial":false,"path_per_floor":["M","$","M","M","M","R","E","R","T","E","M","?","R","?","R","B",null,"M","?","M","$","M","R","E","?","T","M","R","M","T","?","R","B",null,"M","?","?","M","$","R","E","R","T","$","M","M","?","$","R"],"character_chosen":"DEFECT","items_purchased":["Defragment","Coolheaded","Capacitor","Runic Capacitor","Heatsinks"],"campfire_rested":3,"item_purchase_floors":[2,2,39,44,48],"current_hp_per_floor":[66,66,66,62,58,58,56,56,56,51,45,34,34,34,34,34,65,65,65,64,64,56,56,54,54,54,54,54,48,48,48,70,35,65,47,47,47,47,47,69,61,61,61,61,55,49,49,49,71,0],"gold":3,"neow_bonus":"HUNDRED_GOLD","is_prod":false,"is_daily":false,"chose_seed":false,"campfire_upgraded":2,"win_rate":0,"timestamp":1537818204,"path_taken":["M","$","M","M","M","R","E","R","T","E","M","?","R","?","R","BOSS","M","?","M","$","M","R","E","?","T","M","R","M","?","?","R","BOSS","M","?","?","M","?","R","E","R","T","$","M","?","?","?","R","BOSS"],"build_version":"2018-09-20","purchased_purges":1,"victory":false,"max_hp_per_floor":[75,75,75,75,75,75,75,75,75,75,75,75,75,75,75,75,75,75,75,75,75,75,75,75,75,75,75,75,75,75,75,75,75,75,75,75,75,75,75,75,75,75,75,75,75,75,75,75,75,75],"card_choices":[{"not_picked":["Gash","Cold Snap"],"picked":"Coolheaded","floor":1},{"not_picked":["Coolheaded","Sweeping Beam"],"picked":"Leap","floor":3},{"not_picked":["Gash","Heatsinks"],"picked":"Go for the Eyes","floor":4},{"not_picked":["Tempest","Sweeping Beam"],"picked":"Streamline","floor":5},{"not_picked":["Gash","Reprogram"],"picked":"Leap","floor":7},{"not_picked":["Conserve Battery","Redo","Heatsinks"],"picked":"SKIP","floor":10},{"not_picked":["Streamline","Lockon","Redo"],"picked":"SKIP","floor":11},{"not_picked":["Core Surge","All For One"],"picked":"Echo Form","floor":16},{"not_picked":["Skim","Ball Lightning+1"],"picked":"Sweeping Beam+1","floor":18},{"not_picked":["Steam","Stack+1","Leap"],"picked":"SKIP","floor":20},{"not_picked":["Steam","Gash","Conserve Battery"],"picked":"SKIP","floor":22},{"not_picked":["Fission","Sweeping Beam+1","Rebound"],"picked":"SKIP","floor":24},{"not_picked":["Steam","Doom and Gloom+1"],"picked":"Glacier","floor":27},{"not_picked":["BootSequence","Darkness","Streamline"],"picked":"SKIP","floor":29},{"not_picked":["Core Surge","Seek"],"picked":"Amplify","floor":33},{"not_picked":[],"picked":"Hologram","floor":35},{"not_picked":[],"picked":"Redo+1","floor":38},{"not_picked":["Turbo"],"picked":"SKIP","floor":41},{"not_picked":["Recycle"],"picked":"SKIP","floor":45},{"not_picked":[],"picked":"Darkness+1","floor":46},{"not_picked":[],"picked":"Conserve Battery+1","floor":49}],"player_experience":392817,"relics_obtained":[{"floor":7,"key":"Mercury Hourglass"},{"floor":9,"key":"Shovel"},{"floor":10,"key":"Pocketwatch"},{"floor":13,"key":"Ancient Tea Set"},{"floor":15,"key":"StoneCalendar"},{"floor":23,"key":"Ginger"},{"floor":24,"key":"Boot"},{"floor":26,"key":"Mummified Hand"},{"floor":28,"key":"Lantern"},{"floor":30,"key":"Oddly Smooth Stone"},{"floor":41,"key":"Dodecahedron"},{"floor":42,"key":"Dream Catcher"},{"floor":43,"key":"Art of War"}],"event_choices":[{"event_name":"World of Goop","player_choice":"Gather Gold","floor":12,"damage_taken":0},{"event_name":"The Lab","player_choice":"Got Potions","floor":14,"damage_taken":0},{"event_name":"Vampires","player_choice":"Ignored","floor":19,"damage_taken":0},{"event_name":"Ghosts","player_choice":"Ignored","floor":25,"damage_taken":0},{"event_name":"Drug Dealer","player_choice":"Inject Mutagens","floor":31,"damage_taken":0},{"event_name":"SensoryStone","player_choice":"Memory 1","floor":36,"damage_taken":0},{"event_name":"Falling","player_choice":"Removed Attack","floor":37,"damage_taken":0},{"event_name":"Mysterious Sphere","player_choice":"Ignore","floor":47,"damage_taken":0}],"is_beta":false,"boss_relics":[{"not_picked":["Calling Bell","Lizard Tail"],"picked":"Ectoplasm"},{"not_picked":["Snecko Eye","White Beast Statue"],"picked":"Busted Crown"}],"items_purged_floors":[2],"is_endless":false,"potions_floor_spawned":[4,7,11,22,24,35,41,45],"killed_by":"Awakened One","ascension_level":10}