{"gold_per_floor":[116,31,31,31,41,73,73,73,143,153,153,187,35,35],"floor_reached":14,"playtime":183,"items_purged":["Strike_G"],"score":242,"play_id":"442605bc-4c43-49cf-abe0-b0ea9983b192","local_time":"20190809082738","is_ascension_mode":true,"campfire_choices":[{"data":"Catalyst","floor":7.0,"key":"SMITH"},{"data":"Deadly Poison","floor":11,"key":"SMITH"}],"neow_cost":"NONE","seed_source_timestamp":1092776019588300,"circlet_count":0,"master_deck":["AscendersBane","Strike_G","Strike_G","Strike_G","Strike_G","Defend_G","Defend_G","Defend_G","Defend_G","Defend_G","Survivor","Neutralize","Deadly Poison+1","Catalyst+1","Tactician","Parasite","Prepared","Catalyst"],"special_seed":0,"relics":["Ring of the Snake","NeowsBlessing","Regal Pillow","Gremlin Horn","Meat on the Bone"],"potions_floor_usage":[14],"damage_taken":[{"damage":0.0,"enemies":"2 Louse","floor":1.0,"turns":1.0},{"damage":0.0,"enemies":"Jaw Worm","floor":5.0,"turns":1.0},{"damage":0.0,"enemies":"Gremlin Nob","floor":6.0,"turns":1.0},{"damage":0,"enemies":"Small Slimes","floor":10,"turns":5},{"damage":41,"enemies":"Lagavulin","floor":12,"turns":7},{"damage":17,"enemies":"3 Sentries","floor":14,"turns":4}],"seed_played":"7590005612543407107","potions_obtained":[{"floor":6.0,"key":"SteroidPotion"},{"floor":10,"key":"Explosive Potion"},{"floor":12,"key":"Dexterity Potion"}],"is_trial":false,"path_per_floor":["M","$","?","$","M","E","R","?","T","M","R","E","$","E"],"character_chosen":"THE_SILENT","items_purchased":["Catalyst","Catalyst"],"campfire_rested":0,"item_purchase_floors":[2,13],"current_hp_per_floor":[59,59,64,64,64,64,64,71,71,71,71,30,30,13],"gold":35,"neow_bonus":"THREE_ENEMY_KILL","is_prod":false,"is_daily":false,"chose_seed":false,"campfire_upgraded":2,"win_rate":0,"timestamp":1565310458,"path_taken":["M","$","?","$","M","E","R","?","T","?","R","E","$","E"],"build_version":"2019-07-17","purchased_purges":1,"victory":false,"max_hp_per_floor":[66,66,71,71,71,71,71,71,71,71,71,71,71,71],"card_choices":[{"not_picked":["Dagger Throw","All Out Attack"],"picked":"Deadly Poison","floor":1.0},{"not_picked":["Cloak And Dagger","Quick Slash"],"picked":"Tactician","floor":5.0},{"not_picked":["Distraction","Expertise","Outmaneuver"],"picked":"SKIP","floor":6.0},{"not_picked":["Eviscerate","PiercingWail","Underhanded Strike"],"picked":"SKIP","floor":10},{"not_picked":["Poisoned Stab","Storm of Steel"],"picked":"Prepared","floor":12}],"player_experience":759525,"relics_obtained":[{"floor":6.0,"key":"Regal Pillow"},{"floor":9,"key":"Gremlin Horn"},{"floor":12,"key":"Meat on the Bone"}],"event_choices":[{"damage_healed":0.0,"max_hp_gain":5.0,"max_hp_loss":0.0,"gold_gain":0.0,"event_name":"Big Fish","player_choice":"Donut","floor":3.0,"gold_loss":0.0,"damage_taken":0.0},{"damage_healed":17,"gold_gain":0,"player_choice":"Healed and dodged fight","damage_taken":0,"max_hp_gain":0,"max_hp_loss":0,"event_name":"Mushrooms","floor":8,"gold_loss":0,"cards_obtained":["Parasite"]}],"is_beta":false,"boss_relics":[],"items_purged_floors":[13],"is_endless":false,"potions_floor_spawned":[6,10,12],"killed_by":"3 Sentries","ascension_level":20}