{"gold_per_floor":[111,111,28,46,46,72,72,72,72,72,72,85,117,137,137,137],"floor_reached":16,"playtime":284,"items_purged":[],"score":266,"play_id":"ac85f5bb-0a00-4069-b41a-0ffcb8299f44","local_time":"20190812080257","is_ascension_mode":true,"campfire_choices":[{"data":"Noxious Fumes","floor":8.0,"key":"SMITH"},{"data":"Predator","floor":10.0,"key":"SMITH"},{"data":"Calculated Gamble","floor":15.0,"key":"SMITH"}],"neow_cost":"NONE","seed_source_timestamp":1350384820606600,"circlet_count":0,"master_deck":["AscendersBane","Strike_G","Strike_G+1","Strike_G+1","Strike_G","Defend_G","Defend_G","Defend_G","Defend_G","Defend_G","Survivor","Neutralize","Noxious Fumes+1","Predator+1","Die Die Die","Calculated Gamble+1"],"special_seed":0,"relics":["Ring of the Snake","NeowsBlessing","FaceOfCleric","Centennial Puzzle","Potion Belt","Blood Vial"],"potions_floor_usage":[16],"damage_taken":[{"damage":0.0,"enemies":"Jaw Worm","floor":1.0,"turns":1.0},{"damage":0.0,"enemies":"Cultist","floor":4.0,"turns":1.0},{"damage":0.0,"enemies":"Lagavulin","floor":6.0,"turns":1.0},{"damage":0.0,"enemies":"Small Slimes","floor":12.0,"turns":4.0},{"damage":11.0,"enemies":"3 Sentries","floor":13.0,"turns":6.0},{"damage":9.0,"enemies":"3 Louse","floor":14.0,"turns":3.0},{"damage":29,"enemies":"Hexaghost","floor":16,"turns":10}],"seed_played":"-7923772725878305368","potions_obtained":[{"floor":4.0,"key":"SpeedPotion"}],"is_trial":false,"path_per_floor":["M","?","$","M","?","E","?","R","T","R","?","M","E","M","R","B"],"character_chosen":"THE_SILENT","items_purchased":["Noxious Fumes"],"campfire_rested":0,"item_purchase_floors":[3],"current_hp_per_floor":[59,59,59,60,40,41,41,41,41,41,41,42,32,26,26,0],"gold":137,"neow_bonus":"THREE_ENEMY_KILL","is_prod":false,"is_daily":false,"chose_seed":false,"campfire_upgraded":3,"win_rate":0,"timestamp":1565568177,"path_taken":["M","?","$","?","?","E","?","R","T","R","?","M","E","M","R","BOSS"],"build_version":"2019-07-17","purchased_purges":0,"victory":false,"max_hp_per_floor":[66,66,66,67,67,68,68,68,68,68,68,69,70,71,71,71],"card_choices":[{"not_picked":["Dagger Throw","Dodge and Roll","Flying Knee"],"picked":"SKIP","floor":1.0},{"not_picked":["Bane","Poisoned Stab","Setup"],"picked":"SKIP","floor":4.0},{"not_picked":["Choke","Sucker Punch","Predator"],"picked":"SKIP","floor":6.0},{"not_picked":["Choke","Sucker Punch"],"picked":"Predator","floor":6.0},{"not_picked":["Acrobatics","Dagger Throw"],"picked":"Die Die Die","floor":12.0},{"not_picked":["Infinite Blades","PiercingWail"],"picked":"Calculated Gamble","floor":13.0},{"not_picked":["Dodge and Roll","Heel Hook","Prepared"],"picked":"SKIP","floor":14.0}],"player_experience":785133,"relics_obtained":[{"floor":6.0,"key":"Centennial Puzzle"},{"floor":9.0,"key":"Potion Belt"},{"floor":13.0,"key":"Blood Vial"}],"event_choices":[{"damage_healed":0.0,"max_hp_gain":0.0,"max_hp_loss":0.0,"gold_gain":0.0,"event_name":"FaceTrader","player_choice":"Trade","floor":2.0,"gold_loss":0.0,"damage_taken":0.0,"relics_obtained":["FaceOfCleric"]},{"damage_healed":0.0,"max_hp_gain":0.0,"max_hp_loss":0.0,"gold_gain":0.0,"event_name":"Shining Light","player_choice":"Entered Light","floor":5.0,"gold_loss":0.0,"damage_taken":20.0,"cards_upgraded":["Strike_G","Strike_G"]},{"damage_healed":0.0,"max_hp_gain":0.0,"max_hp_loss":0.0,"gold_gain":0.0,"event_name":"The Cleric","player_choice":"Leave","floor":7.0,"gold_loss":0.0,"damage_taken":0.0},{"cards_removed":["Strike_G"],"damage_healed":0.0,"max_hp_gain":0.0,"max_hp_loss":0.0,"gold_gain":0.0,"event_name":"Bonfire Elementals","player_choice":"Offered Basic","floor":11.0,"gold_loss":0.0,"damage_taken":0.0}],"is_beta":false,"boss_relics":[],"items_purged_floors":[],"is_endless":false,"potions_floor_spawned":[4],"killed_by":"Hexaghost","ascension_level":20}