{"gold_per_floor":[111,91,16,31,41,41,68,68,68,68,81,115,115,131,131,202,202,213,213,226,5,15,15,30,56,136,136,149,149],"floor_reached":29,"playtime":957,"items_purged":["Strike_G"],"score":510,"play_id":"5e494d3d-ce10-43b3-bf87-b5967ad20cbd","local_time":"20190820131948","is_ascension_mode":true,"campfire_choices":[{"data":"Bouncing Flask","floor":6.0,"key":"SMITH"},{"data":"Neutralize","floor":10.0,"key":"SMITH"},{"data":"Adrenaline","floor":15.0,"key":"SMITH"},{"data":"Burst","floor":23.0,"key":"SMITH"}],"neow_cost":"PERCENT_DAMAGE","seed_source_timestamp":0,"circlet_count":0,"master_deck":["AscendersBane","Strike_G","Defend_G","Defend_G","Defend_G","Defend_G","Defend_G","Survivor","Neutralize+1","Dodge and Roll","Adrenaline+1","Bouncing Flask+1","Burst+1","Noxious Fumes"],"special_seed":0,"relics":["Ring of the Snake","Pantograph","The Courier","Ninja Scroll","Sozu","Sundial","Boot","Kunai"],"potions_floor_usage":[28],"damage_taken":[{"damage":1.0,"enemies":"Small Slimes","floor":1.0,"turns":6.0},{"damage":0.0,"enemies":"Cultist","floor":4.0,"turns":3.0},{"damage":3.0,"enemies":"2 Louse","floor":5.0,"turns":3.0},{"damage":34.0,"enemies":"3 Sentries","floor":7.0,"turns":10.0},{"damage":10.0,"enemies":"Large Slime","floor":11.0,"turns":7.0},{"damage":3.0,"enemies":"Lagavulin","floor":12.0,"turns":5.0},{"damage":0.0,"enemies":"Looter","floor":14.0,"turns":3.0},{"damage":17.0,"enemies":"The Guardian","floor":16.0,"turns":10.0},{"damage":3.0,"enemies":"Spheric Guardian","floor":18.0,"turns":5.0},{"damage":0.0,"enemies":"Chosen","floor":20.0,"turns":3.0},{"damage":14.0,"enemies":"Shelled Parasite and Fungi","floor":22.0,"turns":7.0},{"damage":3.0,"enemies":"Snecko","floor":24.0,"turns":6.0},{"damage":16.0,"enemies":"Book of Stabbing","floor":25.0,"turns":5.0},{"damage":5,"enemies":"Cultist and Chosen","floor":28,"turns":5},{"damage":7,"enemies":"3 Cultists","floor":29,"turns":4}],"seed_played":"8339038684508872711","potions_obtained":[{"floor":1.0,"key":"PowerPotion"},{"floor":2.0,"key":"Swift Potion"},{"floor":7.0,"key":"LiquidBronze"},{"floor":12.0,"key":"Swift Potion"}],"is_trial":false,"path_per_floor":["M","?","$","M","M","R","E","?","T","R","M","E","?","M","R","B",null,"M","?","M","$","M","R","M","E","T","?","M","M"],"character_chosen":"THE_SILENT","items_purchased":["Sundial"],"campfire_rested":0,"item_purchase_floors":[21],"current_hp_per_floor":[43,43,43,43,40,40,6,28,28,28,18,15,8,8,8,16,54,51,51,51,51,37,37,34,18,18,18,13,6],"gold":149,"neow_bonus":"TRANSFORM_TWO_CARDS","is_prod":false,"is_daily":false,"chose_seed":false,"campfire_upgraded":4,"win_rate":0,"timestamp":1566278388,"path_taken":["M","?","$","M","?","R","E","?","T","R","M","E","?","M","R","BOSS","M","?","M","$","M","R","M","E","T","?","M","M"],"build_version":"2019-07-17","purchased_purges":1,"victory":false,"max_hp_per_floor":[66,66,66,66,66,66,66,66,66,66,66,66,66,66,66,66,66,66,66,66,66,66,66,66,66,66,66,66,66],"card_choices":[{"not_picked":["Sucker Punch","Bane"],"picked":"Bouncing Flask","floor":1.0},{"not_picked":["Dagger Throw","Quick Slash","Bane"],"picked":"SKIP","floor":4.0},{"not_picked":["Deflect","Bane","Accuracy"],"picked":"SKIP","floor":5.0},{"not_picked":["Dash","Blade Dance","Deadly Poison"],"picked":"SKIP","floor":7.0},{"not_picked":["Bullet Time","Infinite Blades","Finisher"],"picked":"SKIP","floor":11.0},{"not_picked":["Poisoned Stab","Sucker Punch","Distraction"],"picked":"SKIP","floor":12.0},{"not_picked":["Blade Dance","Cloak And Dagger","Slice"],"picked":"SKIP","floor":14.0},{"not_picked":["Tools of the Trade","Night Terror"],"picked":"Burst","floor":16.0},{"not_picked":["Bane","Underhanded Strike","Quick Slash"],"picked":"SKIP","floor":18.0},{"not_picked":["Quick Slash","PiercingWail"],"picked":"Noxious Fumes","floor":20.0},{"not_picked":["PiercingWail","Heel Hook","Bouncing Flask"],"picked":"SKIP","floor":22.0},{"not_picked":["Cloak And Dagger","Accuracy+1","Slice"],"picked":"SKIP","floor":24.0},{"not_picked":["Leg Sweep","Finisher","Flechettes"],"picked":"SKIP","floor":25.0},{"not_picked":["Quick Slash+1","Dagger Throw","Outmaneuver"],"picked":"SKIP","floor":28}],"player_experience":848775,"relics_obtained":[{"floor":7.0,"key":"Pantograph"},{"floor":9.0,"key":"The Courier"},{"floor":12.0,"key":"Ninja Scroll"},{"floor":25.0,"key":"Boot"},{"floor":26,"key":"Kunai"}],"event_choices":[{"damage_healed":0.0,"max_hp_gain":0.0,"max_hp_loss":0.0,"gold_gain":0.0,"event_name":"The Woman in Blue","player_choice":"Bought 1 Potion","floor":2.0,"gold_loss":0.0,"damage_taken":0.0},{"damage_healed":22.0,"max_hp_gain":0.0,"max_hp_loss":0.0,"gold_gain":0.0,"event_name":"Big Fish","player_choice":"Banana","floor":8.0,"gold_loss":0.0,"damage_taken":0.0},{"cards_removed":["Strike_G"],"damage_healed":0.0,"max_hp_gain":0.0,"max_hp_loss":0.0,"gold_gain":0.0,"event_name":"Golden Wing","player_choice":"Card Removal","floor":13.0,"gold_loss":0.0,"damage_taken":7.0},{"damage_healed":0.0,"max_hp_gain":0.0,"max_hp_loss":0.0,"gold_gain":0.0,"event_name":"Vampires","player_choice":"Ignored","floor":19.0,"gold_loss":0.0,"damage_taken":0.0},{"damage_healed":0,"gold_gain":0,"player_choice":"Ignored","damage_taken":0,"max_hp_gain":0,"max_hp_loss":0,"event_name":"The Mausoleum","floor":27,"gold_loss":0}],"is_beta":false,"boss_relics":[{"not_picked":["Runic Pyramid","Eternal Feather"],"picked":"Sozu"}],"items_purged_floors":[3],"is_endless":false,"potions_floor_spawned":[1,7,12,14,16,18,20],"killed_by":"3 Cultists","ascension_level":20}