{"gold_per_floor":[115,115,135,48,63,98,98,118,170,205,98,98,98,98,98,172,172,185,203,203],"floor_reached":20,"playtime":1243,"items_purged":[],"score":328,"play_id":"b5dff581-eae7-46e2-b912-9c04331d9605","local_time":"20181015205911","is_ascension_mode":true,"campfire_choices":[{"data":"Streamline","floor":7,"key":"SMITH"},{"data":"Discovery","floor":13,"key":"SMITH"},{"floor":15,"key":"REST"}],"neow_cost":"NONE","seed_source_timestamp":513429841393456,"circlet_count":0,"master_deck":["Strike_B","Strike_B","Strike_B","Defend_B","Defend_B","Defend_B","Defend_B","Zap+1","Dualcast","AscendersBane","Cold Snap","Electrodynamics","Streamline+1","Capacitor","Leap","Ball Lightning","Hologram","Discovery+1","Hologram","Seek","Compile Driver+1"],"relics":["Cracked Core","Ornamental Fan","Boot","Dream Catcher","GremlinMask","Eternal Feather"],"potions_floor_usage":[10,16],"damage_taken":[{"damage":0,"enemies":"2 Louse","floor":1,"turns":3},{"damage":0,"enemies":"Cultist","floor":3,"turns":3},{"damage":0,"enemies":"Jaw Worm","floor":5,"turns":3},{"damage":24,"enemies":"Lagavulin","floor":6,"turns":7},{"damage":8,"enemies":"Large Slime","floor":8,"turns":5},{"damage":10,"enemies":"Gremlin Nob","floor":10,"turns":3},{"damage":7,"enemies":"The Guardian","floor":16,"turns":11},{"damage":31,"enemies":"Chosen","floor":18,"turns":6},{"damage":24,"enemies":"3 Byrds","floor":19,"turns":3},{"damage":8,"enemies":"Snake Plant","floor":20,"turns":1}],"seed_played":"-2230549928060081446","potions_obtained":[{"floor":5,"key":"PowerPotion"},{"floor":8,"key":"Weak Potion"},{"floor":18,"key":"GamblersBrew"}],"is_trial":false,"path_per_floor":["M","?","M","$","M","E","R","M","T","E","$","?","R","?","R","B",null,"M","M"],"character_chosen":"DEFECT","items_purchased":["Capacitor","Discovery"],"campfire_rested":1,"item_purchase_floors":[4,11],"current_hp_per_floor":[64,64,64,64,64,40,40,32,32,22,22,22,22,22,43,36,62,31,7,0],"gold":203,"neow_bonus":"UPGRADE_CARD","is_prod":false,"is_daily":false,"chose_seed":false,"campfire_upgraded":2,"win_rate":0,"timestamp":1539651551,"path_taken":["M","?","M","?","M","E","R","M","T","E","$","?","R","?","R","BOSS","M","M","M"],"build_version":"2018-10-11","purchased_purges":0,"victory":false,"max_hp_per_floor":[71,71,71,71,71,71,71,71,71,71,71,71,71,71,71,71,71,71,71,71],"card_choices":[{"not_picked":["Leap","Reprogram"],"picked":"Cold Snap","floor":1},{"not_picked":["Steam","Reinforced Body"],"picked":"Streamline","floor":3},{"not_picked":["Melter","Streamline"],"picked":"Leap","floor":5},{"not_picked":["Amplify","Barrage","Steam"],"picked":"SKIP","floor":6},{"not_picked":["Hello World","Steam"],"picked":"Ball Lightning","floor":8},{"not_picked":["Capacitor","Cold Snap"],"picked":"Hologram","floor":10},{"not_picked":["Lockon","FTL"],"picked":"Hologram","floor":15},{"not_picked":["Fission","Electrodynamics"],"picked":"Seek","floor":16},{"not_picked":["Streamline","Chaos"],"picked":"Compile Driver+1","floor":18},{"not_picked":["Compile Driver","Fusion","Go for the Eyes"],"picked":"SKIP","floor":19}],"player_experience":551772,"relics_obtained":[{"floor":6,"key":"Ornamental Fan"},{"floor":9,"key":"Boot"},{"floor":10,"key":"Dream Catcher"}],"event_choices":[{"event_name":"Match and Keep!","player_choice":"1 cards matched","floor":2,"damage_taken":0},{"event_name":"FaceTrader","player_choice":"Trade","floor":12,"damage_taken":0},{"event_name":"Bonfire Elementals","player_choice":"BASIC","floor":14,"damage_taken":0}],"is_beta":false,"boss_relics":[{"not_picked":["Lizard Tail","Coffee Dripper"],"picked":"Eternal Feather"}],"items_purged_floors":[],"is_endless":false,"potions_floor_spawned":[5,8,18],"killed_by":"Snake Plant","ascension_level":16}