{"gold_per_floor":[111,111,131,131,56,86,86,106,106,106,124,158,172,187,187,261,261,280,180,198,248,266,266,276,276,276,276,294,219,219,134,134,205,205,219,103,113,126,126,159,159,186,186,186,238,249,264,264,264,264,264,264,264,55,86,86],"floor_reached":56,"playtime":2471,"items_purged":["Strike_G","Decay","Predator+1"],"score":2134,"play_id":"b832c354-40ff-4065-8271-dea0a5282c4d","local_time":"20190818224201","is_ascension_mode":true,"campfire_choices":[{"data":"Predator","floor":10.0,"key":"SMITH"},{"data":"Bouncing Flask","floor":15.0,"key":"SMITH"},{"data":"Calculated Gamble","floor":23.0,"key":"SMITH"},{"data":"Tactician","floor":25.0,"key":"SMITH"},{"data":"Burst","floor":27.0,"key":"SMITH"},{"data":"Prepared","floor":32.0,"key":"SMITH"},{"data":"Reflex","floor":41.0,"key":"SMITH"},{"data":"Well Laid Plans","floor":44.0,"key":"SMITH"},{"floor":49.0,"key":"RECALL"},{"data":"Acrobatics","floor":53.0,"key":"SMITH"}],"neow_cost":"NONE","seed_source_timestamp":0,"circlet_count":0,"master_deck":["AscendersBane","Defend_G","Defend_G","Defend_G","Defend_G","Defend_G","Survivor","Neutralize","Calculated Gamble+1","Backflip","Bouncing Flask+1","Blur","Burst+1","Tactician+1","Prepared+1","Grand Finale","Reflex+1","Well Laid Plans+1","Acrobatics+1","Tactician+1"],"special_seed":0,"relics":["Ring of the Snake","NeowsBlessing","Gremlin Horn","Snake Skull","FossilizedHelix","Runic Dome","Mango","Letter Opener","Empty Cage","Juzu Bracelet","Shuriken","Incense Burner","Lantern"],"potions_floor_usage":[56,56],"damage_taken":[{"damage":0.0,"enemies":"Small Slimes","floor":1.0,"turns":1.0},{"damage":0.0,"enemies":"Cultist","floor":3.0,"turns":1.0},{"damage":0.0,"enemies":"Lagavulin","floor":6.0,"turns":1.0},{"damage":0.0,"enemies":"2 Louse","floor":8.0,"turns":2.0},{"damage":16.0,"enemies":"Large Slime","floor":11.0,"turns":6.0},{"damage":28.0,"enemies":"Gremlin Nob","floor":12.0,"turns":4.0},{"damage":0.0,"enemies":"Looter","floor":13.0,"turns":3.0},{"damage":0.0,"enemies":"Blue Slaver","floor":14.0,"turns":2.0},{"damage":4.0,"enemies":"The Guardian","floor":16.0,"turns":10.0},{"damage":0.0,"enemies":"Chosen","floor":18.0,"turns":4.0},{"damage":0.0,"enemies":"Spheric Guardian","floor":20.0,"turns":2.0},{"damage":0.0,"enemies":"3 Cultists","floor":22.0,"turns":5.0},{"damage":21.0,"enemies":"Snake Plant","floor":24.0,"turns":4.0},{"damage":20.0,"enemies":"Centurion and Healer","floor":28.0,"turns":6.0},{"damage":8.0,"enemies":"Champ","floor":33.0,"turns":9.0},{"damage":13.0,"enemies":"3 Darklings","floor":35.0,"turns":3.0},{"damage":0.0,"enemies":"3 Shapes","floor":37.0,"turns":4.0},{"damage":0.0,"enemies":"Maw","floor":38.0,"turns":4.0},{"damage":0.0,"enemies":"Nemesis","floor":40.0,"turns":5.0},{"damage":0.0,"enemies":"Reptomancer","floor":42.0,"turns":4.0},{"damage":0.0,"enemies":"2 Orb Walkers","floor":45.0,"turns":3.0},{"damage":0.0,"enemies":"Writhing Mass","floor":46.0,"turns":4.0},{"damage":0.0,"enemies":"3 Darklings","floor":47.0,"turns":3.0},{"damage":21.0,"enemies":"Time Eater","floor":50.0,"turns":5.0},{"damage":0.0,"enemies":"Awakened One","floor":51.0,"turns":7.0},{"damage":0.0,"enemies":"Shield and Spear","floor":55.0,"turns":2.0},{"damage":32,"enemies":"The Heart","floor":56,"turns":3}],"seed_played":"8212731481232592342","potions_obtained":[{"floor":1.0,"key":"Explosive Potion"},{"floor":6.0,"key":"Dexterity Potion"},{"floor":14.0,"key":"SkillPotion"},{"floor":24.0,"key":"Swift Potion"},{"floor":42.0,"key":"Ancient Potion"},{"floor":45.0,"key":"LiquidBronze"},{"floor":46.0,"key":"Fruit Juice"},{"floor":47.0,"key":"EssenceOfSteel"},{"floor":55.0,"key":"Swift Potion"}],"is_trial":false,"path_per_floor":["M","$","M","?","$","E","?","M","T","R","M","E","M","M","R","B",null,"M","$","M","?","M","R","M","R","T","R","M","?","?","?","R","B",null,"M","$","M","M","?","E","R","E","T","R","?","M","M","?","R","B","B",null,"R","$","E","B"],"character_chosen":"THE_SILENT","items_purchased":["Reflex","Well Laid Plans","LiquidBronze"],"campfire_rested":0,"item_purchase_floors":[36,36,54],"current_hp_per_floor":[59,59,59,59,59,59,59,59,59,59,43,15,15,15,15,11,52,52,52,52,52,52,52,31,31,45,45,25,25,25,25,25,17,64,51,51,51,51,51,51,51,51,51,51,51,56,56,56,56,35,35,70,70,70,70,38],"gold":86,"neow_bonus":"THREE_ENEMY_KILL","is_prod":false,"is_daily":false,"chose_seed":false,"campfire_upgraded":9,"win_rate":0,"timestamp":1566139321,"path_taken":["M","$","M","?","$","E","?","M","T","R","M","E","?","M","R","BOSS","BOSS","M","$","M","?","M","R","M","R","T","R","M","?","?","?","R","BOSS","M","$","M","M","?","E","R","E","T","R","?","M","M","?","R","BOSS","BOSS","R","$","E","BOSS"],"build_version":"2019-07-17","purchased_purges":3,"victory":false,"max_hp_per_floor":[66,66,66,66,66,66,66,66,66,66,66,66,66,66,66,66,66,66,66,66,66,66,66,66,66,80,80,80,80,80,80,80,80,80,80,80,80,80,80,80,80,80,80,80,80,85,85,81,81,81,81,81,81,81,81,81],"card_choices":[{"not_picked":["Flying Knee","Bane"],"picked":"Predator","floor":1.0},{"not_picked":["Poisoned Stab","Flying Knee","Heel Hook"],"picked":"SKIP","floor":3.0},{"not_picked":["Dodge and Roll","Deflect","Phantasmal Killer"],"picked":"SKIP","floor":6.0},{"not_picked":["Blade Dance","Reflex"],"picked":"Backflip","floor":8.0},{"not_picked":["Blade Dance","Dodge and Roll"],"picked":"Noxious Fumes","floor":11.0},{"not_picked":["Endless Agony","Setup"],"picked":"Bouncing Flask","floor":12.0},{"not_picked":["Underhanded Strike","Deadly Poison","Envenom"],"picked":"SKIP","floor":13.0},{"not_picked":["Slice","Blur","Poisoned Stab"],"picked":"SKIP","floor":14.0},{"not_picked":["Slice","Poisoned Stab"],"picked":"Blur","floor":14.0},{"not_picked":["After Image","Die Die Die"],"picked":"Burst","floor":16.0},{"not_picked":["Dagger Throw","Blade Dance"],"picked":"Tactician","floor":18.0},{"not_picked":["Dagger Throw","Prepared","Endless Agony+1"],"picked":"SKIP","floor":20.0},{"not_picked":["Leg Sweep","Endless Agony","Dagger Throw+1"],"picked":"SKIP","floor":22.0},{"not_picked":["Distraction","Leg Sweep","Bouncing Flask"],"picked":"SKIP","floor":24.0},{"not_picked":["Cloak And Dagger","PiercingWail","Prepared"],"picked":"SKIP","floor":28.0},{"not_picked":["Cloak And Dagger","PiercingWail"],"picked":"Prepared","floor":28.0},{"not_picked":["Burst","Corpse Explosion"],"picked":"Grand Finale","floor":33.0},{"not_picked":["Prepared","Dagger Throw","Heel Hook"],"picked":"SKIP","floor":35.0},{"not_picked":["Setup+1","Slice","Deadly Poison"],"picked":"SKIP","floor":37.0},{"not_picked":["Quick Slash","Sucker Punch+1","Dagger Throw+1"],"picked":"SKIP","floor":38.0},{"not_picked":["Dagger Throw","Skewer","Deflect+1"],"picked":"SKIP","floor":40.0},{"not_picked":["Deadly Poison","Blade Dance","Die Die Die"],"picked":"SKIP","floor":42.0},{"not_picked":["Cloak And Dagger+1","Distraction","Crippling Poison"],"picked":"SKIP","floor":46.0},{"not_picked":["Predator","Flechettes+1"],"picked":"Acrobatics","floor":47.0},{"not_picked":["Backflip","Bouncing Flask"],"picked":"Tactician+1","floor":55.0}],"player_experience":833921,"relics_obtained":[{"floor":6.0,"key":"Gremlin Horn"},{"floor":9.0,"key":"Snake Skull"},{"floor":12.0,"key":"FossilizedHelix"},{"floor":26.0,"key":"Mango"},{"floor":40.0,"key":"Juzu Bracelet"},{"floor":42.0,"key":"Shuriken"},{"floor":45.0,"key":"Incense Burner"},{"floor":55.0,"key":"Lantern"}],"event_choices":[{"damage_healed":0.0,"max_hp_gain":0.0,"max_hp_loss":0.0,"gold_gain":0.0,"cards_transformed":["Strike_G"],"event_name":"Living Wall","player_choice":"Change","floor":4.0,"gold_loss":0.0,"damage_taken":0.0,"cards_obtained":["Calculated Gamble"]},{"damage_healed":0.0,"max_hp_gain":0.0,"max_hp_loss":0.0,"gold_gain":0.0,"event_name":"Wheel of Change","player_choice":"Cursed","floor":7.0,"gold_loss":0.0,"damage_taken":0.0,"cards_obtained":["Decay"]},{"damage_healed":0.0,"max_hp_gain":0.0,"max_hp_loss":0.0,"gold_gain":50.0,"event_name":"Nest","player_choice":"Stole From Cult","floor":21.0,"gold_loss":0.0,"damage_taken":0.0},{"cards_removed":["Strike_G"],"damage_healed":0.0,"max_hp_gain":0.0,"max_hp_loss":0.0,"gold_gain":0.0,"event_name":"Beggar","player_choice":"Gave Gold","floor":29.0,"gold_loss":75.0,"damage_taken":0.0},{"damage_healed":0.0,"max_hp_gain":0.0,"max_hp_loss":0.0,"gold_gain":0.0,"event_name":"The Mausoleum","player_choice":"Ignored","floor":30.0,"gold_loss":0.0,"damage_taken":0.0},{"damage_healed":0.0,"max_hp_gain":0.0,"max_hp_loss":0.0,"gold_gain":0.0,"event_name":"Addict","player_choice":"Obtained Relic","floor":31.0,"gold_loss":85.0,"damage_taken":0.0,"relics_obtained":["Letter Opener"]},{"cards_removed":["Noxious Fumes"],"damage_healed":0.0,"max_hp_gain":0.0,"max_hp_loss":0.0,"gold_gain":0.0,"event_name":"Falling","player_choice":"Removed Power","floor":39.0,"gold_loss":0.0,"damage_taken":0.0},{"damage_healed":0.0,"max_hp_gain":0.0,"max_hp_loss":0.0,"gold_gain":0.0,"event_name":"Mysterious Sphere","player_choice":"Fight","floor":45.0,"gold_loss":0.0,"damage_taken":0.0},{"damage_healed":0.0,"max_hp_gain":0.0,"max_hp_loss":4.0,"gold_gain":0.0,"event_name":"Winding Halls","player_choice":"Max HP","floor":48.0,"gold_loss":0.0,"damage_taken":0.0}],"is_beta":false,"boss_relics":[{"not_picked":["Astrolabe","Ectoplasm"],"picked":"Runic Dome"},{"not_picked":["Black Star","Coffee Dripper"],"picked":"Empty Cage"}],"items_purged_floors":[5,19,54],"is_endless":false,"potions_floor_spawned":[1,6,13,14,16,20,24,28,42,45,46,47,55],"killed_by":"The Heart","ascension_level":20}