{"gold_per_floor":[113,133,133,8,26,26,59,59,59,79,79,92,92,92,92,170,170,181,181,191,210,230,230,47,58,58,58,86,86,86,103,103,178,178,191,191,191,66,66,91,110,110,134,168,168,195,45,45,45,45,45,45,45,45,79,79],"floor_reached":57,"playtime":2381,"items_purged":["Defend_G","Strike_G","Defend_G","Defend_G"],"score":3162,"play_id":"c2adf4b1-92f7-463a-bae1-4ea2d2ab19ac","local_time":"20190814092739","is_ascension_mode":true,"campfire_choices":[{"data":"Bane","floor":6.0,"key":"SMITH"},{"data":"Neutralize","floor":8.0,"key":"SMITH"},{"data":"Tactician","floor":13.0,"key":"SMITH"},{"data":"Backflip","floor":15.0,"key":"SMITH"},{"floor":23.0,"key":"REST"},{"data":"Reflex","floor":27.0,"key":"SMITH"},{"data":"Acrobatics","floor":32.0,"key":"SMITH"},{"floor":42.0,"key":"RECALL"},{"data":"Adrenaline","floor":49.0,"key":"SMITH"},{"data":"Survivor","floor":53.0,"key":"SMITH"}],"neow_cost":"NONE","seed_source_timestamp":1524727660662000,"circlet_count":0,"master_deck":["AscendersBane","Defend_G","Survivor+1","Neutralize+1","Envenom+1","A Thousand Cuts+1","Backflip+1","Bane+1","Tactician+1","Calculated Gamble+1","Cloak And Dagger+1","Reflex+1","Acrobatics+1","Adrenaline+1"],"special_seed":0,"relics":["Astrolabe","Ginger","Gremlin Horn","Calipers","Calling Bell","Centennial Puzzle","Mummified Hand","Turnip","Du-Vu Doll","Sozu","Bird Faced Urn","Anchor","Prayer Wheel","Bronze Scales","Blue Candle","Art of War"],"potions_floor_usage":[56],"damage_taken":[{"damage":3.0,"enemies":"Cultist","floor":1.0,"turns":5.0},{"damage":0.0,"enemies":"2 Louse","floor":2.0,"turns":3.0},{"damage":7.0,"enemies":"Jaw Worm","floor":5.0,"turns":5.0},{"damage":3.0,"enemies":"Lagavulin","floor":7.0,"turns":7.0},{"damage":14.0,"enemies":"Gremlin Gang","floor":10.0,"turns":4.0},{"damage":14.0,"enemies":"3 Louse","floor":12.0,"turns":3.0},{"damage":10.0,"enemies":"Hexaghost","floor":16.0,"turns":12.0},{"damage":21.0,"enemies":"Spheric Guardian","floor":18.0,"turns":7.0},{"damage":2.0,"enemies":"Shell Parasite","floor":20.0,"turns":5.0},{"damage":3.0,"enemies":"Centurion and Healer","floor":21.0,"turns":7.0},{"damage":5.0,"enemies":"Snecko","floor":22.0,"turns":5.0},{"damage":1.0,"enemies":"Chosen and Byrds","floor":25.0,"turns":5.0},{"damage":17.0,"enemies":"Gremlin Leader","floor":28.0,"turns":6.0},{"damage":0.0,"enemies":"Shelled Parasite and Fungi","floor":31.0,"turns":4.0},{"damage":0.0,"enemies":"Champ","floor":33.0,"turns":5.0},{"damage":0.0,"enemies":"3 Darklings","floor":35.0,"turns":2.0},{"damage":0.0,"enemies":"Nemesis","floor":40.0,"turns":1.0},{"damage":0.0,"enemies":"3 Shapes","floor":41.0,"turns":1.0},{"damage":0.0,"enemies":"Giant Head","floor":44.0,"turns":2.0},{"damage":0.0,"enemies":"Nemesis","floor":46.0,"turns":1.0},{"damage":6.0,"enemies":"Donu and Deca","floor":50.0,"turns":3.0},{"damage":0.0,"enemies":"Time Eater","floor":51.0,"turns":4.0},{"damage":12.0,"enemies":"Shield and Spear","floor":55.0,"turns":2.0},{"damage":34,"enemies":"The Heart","floor":56,"turns":7}],"seed_played":"8683250228445561922","potions_obtained":[{"floor":2.0,"key":"Strength Potion"},{"floor":12.0,"key":"Ancient Potion"},{"floor":16.0,"key":"SkillPotion"},{"floor":19.0,"key":"GamblersBrew"},{"floor":28.0,"key":"FearPotion"}],"is_trial":false,"path_per_floor":["M","M","?","$","M","R","E","R","T","M","T","M","R","?","R","B",null,"M","?","M","M","M","R","$","M","T","R","E","?","$","M","R","B",null,"M","$","?","$","?","E","M","R","T","E","?","E","$","T","R","B","B",null,"R","$","E","B",null],"character_chosen":"THE_SILENT","items_purchased":["Backflip","Reflex"],"campfire_rested":1,"item_purchase_floors":[4,24],"current_hp_per_floor":[56,56,49,49,42,42,39,39,39,25,25,11,11,11,11,1,50,29,29,27,24,19,38,38,37,37,37,20,20,20,20,20,20,55,55,55,55,55,55,55,59,59,59,63,63,63,63,63,63,59,63,63,63,63,51,21],"gold":79,"neow_bonus":"BOSS_RELIC","is_prod":false,"is_daily":false,"chose_seed":false,"campfire_upgraded":8,"win_rate":0,"timestamp":1565746059,"path_taken":["M","?","?","$","M","R","E","R","T","M","?","?","R","?","R","BOSS","M","?","M","?","M","R","$","M","T","R","E","?","?","?","R","BOSS","M","$","?","$","?","E","M","R","T","E","?","E","$","?","R","BOSS","BOSS","R","$","E","BOSS"],"build_version":"2019-07-17","purchased_purges":4,"victory":true,"max_hp_per_floor":[66,66,66,66,66,66,66,66,66,66,66,66,66,66,66,66,66,66,66,66,66,66,66,66,66,66,66,66,66,66,66,66,66,66,66,66,66,66,63,63,63,63,63,63,63,63,63,63,63,63,63,63,63,63,63,63],"card_choices":[{"not_picked":["Cloak And Dagger","Quick Slash","Deflect"],"picked":"SKIP","floor":1.0},{"not_picked":["Deflect","PiercingWail","Backstab"],"picked":"SKIP","floor":2.0},{"not_picked":["Predator","Dagger Spray"],"picked":"Bane","floor":5.0},{"not_picked":["Masterful Stab","PiercingWail","Sucker Punch"],"picked":"SKIP","floor":7.0},{"not_picked":["Outmaneuver","Expertise"],"picked":"Tactician","floor":10.0},{"not_picked":["Endless Agony","Slice","Concentrate"],"picked":"SKIP","floor":12.0},{"not_picked":["Dagger Spray","Prepared+1"],"picked":"Calculated Gamble+1","floor":18.0},{"not_picked":["Quick Slash","Heel Hook","Dash"],"picked":"SKIP","floor":20.0},{"not_picked":["Slice","Deflect","A Thousand Cuts"],"picked":"SKIP","floor":21.0},{"not_picked":["Finisher","All Out Attack"],"picked":"Cloak And Dagger+1","floor":22.0},{"not_picked":["Caltrops","Blade Dance","PiercingWail"],"picked":"SKIP","floor":25.0},{"not_picked":["Bane","Prepared+1"],"picked":"Acrobatics","floor":28.0},{"not_picked":["Unload","Accuracy","PiercingWail+1"],"picked":"SKIP","floor":31.0},{"not_picked":["Storm of Steel","A Thousand Cuts"],"picked":"Adrenaline","floor":33.0},{"not_picked":["Bane+1","Prepared","Backflip+1"],"picked":"SKIP","floor":35.0},{"not_picked":["Envenom","Calculated Gamble","Blade Dance"],"picked":"SKIP","floor":40.0},{"not_picked":["Noxious Fumes","Expertise","Riddle With Holes"],"picked":"SKIP","floor":41.0},{"not_picked":["Bane+1","Slice","Dagger Spray"],"picked":"SKIP","floor":44.0},{"not_picked":["Dodge and Roll","Outmaneuver","Endless Agony"],"picked":"SKIP","floor":46.0},{"not_picked":["Sucker Punch+1","Setup","PiercingWail+1"],"picked":"SKIP","floor":55}],"player_experience":796788,"relics_obtained":[{"floor":7.0,"key":"Ginger"},{"floor":9.0,"key":"Gremlin Horn"},{"floor":11.0,"key":"Calipers"},{"floor":17.0,"key":"Centennial Puzzle"},{"floor":17.0,"key":"Mummified Hand"},{"floor":17.0,"key":"Turnip"},{"floor":28.0,"key":"Du-Vu Doll"},{"floor":40.0,"key":"Bird Faced Urn"},{"floor":43.0,"key":"Anchor"},{"floor":44.0,"key":"Prayer Wheel"},{"floor":46.0,"key":"Bronze Scales"},{"floor":48.0,"key":"Blue Candle"},{"floor":55,"key":"Art of War"}],"event_choices":[{"cards_removed":["Strike_G"],"damage_healed":0.0,"max_hp_gain":0.0,"max_hp_loss":0.0,"gold_gain":0.0,"event_name":"Golden Wing","player_choice":"Card Removal","floor":3.0,"gold_loss":0.0,"damage_taken":7.0},{"damage_healed":0.0,"max_hp_gain":0.0,"max_hp_loss":0.0,"gold_gain":0.0,"event_name":"Liars Game","player_choice":"Ignored","floor":14.0,"gold_loss":0.0,"damage_taken":0.0},{"damage_healed":0.0,"max_hp_gain":0.0,"max_hp_loss":0.0,"gold_gain":0.0,"event_name":"Lab","player_choice":"Got Potions","floor":19.0,"gold_loss":0.0,"damage_taken":0.0},{"cards_removed":["Strike_G"],"damage_healed":0.0,"max_hp_gain":0.0,"max_hp_loss":0.0,"gold_gain":0.0,"event_name":"Back to Basics","player_choice":"Elegance","floor":29.0,"gold_loss":0.0,"damage_taken":0.0},{"damage_healed":0.0,"max_hp_gain":0.0,"max_hp_loss":0.0,"gold_gain":0.0,"event_name":"Tomb of Lord Red Mask","player_choice":"Ignored","floor":37.0,"gold_loss":0.0,"damage_taken":0.0},{"damage_healed":0.0,"max_hp_gain":0.0,"max_hp_loss":3.0,"gold_gain":0.0,"event_name":"Winding Halls","player_choice":"Max HP","floor":39.0,"gold_loss":0.0,"damage_taken":0.0},{"cards_removed":["Leg Sweep"],"damage_healed":0.0,"max_hp_gain":0.0,"max_hp_loss":0.0,"gold_gain":0.0,"event_name":"Falling","player_choice":"Removed Skill","floor":45.0,"gold_loss":0.0,"damage_taken":0.0}],"is_beta":false,"boss_relics":[{"not_picked":["Runic Pyramid","White Beast Statue"],"picked":"Calling Bell"},{"not_picked":["Velvet Choker","Fusion Hammer"],"picked":"Sozu"}],"items_purged_floors":[4,24,38,47],"is_endless":false,"potions_floor_spawned":[2,12,16,20,21,28,40,44,55],"ascension_level":20}