{"gold_per_floor":[117,37,55,55,65,65,84,94,94,113,38,56,56,56,56,134,164,115,0,0,0],"floor_reached":21,"playtime":448,"items_purged":[],"score":342,"play_id":"bf2928a7-d16a-437a-8151-f1fb81bd0767","local_time":"20190809144630","is_ascension_mode":true,"campfire_choices":[{"data":"Noxious Fumes","floor":6.0,"key":"SMITH"},{"data":"Catalyst","floor":13.0,"key":"SMITH"},{"data":"Dash","floor":15.0,"key":"SMITH"}],"neow_cost":"NONE","seed_source_timestamp":1115267406036299,"circlet_count":0,"master_deck":["AscendersBane","Strike_G","Strike_G","Strike_G","Strike_G","Strike_G","Defend_G","Defend_G","Defend_G","Defend_G","Defend_G","Survivor","Neutralize+1","Well Laid Plans","Noxious Fumes+1","Dash+1","Catalyst+1","Burst"],"special_seed":0,"relics":["Ring of the Snake","NeowsBlessing","StoneCalendar","Calling Bell","Tiny Chest","Blue Candle","Tingsha","Happy Flower"],"potions_floor_usage":[],"damage_taken":[{"damage":0.0,"enemies":"2 Louse","floor":1.0,"turns":1.0},{"damage":0.0,"enemies":"Cultist","floor":3.0,"turns":1.0},{"damage":0.0,"enemies":"Jaw Worm","floor":5.0,"turns":1.0},{"damage":3.0,"enemies":"Blue Slaver","floor":7.0,"turns":5.0},{"damage":4.0,"enemies":"Red Slaver","floor":8.0,"turns":5.0},{"damage":4.0,"enemies":"Looter","floor":10.0,"turns":4.0},{"damage":12.0,"enemies":"Lots of Slimes","floor":12.0,"turns":4.0},{"damage":32.0,"enemies":"Hexaghost","floor":16.0,"turns":10.0},{"damage":24.0,"enemies":"2 Thieves","floor":18.0,"turns":5.0},{"damage":32,"enemies":"3 Byrds","floor":21,"turns":3}],"seed_played":"7938234268566719129","potions_obtained":[{"floor":5.0,"key":"LiquidBronze"},{"floor":12.0,"key":"PowerPotion"}],"is_trial":false,"path_per_floor":["M","$","M","?","M","R","M","M","T","M","$","M","R","?","R","B",null,"M","?","T","M"],"character_chosen":"THE_SILENT","items_purchased":["Well Laid Plans","Dash"],"campfire_rested":0,"item_purchase_floors":[2,11],"current_hp_per_floor":[59,59,59,59,59,59,56,52,52,48,48,36,36,41,41,9,56,32,32,32,0],"gold":0,"neow_bonus":"THREE_ENEMY_KILL","is_prod":false,"is_daily":false,"chose_seed":false,"campfire_upgraded":3,"win_rate":0,"timestamp":1565333190,"path_taken":["M","$","M","?","M","R","?","M","T","M","$","M","R","?","R","BOSS","M","?","?","?"],"build_version":"2019-07-17","purchased_purges":0,"victory":false,"max_hp_per_floor":[66,66,66,66,66,66,66,66,66,66,66,66,66,71,71,71,71,71,71,71,71],"card_choices":[{"not_picked":["Bane","Cloak And Dagger","Accuracy"],"picked":"SKIP","floor":1.0},{"not_picked":["PiercingWail","Dagger Spray","Backflip"],"picked":"SKIP","floor":3.0},{"not_picked":["Skewer","Quick Slash"],"picked":"Noxious Fumes","floor":5.0},{"not_picked":["Slice","Outmaneuver","Dagger Throw"],"picked":"SKIP","floor":7.0},{"not_picked":["Eviscerate","Dagger Spray","Cloak And Dagger"],"picked":"SKIP","floor":8.0},{"not_picked":["Masterful Stab","Sucker Punch","Outmaneuver"],"picked":"SKIP","floor":10.0},{"not_picked":["Masterful Stab","Sucker Punch","Outmaneuver"],"picked":"SKIP","floor":10.0},{"not_picked":["Reflex","Slice"],"picked":"Catalyst","floor":12.0},{"not_picked":["Phantasmal Killer","Die Die Die"],"picked":"Burst","floor":16.0},{"not_picked":["Underhanded Strike","Acrobatics","Leg Sweep"],"picked":"SKIP","floor":18.0}],"player_experience":761449,"relics_obtained":[{"floor":9.0,"key":"StoneCalendar"},{"floor":17.0,"key":"Tiny Chest"},{"floor":17.0,"key":"Blue Candle"},{"floor":17.0,"key":"Tingsha"},{"floor":20,"key":"Happy Flower"}],"event_choices":[{"damage_healed":0.0,"max_hp_gain":0.0,"max_hp_loss":0.0,"gold_gain":0.0,"event_name":"Accursed Blacksmith","player_choice":"Forge","floor":4.0,"gold_loss":0.0,"damage_taken":0.0,"cards_upgraded":["Neutralize"]},{"damage_healed":0.0,"max_hp_gain":5.0,"max_hp_loss":0.0,"gold_gain":0.0,"event_name":"Big Fish","player_choice":"Donut","floor":14.0,"gold_loss":0.0,"damage_taken":0.0},{"damage_healed":0,"gold_gain":0,"player_choice":"Paid Fearfully","damage_taken":0,"max_hp_gain":0,"max_hp_loss":0,"event_name":"Masked Bandits","floor":19,"gold_loss":115}],"is_beta":false,"boss_relics":[{"not_picked":["Eternal Feather","Sozu"],"picked":"Calling Bell"}],"items_purged_floors":[],"is_endless":false,"potions_floor_spawned":[5,12,16,18],"killed_by":"3 Byrds","ascension_level":20}