{"gold_per_floor":[114,114,133,152,171,171,190,190,190,209,228,11,11,49,49,174,174,193,212,231,250,175,175],"floor_reached":23,"playtime":2730,"items_purged":["Strike_G"],"score":197,"play_id":"2d05ee6f-99d1-4f77-9ee2-32033c809022","local_time":"20180712232518","daily_mods":["Heirloom","Elite Swarm","Binary"],"is_ascension_mode":false,"campfire_choices":[{"data":"Venomology","floor":6,"key":"SMITH"},{"data":"Neutralize","floor":8,"key":"SMITH"},{"floor":15,"key":"REST"}],"neow_cost":"","seed_source_timestamp":0,"circlet_count":0,"master_deck":["Defend_G","Defend_G","Defend_G","Defend_G","Strike_G","Strike_G","Strike_G","Survivor","Neutralize+1","Accuracy","Venomology+1","Prepared","Blade Dance","Blade Dance","Grand Finale","A Thousand Cuts","Infinite Blades","Prepared"],"special_seed":17725,"relics":["Ring of the Snake","Bird Faced Urn","Golden Idol","Shuriken","Regal Pillow","Orrery"],"potions_floor_usage":[5,10,11,14,16,16,19,19,20,20,21,21,23,23,23],"damage_taken":[{"damage":0,"enemies":"2 Louse","floor":1,"turns":4},{"damage":0,"enemies":"Jaw Worm","floor":3,"turns":5},{"damage":0,"enemies":"Cultist","floor":4,"turns":4},{"damage":22,"enemies":"Large Slime","floor":5,"turns":15},{"damage":3,"enemies":"2 Fungi Beasts","floor":7,"turns":5},{"damage":2,"enemies":"Looter","floor":10,"turns":4},{"damage":0,"enemies":"3 Louse","floor":11,"turns":3},{"damage":6,"enemies":"Lagavulin","floor":14,"turns":5},{"damage":4,"enemies":"Hexaghost","floor":16,"turns":9},{"damage":8,"enemies":"Shell Parasite","floor":18,"turns":5},{"damage":15,"enemies":"3 Byrds","floor":19,"turns":4},{"damage":38,"enemies":"Sentry and Sphere","floor":20,"turns":6},{"damage":11,"enemies":"Chosen and Byrds","floor":21,"turns":3},{"damage":45,"enemies":"Gremlin Leader","floor":23,"turns":6}],"seed_played":"5986081896675769642","potions_obtained":[{"floor":1,"key":"Ancient Potion"},{"floor":3,"key":"Weak Potion"},{"floor":7,"key":"Poison Potion"},{"floor":10,"key":"SteroidPotion"},{"floor":11,"key":"SkillPotion"},{"floor":19,"key":"Regen Potion"},{"floor":20,"key":"Strength Potion"},{"floor":21,"key":"SteroidPotion"}],"is_trial":false,"path_per_floor":["M","?","M","M","M","R","M","R","T","M","M","$","?","E","R","B",null,"M","M","M","M","?"],"character_chosen":"THE_SILENT","items_purchased":["Grand Finale"],"campfire_rested":1,"item_purchase_floors":[12],"current_hp_per_floor":[70,53,55,57,37,37,36,36,36,36,38,38,31,27,63,61,70,64,64,37,32,32,0],"gold":175,"neow_bonus":"","is_prod":false,"is_daily":true,"chose_seed":false,"campfire_upgraded":2,"win_rate":0,"timestamp":1531452318,"path_taken":["M","?","?","M","M","R","M","R","T","M","M","$","?","E","R","BOSS","M","?","?","M","?","E"],"build_version":"2018-07-12","purchased_purges":1,"victory":false,"max_hp_per_floor":[70,70,70,70,70,70,70,70,70,70,70,70,70,70,70,70,70,70,70,70,70,70,70],"card_choices":[{"not_picked":["Dagger Spray"],"picked":"Accuracy","floor":1},{"not_picked":["Masterful Stab","Dagger Throw"],"picked":"SKIP","floor":3},{"not_picked":["Poisoned Stab","PiercingWail"],"picked":"SKIP","floor":4},{"not_picked":["Well Laid Plans"],"picked":"Venomology","floor":5},{"not_picked":["Malaise"],"picked":"Prepared","floor":7},{"not_picked":["Setup"],"picked":"Blade Dance","floor":10},{"not_picked":["Flechettes"],"picked":"Blade Dance","floor":11},{"not_picked":["Die Die Die","Unload"],"picked":"SKIP","floor":14},{"not_picked":["Night Terror"],"picked":"A Thousand Cuts","floor":16},{"not_picked":["PiercingWail"],"picked":"Infinite Blades","floor":17},{"not_picked":["Tactician"],"picked":"Prepared","floor":17},{"not_picked":["Noxious Fumes","Dagger Throw"],"picked":"SKIP","floor":18},{"not_picked":["Flechettes","Deadly Poison"],"picked":"SKIP","floor":19},{"not_picked":["Poisoned Stab","Deflect"],"picked":"SKIP","floor":20},{"not_picked":["Reflex","All Out Attack"],"picked":"SKIP","floor":21}],"player_experience":98402,"relics_obtained":[{"floor":9,"key":"Shuriken"},{"floor":14,"key":"Regal Pillow"}],"event_choices":[{"event_name":"Golden Idol","player_choice":"Take Damage","floor":2,"damage_taken":0},{"event_name":"Golden Wing","player_choice":"Card Removal","floor":13,"damage_taken":0},{"event_name":"Beggar","player_choice":"Gave Gold","floor":22,"damage_taken":0}],"boss_relics":[{"not_picked":["Tiny House","Cursed Key"],"picked":"Orrery"}],"items_purged_floors":[12],"is_endless":false,"potions_floor_spawned":[1,3,7,10,11,19,20,21],"killed_by":"Gremlin Leader","ascension_level":0}