{"gold_per_floor":[114,133,308,95,107,107,118,118,118,118,118,150,167,177,177,279,279,293,293,293,293,313,341,341,367,367,367,71,71,71,89,89,189,189,199,199,216,227,241,241,268,268,268,302,302,61,61,7,7,7],"floor_reached":51,"playtime":4364,"items_purged":["Doubt","Clumsy"],"score":1074,"play_id":"1d09f5a9-3c36-4ec4-bb63-2e1964104894","local_time":"20180927185441","is_ascension_mode":true,"campfire_choices":[{"data":"Streamline","floor":6,"key":"SMITH"},{"data":"Hologram","floor":8,"key":"SMITH"},{"data":"Zap","floor":11,"key":"SMITH"},{"data":"Creative AI","floor":15,"key":"SMITH"},{"floor":24,"key":"REST"},{"floor":27,"key":"REST"},{"data":"Coolheaded","floor":30,"key":"SMITH"},{"data":"Loop","floor":32,"key":"SMITH"},{"floor":40,"key":"REST"},{"floor":42,"key":"REST"},{"floor":45,"key":"REST"},{"data":"Biased Cognition","floor":49,"key":"SMITH"}],"neow_cost":"CURSE","seed_source_timestamp":338615195579281,"circlet_count":0,"master_deck":["Strike_B+1","Strike_B+1","Strike_B+1","Defend_B+1","Defend_B+1","Defend_B+1","Defend_B+1","Zap+1","Dualcast","AscendersBane","Coolheaded+1","Streamline+1","Hologram+1","Bandage Up","Go for the Eyes","Reinforced Body","Creative AI+1","Chill","Electrodynamics","Beam Cell+1","Chill+1","Loop+1","Biased Cognition+1","Defragment+1","Leap+1","Core Surge","Beam Cell"],"relics":["Cracked Core","Dead Branch","Gremlin Horn","Kunai","Busted Crown","Cables","Ornamental Fan","Darkstone Periapt","Bottled Tornado","Mummified Hand","Symbiotic Virus","Inserter","Matryoshka","Strawberry","Shuriken","Sundial"],"potions_floor_usage":[7,12,16,33,41,50],"damage_taken":[{"damage":1,"enemies":"Cultist","floor":1,"turns":4},{"damage":7,"enemies":"Jaw Worm","floor":2,"turns":4},{"damage":0,"enemies":"2 Louse","floor":5,"turns":3},{"damage":0,"enemies":"2 Fungi Beasts","floor":7,"turns":2},{"damage":18,"enemies":"Gremlin Nob","floor":12,"turns":4},{"damage":2,"enemies":"Large Slime","floor":13,"turns":4},{"damage":1,"enemies":"Blue Slaver","floor":14,"turns":3},{"damage":24,"enemies":"Hexaghost","floor":16,"turns":9},{"damage":11,"enemies":"2 Thieves","floor":18,"turns":3},{"damage":2,"enemies":"Colosseum Slavers","floor":20,"turns":4},{"damage":0,"enemies":"Shell Parasite","floor":22,"turns":6},{"damage":27,"enemies":"Slavers","floor":23,"turns":4},{"damage":29,"enemies":"Gremlin Leader","floor":25,"turns":6},{"damage":0,"enemies":"Snecko","floor":31,"turns":5},{"damage":14,"enemies":"Automaton","floor":33,"turns":8},{"damage":0,"enemies":"3 Shapes","floor":35,"turns":6},{"damage":41,"enemies":"3 Darklings","floor":37,"turns":3},{"damage":0,"enemies":"Sphere and 2 Shapes","floor":38,"turns":3},{"damage":0,"enemies":"4 Shapes","floor":39,"turns":3},{"damage":16,"enemies":"Nemesis","floor":41,"turns":7},{"damage":22,"enemies":"Giant Head","floor":44,"turns":8},{"damage":42,"enemies":"Awakened One","floor":50,"turns":12}],"seed_played":"-995120081670549158","potions_obtained":[{"floor":1,"key":"SteroidPotion"},{"floor":2,"key":"EssenceOfSteel"},{"floor":14,"key":"PowerPotion"},{"floor":23,"key":"SteroidPotion"},{"floor":31,"key":"Fire Potion"},{"floor":38,"key":"Fire Potion"},{"floor":39,"key":"SkillPotion"},{"floor":41,"key":"AttackPotion"}],"is_trial":false,"path_per_floor":["M","M","?","$","M","R","M","R","T","?","R","E","M","M","R","B",null,"M","T","?","T","M","E","R","E","T","R","$","?","R","M","R","B",null,"M","?","M","M","M","R","E","R","T","E","R","$","?","$","R","B"],"character_chosen":"DEFECT","items_purchased":["Hologram","Bandage Up","Symbiotic Virus","Loop","Core Surge","Beam Cell"],"campfire_rested":5,"item_purchase_floors":[4,4,28,28,46,48],"current_hp_per_floor":[67,60,60,60,64,64,68,68,68,68,68,54,56,59,59,39,66,59,59,61,61,65,42,64,39,39,61,61,61,61,65,65,55,70,74,74,34,34,38,60,48,70,77,59,82,82,78,78,78,47],"gold":7,"neow_bonus":"ONE_RARE_RELIC","is_prod":false,"is_daily":false,"chose_seed":false,"campfire_upgraded":7,"win_rate":0,"timestamp":1538088881,"path_taken":["M","M","?","$","M","R","M","R","T","?","R","E","M","?","R","BOSS","M","?","?","?","M","E","R","E","T","R","$","?","R","M","R","BOSS","M","?","M","M","M","R","E","R","T","E","R","$","?","$","R","BOSS"],"build_version":"2018-09-20","purchased_purges":2,"victory":true,"max_hp_per_floor":[75,75,75,75,75,75,75,75,75,75,75,75,75,75,75,75,75,75,75,75,75,75,75,75,75,75,75,75,75,75,75,75,75,75,75,75,75,75,75,75,75,75,82,82,82,82,78,78,78,78],"card_choices":[{"not_picked":["Force Field","Steam"],"picked":"Coolheaded","floor":1},{"not_picked":["Hologram","Ball Lightning"],"picked":"Streamline","floor":2},{"not_picked":["Cold Snap","Beam Cell"],"picked":"Go for the Eyes","floor":5},{"not_picked":["Consume","Turbo","Skim"],"picked":"SKIP","floor":7},{"not_picked":["Hello World","Reinforced Body"],"picked":"Creative AI","floor":12},{"not_picked":["Lockon","Force Field","Steam"],"picked":"SKIP","floor":13},{"not_picked":["Steam","Fusion"],"picked":"Chill","floor":14},{"not_picked":["Multi-Cast","Amplify"],"picked":"Electrodynamics","floor":16},{"not_picked":[],"picked":"Beam Cell+1","floor":18},{"not_picked":["Stack+1"],"picked":"SKIP","floor":22},{"not_picked":["Stack"],"picked":"SKIP","floor":23},{"not_picked":[],"picked":"Chill+1","floor":25},{"not_picked":["Scrape"],"picked":"SKIP","floor":31},{"not_picked":[],"picked":"Biased Cognition","floor":33},{"not_picked":["Go for the Eyes"],"picked":"SKIP","floor":35},{"not_picked":["Recycle"],"picked":"SKIP","floor":37},{"not_picked":["Coolheaded"],"picked":"SKIP","floor":38},{"not_picked":["Cold Snap"],"picked":"SKIP","floor":39},{"not_picked":[],"picked":"Defragment+1","floor":41},{"not_picked":[],"picked":"Leap+1","floor":44}],"player_experience":422844,"relics_obtained":[{"floor":9,"key":"Gremlin Horn"},{"floor":12,"key":"Kunai"},{"floor":19,"key":"Cables"},{"floor":21,"key":"Ornamental Fan"},{"floor":23,"key":"Darkstone Periapt"},{"floor":25,"key":"Bottled Tornado"},{"floor":26,"key":"Mummified Hand"},{"floor":41,"key":"Matryoshka"},{"floor":43,"key":"Strawberry"},{"floor":43,"key":"Shuriken"},{"floor":44,"key":"Sundial"}],"event_choices":[{"event_name":"Liars Game","player_choice":"agreed","floor":3,"damage_taken":0},{"event_name":"Transmorgrifier","player_choice":"Transform","floor":10,"damage_taken":0},{"event_name":"Colosseum","player_choice":"Fight","floor":20,"damage_taken":0},{"event_name":"Colosseum","player_choice":"Fled From Nobs","floor":20,"damage_taken":0},{"event_name":"Back to Basics","player_choice":"Simplicity","floor":29,"damage_taken":0},{"event_name":"Tomb of Lord Red Mask","player_choice":"Ignored","floor":36,"damage_taken":0},{"event_name":"Winding Halls","player_choice":"Max HP","floor":47,"damage_taken":0}],"is_beta":false,"boss_relics":[{"not_picked":["Nuclear Battery","Runic Dome"],"picked":"Busted Crown"},{"not_picked":["Calling Bell","Astrolabe"],"picked":"Inserter"}],"items_purged_floors":[4,46],"is_endless":false,"potions_floor_spawned":[1,2,14,23,31,38,39,41],"ascension_level":10}