{"gold_per_floor":[114,133,208,218,232,232,251,251,301,332,15,29,29,54,54,152,152,172,172,182,200,200,234,234,159,209,239,239,258,258,277,277,382,382,392,392,392,405,505,505],"floor_reached":40,"playtime":2318,"items_purged":[],"score":548,"play_id":"d83ee496-891b-4807-966c-f61ad48ff87c","local_time":"20190719174239","is_ascension_mode":true,"campfire_choices":[{"data":"Zap","floor":6,"key":"SMITH"},{"data":"Leap","floor":8,"key":"SMITH"},{"data":"Sweeping Beam","floor":13,"key":"SMITH"},{"data":"Multi-Cast","floor":15,"key":"SMITH"},{"floor":24,"key":"RECALL"},{"data":"Bite","floor":30,"key":"SMITH"},{"data":"Bite","floor":32,"key":"SMITH"}],"neow_cost":"NONE","seed_source_timestamp":687005076936700,"circlet_count":0,"master_deck":["Defend_B","Defend_B","Defend_B","Defend_B","Zap+1","Dualcast","Cold Snap","Ball Lightning+1","Leap+1","Steam","Compile Driver","Multi-Cast+1","Self Repair","Sweeping Beam+1","Rainbow","Rebound","Static Discharge+1","Bite+1","Bite+1","Bite","Bite","Bite","Discovery"],"relics":["Cracked Core","Strawberry","Pen Nib","Letter Opener","Gremlin Horn","Whetstone","Busted Crown","Nilry\u0027s Codex","StoneCalendar","Meat on the Bone","Gambling Chip","Sozu","Incense Burner"],"potions_floor_usage":[16,16,21,27,33],"damage_taken":[{"damage":14,"enemies":"Small Slimes","floor":1,"turns":4},{"damage":7,"enemies":"Jaw Worm","floor":2,"turns":3},{"damage":6,"enemies":"2 Louse","floor":4,"turns":3},{"damage":11,"enemies":"Large Slime","floor":5,"turns":5},{"damage":0,"enemies":"Blue Slaver","floor":7,"turns":3},{"damage":12,"enemies":"Lagavulin","floor":10,"turns":5},{"damage":2,"enemies":"Exordium Wildlife","floor":12,"turns":5},{"damage":5,"enemies":"3 Sentries","floor":14,"turns":4},{"damage":9,"enemies":"Hexaghost","floor":16,"turns":9},{"damage":12,"enemies":"2 Thieves","floor":18,"turns":3},{"damage":5,"enemies":"Chosen","floor":20,"turns":3},{"damage":5,"enemies":"Centurion and Healer","floor":21,"turns":7},{"damage":25,"enemies":"Gremlin Leader","floor":23,"turns":5},{"damage":24,"enemies":"Slavers","floor":27,"turns":4},{"damage":2,"enemies":"Chosen and Byrds","floor":29,"turns":5},{"damage":1,"enemies":"Shelled Parasite and Fungi","floor":31,"turns":4},{"damage":62,"enemies":"Automaton","floor":33,"turns":7},{"damage":1,"enemies":"3 Shapes","floor":35,"turns":5},{"damage":4,"enemies":"3 Darklings","floor":38,"turns":3},{"damage":5,"enemies":"Mind Bloom Boss Battle","floor":39,"turns":7},{"damage":89,"enemies":"Giant Head","floor":40,"turns":8}],"seed_played":"5302042564967851390","potions_obtained":[{"floor":2,"key":"Energy Potion"},{"floor":7,"key":"FocusPotion"},{"floor":14,"key":"FearPotion"},{"floor":16,"key":"Fruit Juice"},{"floor":20,"key":"SpeedPotion"},{"floor":27,"key":"LiquidBronze"},{"floor":29,"key":"Strength Potion"},{"floor":33,"key":"FocusPotion"}],"is_trial":false,"path_per_floor":["M","M","?","M","M","R","M","R","T","E","$","M","R","E","R","B",null,"M","?","M","M","?","E","R","?","T","E","?","M","R","M","R","B",null,"M","?","?","M","?","E"],"character_chosen":"DEFECT","items_purchased":["Gremlin Horn","Self Repair"],"campfire_rested":0,"item_purchase_floors":[11,11],"current_hp_per_floor":[68,61,50,44,33,33,33,33,33,21,21,26,26,28,28,31,87,75,59,61,63,63,45,45,45,45,40,40,55,55,60,60,28,60,60,60,60,60,60,0],"gold":505,"neow_bonus":"RANDOM_COMMON_RELIC","is_prod":false,"is_daily":false,"chose_seed":false,"campfire_upgraded":6,"win_rate":0,"timestamp":1563572559,"path_taken":["M","M","?","M","M","R","M","R","T","E","$","M","R","E","R","BOSS","M","?","M","M","?","E","R","?","T","E","?","M","R","M","R","BOSS","M","?","?","M","?","E"],"build_version":"2019-07-17","purchased_purges":0,"victory":false,"max_hp_per_floor":[82,82,82,82,82,82,82,82,82,82,82,82,82,82,82,87,87,87,87,87,87,87,87,87,87,87,87,60,60,60,60,60,60,60,60,60,60,60,60,60],"card_choices":[{"not_picked":["Go for the Eyes","Redo"],"picked":"Cold Snap","floor":1},{"not_picked":["Cold Snap","Chaos"],"picked":"Ball Lightning","floor":2},{"not_picked":["Gash","Darkness"],"picked":"Leap","floor":4},{"not_picked":["Redo","Reinforced Body"],"picked":"Steam","floor":5},{"not_picked":["Redo","Beam Cell"],"picked":"Compile Driver","floor":7},{"not_picked":["Reinforced Body","Cold Snap"],"picked":"Multi-Cast","floor":10},{"not_picked":["Double Energy","Rebound"],"picked":"Sweeping Beam","floor":12},{"not_picked":["Cold Snap","Sweeping Beam","Stack"],"picked":"SKIP","floor":14},{"not_picked":["Fission","Meteor Strike"],"picked":"Rainbow","floor":16},{"not_picked":[],"picked":"Rebound","floor":18},{"not_picked":[],"picked":"Static Discharge+1","floor":20},{"not_picked":["Cold Snap"],"picked":"SKIP","floor":21},{"not_picked":["Redo+1"],"picked":"SKIP","floor":23},{"not_picked":["Beam Cell"],"picked":"SKIP","floor":27},{"not_picked":["Cold Snap"],"picked":"SKIP","floor":29},{"not_picked":["Rebound+1"],"picked":"SKIP","floor":31},{"not_picked":["Recycle+1"],"picked":"SKIP","floor":35},{"not_picked":[],"picked":"Discovery","floor":37},{"not_picked":["Barrage+1"],"picked":"SKIP","floor":38}],"player_experience":874983,"relics_obtained":[{"floor":9,"key":"Pen Nib"},{"floor":10,"key":"Letter Opener"},{"floor":14,"key":"Whetstone"},{"floor":19,"key":"Nilry\u0027s Codex"},{"floor":23,"key":"Meat on the Bone"},{"floor":27,"key":"Gambling Chip"},{"floor":39,"key":"Incense Burner"}],"event_choices":[{"damage_healed":0,"gold_gain":75,"player_choice":"Gather Gold","damage_taken":11,"max_hp_gain":0,"max_hp_loss":0,"event_name":"World of Goop","floor":3,"gold_loss":0},{"damage_healed":0,"gold_gain":0,"player_choice":"Obtained Book","damage_taken":16,"max_hp_gain":0,"max_hp_loss":0,"event_name":"Cursed Tome","floor":19,"gold_loss":0},{"damage_healed":0,"gold_gain":0,"player_choice":"Opened","damage_taken":0,"relics_obtained":["StoneCalendar"],"max_hp_gain":0,"max_hp_loss":0,"event_name":"The Mausoleum","floor":22,"gold_loss":0,"cards_obtained":["Writhe"]},{"cards_removed":["Writhe"],"damage_healed":0,"gold_gain":0,"player_choice":"Gave Gold","damage_taken":0,"max_hp_gain":0,"max_hp_loss":0,"event_name":"Beggar","floor":25,"gold_loss":75},{"damage_healed":0,"gold_gain":0,"player_choice":"Became a vampire","damage_taken":0,"max_hp_gain":0,"max_hp_loss":27,"event_name":"Vampires","floor":28,"gold_loss":0,"cards_obtained":["Bite","Bite","Bite","Bite","Bite"]},{"damage_healed":0,"gold_gain":0,"player_choice":"Ignored","damage_taken":0,"max_hp_gain":0,"max_hp_loss":0,"event_name":"Tomb of Lord Red Mask","floor":36,"gold_loss":0},{"damage_healed":0,"gold_gain":0,"player_choice":"Memory 1","damage_taken":0,"max_hp_gain":0,"max_hp_loss":0,"event_name":"SensoryStone","floor":37,"gold_loss":0},{"damage_healed":0,"gold_gain":0,"player_choice":"Fight","damage_taken":0,"max_hp_gain":0,"max_hp_loss":0,"event_name":"MindBloom","floor":39,"gold_loss":0}],"is_beta":false,"boss_relics":[{"not_picked":["Philosopher\u0027s Stone","Orrery"],"picked":"Busted Crown"},{"not_picked":["Pandora\u0027s Box","Astrolabe"],"picked":"Sozu"}],"items_purged_floors":[],"is_endless":false,"potions_floor_spawned":[2,7,14,16,20,27,29,31,33,35,38],"killed_by":"Giant Head","ascension_level":4}