{"gold_per_floor":[109,109,119,137,137,137,163,173,173,28,28,28,28,41,41,161,161,161,86,86,56,56,56,56,56,56,56,56,56,56,56,56,56],"floor_reached":33,"playtime":1897,"items_purged":["Strike_B"],"score":358,"play_id":"1505596a-6168-40e3-95f4-d60d30de2aa7","local_time":"20180909122859","is_ascension_mode":true,"campfire_choices":[{"data":"Zap","floor":6,"key":"SMITH"},{"floor":15,"key":"REST"},{"data":"Echo Form","floor":25,"key":"SMITH"},{"floor":27,"key":"REST"},{"data":"Hologram","floor":29,"key":"SMITH"},{"floor":32,"key":"REST"}],"neow_cost":"","seed_source_timestamp":100502792489043,"circlet_count":0,"master_deck":["Strike_B","Defend_B","Defend_B","Defend_B","Defend_B","Zap+1","Dualcast","Conserve Battery","Conserve Battery","Capacitor","Machine Learning","Loop","Hologram+1","Echo Form+1","Sunder+1","Auto Shields+1","Tempest","Melter","Hologram+1"],"relics":["Cracked Core","DataDisk","Lantern","Golden Idol","Ectoplasm","Darkstone Periapt","The Courier","Happy Flower"],"potions_floor_usage":[7,16,19,22,23,28,28],"damage_taken":[{"damage":0,"enemies":"2 Louse","floor":1,"turns":2},{"damage":0,"enemies":"Cultist","floor":3,"turns":4},{"damage":10,"enemies":"Small Slimes","floor":4,"turns":4},{"damage":22,"enemies":"3 Sentries","floor":7,"turns":10},{"damage":0,"enemies":"Exordium Thugs","floor":8,"turns":4},{"damage":1,"enemies":"Exordium Wildlife","floor":14,"turns":5},{"damage":23,"enemies":"Slime Boss","floor":16,"turns":9},{"damage":13,"enemies":"Spheric Guardian","floor":18,"turns":5},{"damage":10,"enemies":"2 Thieves","floor":19,"turns":4},{"damage":9,"enemies":"Snake Plant","floor":22,"turns":4},{"damage":27,"enemies":"Book of Stabbing","floor":23,"turns":7},{"damage":13,"enemies":"Chosen and Byrds","floor":28,"turns":6},{"damage":6,"enemies":"Centurion and Healer","floor":31,"turns":6},{"damage":69,"enemies":"Automaton","floor":33,"turns":8}],"seed_played":"4452572553113154376","potions_obtained":[{"floor":4,"key":"PowerPotion"},{"floor":7,"key":"Energy Potion"},{"floor":14,"key":"SkillPotion"},{"floor":16,"key":"Ancient Potion"},{"floor":21,"key":"Explosive Potion"},{"floor":21,"key":"SpeedPotion"},{"floor":22,"key":"SteroidPotion"},{"floor":23,"key":"PowerPotion"}],"is_trial":false,"path_per_floor":["M","?","M","M","?","R","E","M","T","$","?","?","$","M","R","B",null,"M","M","?","?","M","E","?","R","T","R","M","R","?","M","R"],"character_chosen":"DEFECT","items_purchased":["Loop"],"campfire_rested":3,"item_purchase_floors":[10],"current_hp_per_floor":[68,68,68,58,75,75,53,53,53,53,46,28,28,27,49,26,63,50,40,65,65,56,29,29,29,29,51,38,38,38,32,54,0],"gold":56,"neow_bonus":"","is_prod":false,"is_daily":false,"chose_seed":false,"campfire_upgraded":3,"win_rate":0,"timestamp":1536510539,"path_taken":["M","?","M","M","?","R","E","M","T","$","?","?","?","?","R","BOSS","M","M","?","?","?","E","?","R","T","R","M","R","?","?","R","BOSS"],"build_version":"2018-09-06","purchased_purges":1,"victory":false,"max_hp_per_floor":[75,75,75,75,75,75,75,75,75,75,75,75,75,75,75,75,75,75,75,75,75,75,75,75,75,75,75,75,75,75,75,75,75],"card_choices":[{"not_picked":["Steam","Cold Snap"],"picked":"Hello World","floor":1},{"not_picked":["Barrage","Cold Snap"],"picked":"Conserve Battery","floor":3},{"not_picked":["Compile Driver","Consume"],"picked":"Conserve Battery","floor":4},{"not_picked":["Sweeping Beam","Rebound"],"picked":"Capacitor","floor":7},{"not_picked":["Barrage","Streamline"],"picked":"Machine Learning","floor":8},{"not_picked":["Stack","Leap"],"picked":"Hologram","floor":14},{"not_picked":["Thunder Strike","Amplify"],"picked":"Echo Form","floor":16},{"not_picked":["Lockon","Streamline"],"picked":"Sunder+1","floor":18},{"not_picked":["Genetic Algorithm","Rebound"],"picked":"Auto Shields+1","floor":19},{"not_picked":["Sweeping Beam","Force Field+1"],"picked":"Tempest","floor":22},{"not_picked":["Gash","Go for the Eyes","Conserve Battery"],"picked":"SKIP","floor":23},{"not_picked":["Leap","Stack"],"picked":"Melter","floor":28},{"not_picked":["Amplify","Compile Driver"],"picked":"Hologram+1","floor":31}],"player_experience":343313,"relics_obtained":[{"floor":7,"key":"DataDisk"},{"floor":9,"key":"Lantern"},{"floor":23,"key":"Darkstone Periapt"},{"floor":26,"key":"The Courier"}],"event_choices":[{"event_name":"Purifier","player_choice":"One Purge","floor":2,"damage_taken":0},{"event_name":"Bonfire Elementals","player_choice":"UNCOMMON","floor":5,"damage_taken":0},{"event_name":"Golden Wing","player_choice":"Card Removal","floor":11,"damage_taken":0},{"event_name":"Golden Idol","player_choice":"Take Damage","floor":12,"damage_taken":0},{"event_name":"The Library","player_choice":"Heal","floor":20,"damage_taken":0},{"event_name":"The Woman in Blue","player_choice":"Bought 2 Potions","floor":21,"damage_taken":0},{"event_name":"Ghosts","player_choice":"Ignored","floor":24,"damage_taken":0},{"event_name":"The Mausoleum","player_choice":"Yes","floor":30,"damage_taken":0}],"is_beta":false,"boss_relics":[{"not_picked":["Lizard Tail","Pandora\u0027s Box"],"picked":"Ectoplasm"}],"items_purged_floors":[10],"is_endless":false,"potions_floor_spawned":[4,7,14,16,22,23],"killed_by":"Automaton","ascension_level":7}