{"gold_per_floor":[115,13,13,33,48,82,82,109,109,137,211,63,63,88,88,162,162,174,190,205,57,57,57],"floor_reached":23,"playtime":2299,"items_purged":["Strike_R"],"score":383,"play_id":"cb9fd2aa-9747-4279-b6fb-8e3765378ccc","local_time":"20190405223558","is_ascension_mode":true,"campfire_choices":[{"data":"Searing Blow","floor":7,"key":"SMITH"},{"floor":15,"key":"REST"}],"neow_cost":"NONE","seed_source_timestamp":362131079276935,"circlet_count":0,"master_deck":["AscendersBane","Strike_R","Strike_R","Strike_R","Strike_R","Defend_R","Defend_R","Defend_R","Defend_R","Bash","Forethought","Inflame","Iron Wave","Pommel Strike","Searing Blow+1","True Grit","Heavy Blade","Thunderclap","Immolate","Armaments","True Grit","Fiend Fire","Clash","Havoc","Sentinel","Flame Barrier"],"relics":["Burning Blood","Pear","Unceasing Top","Dead Branch","Potion Belt","Girya","Mark of Pain"],"potions_floor_usage":[8,8,13,14,16,16,16,23],"damage_taken":[{"damage":1,"enemies":"2 Louse","floor":1,"turns":3},{"damage":10,"enemies":"Small Slimes","floor":4,"turns":4},{"damage":1,"enemies":"Cultist","floor":5,"turns":4},{"damage":43,"enemies":"3 Sentries","floor":6,"turns":10},{"damage":11,"enemies":"Gremlin Nob","floor":8,"turns":3},{"damage":25,"enemies":"Lagavulin","floor":10,"turns":6},{"damage":24,"enemies":"Gremlin Nob","floor":14,"turns":4},{"damage":54,"enemies":"The Guardian","floor":16,"turns":12},{"damage":35,"enemies":"Shell Parasite","floor":18,"turns":7},{"damage":1,"enemies":"Spheric Guardian","floor":19,"turns":3},{"damage":0,"enemies":"Snake Plant","floor":20,"turns":2},{"damage":46,"enemies":"Slavers","floor":23,"turns":4}],"seed_played":"-2665615789928345491","potions_obtained":[{"floor":1,"key":"FearPotion"},{"floor":5,"key":"Swift Potion"},{"floor":10,"key":"Ancient Potion"},{"floor":13,"key":"Fruit Juice"},{"floor":13,"key":"Regen Potion"},{"floor":13,"key":"LiquidBronze"},{"floor":20,"key":"Weak Potion"}],"is_trial":false,"path_per_floor":["?","?","?","M","$","?"],"character_chosen":"IRONCLAD","items_purchased":["Iron Wave","Pommel Strike","SteroidPotion","EssenceOfSteel","Armaments","Flame Barrier"],"campfire_rested":1,"item_purchase_floors":[2,2,12,12,12,21],"current_hp_per_floor":[77,77,77,73,78,51,51,46,46,27,27,27,32,14,42,9,74,45,50,56,56,37,0],"gold":57,"neow_bonus":"RANDOM_COLORLESS","is_prod":false,"is_daily":false,"chose_seed":false,"campfire_upgraded":1,"win_rate":0,"timestamp":1554500158,"path_taken":["M","$","?","M","M","E","R","E","T","E","?","$","?","E","R","BOSS","M","?","M","?","?","E"],"build_version":"2019-01-23","purchased_purges":1,"victory":false,"max_hp_per_floor":[80,80,80,80,80,90,90,90,90,90,90,90,95,95,95,95,95,95,95,95,95,100,100],"card_choices":[{"not_picked":["Corruption","Shrug It Off"],"picked":"Inflame","floor":1},{"not_picked":["Sentinel","Clash"],"picked":"Searing Blow","floor":4},{"not_picked":["Twin Strike","Flex"],"picked":"True Grit","floor":5},{"not_picked":["Headbutt","Warcry"],"picked":"Heavy Blade","floor":6},{"not_picked":["Flex","Headbutt"],"picked":"Thunderclap","floor":8},{"not_picked":["True Grit","Rupture"],"picked":"Immolate","floor":10},{"not_picked":["Anger","Headbutt"],"picked":"True Grit","floor":14},{"not_picked":["Demon Form","Double Tap"],"picked":"Fiend Fire","floor":16},{"not_picked":["Body Slam","True Grit+1"],"picked":"Clash","floor":18},{"not_picked":["Rampage","Sentinel"],"picked":"Havoc","floor":19},{"not_picked":["Combust","Pommel Strike+1"],"picked":"Sentinel","floor":20}],"player_experience":482179,"relics_obtained":[{"floor":6,"key":"Pear"},{"floor":8,"key":"Unceasing Top"},{"floor":9,"key":"Dead Branch"},{"floor":10,"key":"Potion Belt"},{"floor":14,"key":"Girya"}],"event_choices":[{"damage_healed":0,"gold_gain":0,"player_choice":"Leave","damage_taken":0,"max_hp_gain":0,"max_hp_loss":0,"event_name":"The Cleric","floor":3,"gold_loss":0},{"damage_healed":0,"gold_gain":74,"player_choice":"Gained Gold","damage_taken":0,"max_hp_gain":0,"max_hp_loss":0,"event_name":"Golden Wing","floor":11,"gold_loss":0},{"damage_healed":0,"gold_gain":0,"player_choice":"Got Potions","damage_taken":0,"max_hp_gain":0,"max_hp_loss":0,"event_name":"Lab","floor":13,"gold_loss":0},{"damage_healed":0,"gold_gain":0,"player_choice":"Shed Blood","damage_taken":24,"max_hp_gain":5,"max_hp_loss":0,"event_name":"Forgotten Altar","floor":22,"gold_loss":0}],"is_beta":false,"boss_relics":[{"not_picked":["Runic Cube","Coffee Dripper"],"picked":"Mark of Pain"}],"items_purged_floors":[21],"is_endless":false,"potions_floor_spawned":[1,5,10,20],"killed_by":"Slavers","ascension_level":13}