{"gold_per_floor":[414,111,127,147,160,186,186,202,202,218,253,265,279,308,308,410,410,421,67,78,78,91,122,122,122],"floor_reached":25,"playtime":1092,"items_purged":["Injury"],"score":336,"play_id":"e67610d5-fb56-4be6-bca0-761ce6e5a0c4","local_time":"20190225204659","is_ascension_mode":true,"campfire_choices":[{"floor":15.0,"key":"REST"}],"neow_cost":"CURSE","seed_source_timestamp":284054602133500,"circlet_count":0,"master_deck":["Strike_R","Strike_R","Strike_R","Strike_R","Strike_R","Defend_R","Defend_R","Defend_R","Defend_R","Bash","Perfected Strike","Swift Strike","Twin Strike","Thunderclap","Pain","Shrug It Off","Pommel Strike","Shrug It Off+1","Dropkick","Metallicize","Fiend Fire","Inflame","Disarm+1","Ghostly Armor+1","Impervious+1"],"special_seed":0,"relics":["Black Blood","Old Coin","Bag of Marbles","Ornamental Fan","WarpedTongs","Toxic Egg 2","Sundial","Blue Candle","Molten Egg 2","Prayer Wheel"],"potions_floor_usage":[23,24,25],"damage_taken":[{"damage":6.0,"enemies":"Cultist","floor":1.0,"turns":3.0},{"damage":10.0,"enemies":"Small Slimes","floor":3.0,"turns":3.0},{"damage":2.0,"enemies":"Jaw Worm","floor":4.0,"turns":3.0},{"damage":9.0,"enemies":"Red Slaver","floor":5.0,"turns":2.0},{"damage":16.0,"enemies":"Gremlin Nob","floor":6.0,"turns":3.0},{"damage":11.0,"enemies":"Lots of Slimes","floor":8.0,"turns":4.0},{"damage":3.0,"enemies":"Blue Slaver","floor":10.0,"turns":2.0},{"damage":31.0,"enemies":"Lagavulin","floor":11.0,"turns":4.0},{"damage":9.0,"enemies":"Exordium Thugs","floor":12.0,"turns":3.0},{"damage":6.0,"enemies":"Gremlin Gang","floor":13.0,"turns":2.0},{"damage":6.0,"enemies":"Gremlin Nob","floor":14.0,"turns":3.0},{"damage":4.0,"enemies":"Hexaghost","floor":16.0,"turns":9.0},{"damage":6.0,"enemies":"Chosen","floor":18.0,"turns":4.0},{"damage":34,"enemies":"Spheric Guardian","floor":20,"turns":6},{"damage":20,"enemies":"Centurion and Healer","floor":22,"turns":6},{"damage":41,"enemies":"Slavers","floor":23,"turns":7},{"damage":0,"enemies":"Chosen and Byrds","floor":24,"turns":1},{"damage":27,"enemies":"Gremlin Leader","floor":25,"turns":7}],"seed_played":"-1330418170409009649","potions_obtained":[{"floor":3.0,"key":"SmokeBomb"},{"floor":5.0,"key":"Regen Potion"},{"floor":6.0,"key":"PowerPotion"},{"floor":14.0,"key":"Weak Potion"},{"floor":16.0,"key":"Strength Potion"},{"floor":23,"key":"Weak Potion"}],"is_trial":false,"path_per_floor":["M","$","M","M","M","E","?","M","T","M","E","M","M","E","R","B",null,"M","$","M","?","M","E","M","E"],"character_chosen":"IRONCLAD","items_purchased":["Bag of Marbles","Swift Strike","Molten Egg 2","Inflame","Disarm+1"],"campfire_rested":1,"item_purchase_floors":[2,2,19,19,19],"current_hp_per_floor":[72,72,68,72,69,59,59,54,54,57,41,38,38,38,62,64,76,80,80,56,56,46,15,25,0],"gold":122,"neow_bonus":"ONE_RARE_RELIC","is_prod":false,"is_daily":false,"chose_seed":false,"campfire_upgraded":0,"win_rate":0,"timestamp":1551145619,"path_taken":["M","$","M","M","?","E","?","?","T","M","E","M","M","E","R","BOSS","M","$","M","?","?","E","M","E"],"build_version":"2019-01-23","purchased_purges":1,"victory":false,"max_hp_per_floor":[80,80,80,80,80,80,80,80,80,80,80,80,80,80,80,80,80,80,80,80,80,80,80,80,80],"card_choices":[{"not_picked":["True Grit","Armaments"],"picked":"Perfected Strike","floor":1.0},{"not_picked":["Shrug It Off","Rage"],"picked":"Twin Strike","floor":3.0},{"not_picked":["Pummel","Intimidate","Blood for Blood"],"picked":"SKIP","floor":4.0},{"not_picked":["Dropkick","Flex"],"picked":"Thunderclap","floor":5.0},{"not_picked":["Heavy Blade","Feel No Pain","Power Through"],"picked":"SKIP","floor":6.0},{"not_picked":["Battle Trance","Headbutt"],"picked":"Shrug It Off","floor":8.0},{"not_picked":["Sword Boomerang","Second Wind+1"],"picked":"Pommel Strike","floor":10.0},{"not_picked":["Reckless Charge","Hemokinesis","Warcry+1"],"picked":"SKIP","floor":11.0},{"not_picked":["Battle Trance+1","Rage+1"],"picked":"Shrug It Off+1","floor":12.0},{"not_picked":["Shrug It Off+1","Body Slam"],"picked":"Dropkick","floor":13.0},{"not_picked":["Shrug It Off+1","Armaments+1"],"picked":"Metallicize","floor":14.0},{"not_picked":["Impervious+1","Double Tap+1"],"picked":"Fiend Fire","floor":16.0},{"not_picked":["Thunderclap+1","Reckless Charge","True Grit+1"],"picked":"SKIP","floor":18.0},{"not_picked":["Corruption","Body Slam+1","Thunderclap+1"],"picked":"SKIP","floor":20},{"not_picked":["Clothesline+1","Heavy Blade+1"],"picked":"Ghostly Armor+1","floor":22},{"not_picked":["Thunderclap+1","Clothesline+1"],"picked":"Impervious+1","floor":23}],"player_experience":482568,"relics_obtained":[{"floor":6.0,"key":"Ornamental Fan"},{"floor":9.0,"key":"Toxic Egg 2"},{"floor":11.0,"key":"Sundial"},{"floor":14.0,"key":"Blue Candle"},{"floor":23,"key":"Prayer Wheel"}],"event_choices":[{"damage_healed":0.0,"max_hp_gain":0.0,"max_hp_loss":0.0,"gold_gain":0.0,"event_name":"Accursed Blacksmith","player_choice":"Rummage","floor":7.0,"gold_loss":0.0,"damage_taken":0.0,"relics_obtained":["WarpedTongs"],"cards_obtained":["Pain"]},{"damage_healed":0,"gold_gain":0,"player_choice":"0 cards matched","damage_taken":0,"max_hp_gain":0,"max_hp_loss":0,"event_name":"Match and Keep!","floor":21,"gold_loss":0,"cards_obtained":[]}],"is_beta":false,"boss_relics":[{"not_picked":["Astrolabe","Runic Dome"],"picked":"Black Blood"}],"items_purged_floors":[2],"is_endless":false,"potions_floor_spawned":[3,5,6,8,14,16,23,24],"killed_by":"Gremlin Leader","ascension_level":7}