{"gold_per_floor":[116,116,116,127,142,142,165,165,165,6,18,18,36,36],"floor_reached":14,"playtime":441,"items_purged":["Strike_B"],"score":116,"play_id":"fa56c8f4-c1c9-4a3e-a1c8-c3db0d0214bf","local_time":"20190216144642","is_ascension_mode":true,"campfire_choices":[{"data":"Go for the Eyes","floor":6,"key":"SMITH"},{"data":"Capacitor","floor":8,"key":"SMITH"}],"neow_cost":"NONE","seed_source_timestamp":15277779931600,"circlet_count":0,"master_deck":["Strike_B","Defend_B","Defend_B","Defend_B","Defend_B","Zap+1","Dualcast","Blizzard","Coolheaded","Capacitor+1","Go for the Eyes+1","Darkness","Defragment","Ball Lightning","Storm"],"relics":["Cracked Core","Bag of Preparation","Odd Mushroom","Darkstone Periapt"],"potions_floor_usage":[7,14],"damage_taken":[{"damage":0,"enemies":"2 Louse","floor":1,"turns":3},{"damage":0,"enemies":"Jaw Worm","floor":4,"turns":3},{"damage":0,"enemies":"Small Slimes","floor":5,"turns":4},{"damage":13,"enemies":"The Mushroom Lair","floor":7,"turns":4},{"damage":34,"enemies":"Exordium Thugs","floor":11,"turns":6},{"damage":10,"enemies":"Large Slime","floor":13,"turns":5},{"damage":4,"enemies":"2 Fungi Beasts","floor":14,"turns":2}],"seed_played":"-4748826395715154812","potions_obtained":[{"floor":5,"key":"FocusPotion"},{"floor":7,"key":"Block Potion"},{"floor":13,"key":"SteroidPotion"}],"is_trial":false,"path_per_floor":["M","?","?","M","M","R","?","R","T","$","M","?","M","M"],"character_chosen":"DEFECT","items_purchased":["Defragment","PowerPotion"],"campfire_rested":0,"item_purchase_floors":[10,10],"current_hp_per_floor":[68,68,61,61,61,61,48,48,48,48,14,14,4,0],"gold":36,"neow_bonus":"TRANSFORM_CARD","is_prod":false,"is_daily":false,"chose_seed":false,"campfire_upgraded":2,"win_rate":0,"timestamp":1550346402,"path_taken":["M","?","?","M","M","R","?","R","T","$","M","?","M","M"],"build_version":"2019-01-23","purchased_purges":1,"victory":false,"max_hp_per_floor":[75,75,75,75,75,75,75,75,75,75,75,75,75,75],"card_choices":[{"not_picked":["Consume","Beam Cell"],"picked":"Coolheaded","floor":1},{"not_picked":["Coolheaded","Loop"],"picked":"Capacitor","floor":4},{"not_picked":["Reprogram","Coolheaded"],"picked":"Go for the Eyes","floor":5},{"not_picked":["Barrage","Storm"],"picked":"Darkness","floor":7},{"not_picked":["Stack","Skim"],"picked":"Ball Lightning","floor":11},{"not_picked":["Force Field","Compile Driver","Streamline"],"picked":"SKIP","floor":13}],"player_experience":475130,"relics_obtained":[{"floor":7,"key":"Odd Mushroom"},{"floor":9,"key":"Darkstone Periapt"}],"event_choices":[{"damage_healed":0,"gold_gain":0,"player_choice":"Grow","damage_taken":0,"max_hp_gain":0,"max_hp_loss":0,"event_name":"Living Wall","floor":2,"gold_loss":0,"cards_upgraded":["Zap"]},{"damage_healed":0,"gold_gain":0,"player_choice":"Success","damage_taken":7,"relics_obtained":["Bag of Preparation"],"max_hp_gain":0,"max_hp_loss":0,"event_name":"Scrap Ooze","floor":3,"gold_loss":0},{"damage_healed":0,"gold_gain":0,"player_choice":"Fought Mushrooms","damage_taken":0,"max_hp_gain":0,"max_hp_loss":0,"event_name":"Mushrooms","floor":7,"gold_loss":0},{"damage_healed":0,"gold_gain":0,"cards_transformed":["Strike_B"],"player_choice":"Transformed","damage_taken":0,"max_hp_gain":0,"max_hp_loss":0,"event_name":"Transmorgrifier","floor":12,"gold_loss":0,"cards_obtained":["Storm"]}],"is_beta":false,"boss_relics":[],"items_purged_floors":[10],"is_endless":false,"potions_floor_spawned":[5,7,13],"killed_by":"2 Fungi Beasts","ascension_level":9}