{"gold_per_floor":[116,116,127,77,39,39,71,83,95,132,162,194,217,247,259,371,383,411,523,535,547,574,586,623,635],"floor_reached":25,"playtime":1238,"items_purged":[],"score":312,"play_id":"75aed2aa-1278-416f-83b7-0f1f56252427","local_time":"20190404005322","is_ascension_mode":true,"campfire_choices":[{"data":"Terror","floor":6.0,"key":"SMITH"},{"floor":8.0,"key":"REST"},{"floor":15.0,"key":"REST"},{"floor":23,"key":"REST"}],"neow_cost":"CURSE","seed_source_timestamp":1377285415222173,"circlet_count":0,"master_deck":["Defend_G","Defend_G","Defend_G","Defend_G","Defend_G","Strike_G","Strike_G","Strike_G","Strike_G","Strike_G","Survivor","Neutralize","Die Die Die","Dash","Terror+1","Footwork","conspire:DoublingDagger","Deflect","Phantasmal Killer","Infinite Blades","Malaise","Cloak And Dagger+1","Decay","Cloak And Dagger"],"special_seed":0,"relics":["Ring of the Snake","Lantern","MawBank","conspire:Dentures","Gremlin Horn","construct:ClawGrip","Tingsha","Singing Bowl","Matryoshka"],"potions_floor_usage":[16,19,24,24,25],"damage_taken":[{"damage":2.0,"enemies":"2 Louse","floor":1.0,"turns":2.0},{"damage":6.0,"enemies":"Jaw Worm","floor":3.0,"turns":4.0},{"damage":18.0,"enemies":"Gremlin Nob","floor":7.0,"turns":4.0},{"damage":30.0,"enemies":"3 Sentries","floor":10.0,"turns":12.0},{"damage":0.0,"enemies":"Small Slimes","floor":11.0,"turns":2.0},{"damage":0.0,"enemies":"2 Fungi Beasts","floor":12.0,"turns":3.0},{"damage":0.0,"enemies":"3 Louse","floor":13.0,"turns":1.0},{"damage":0.0,"enemies":"Blue Slaver","floor":14.0,"turns":3.0},{"damage":3,"enemies":"Slime Boss","floor":16,"turns":9},{"damage":0,"enemies":"Chosen","floor":18,"turns":3},{"damage":16,"enemies":"Colosseum Slavers","floor":19,"turns":6},{"damage":23,"enemies":"Colosseum Nobs","floor":19,"turns":7},{"damage":28,"enemies":"Spheric Guardian","floor":22,"turns":6},{"damage":36,"enemies":"Slavers","floor":24,"turns":6},{"damage":3,"enemies":"Snake Plant","floor":25,"turns":4}],"seed_played":"5298596560810038854","potions_obtained":[{"floor":1.0,"key":"FearPotion"},{"floor":3.0,"key":"Weak Potion"},{"floor":12.0,"key":"Strength Potion"},{"floor":14.0,"key":"LiquidBronze"},{"floor":18,"key":"SkillPotion"},{"floor":19,"key":"conspire:EchoDraught"}],"is_trial":false,"path_per_floor":["M","?","M","?","$","R","E","R","T","E","M","M","M","M","R","B",null,"M","?","?","?","M","R","E","M"],"character_chosen":"THE_SILENT","items_purchased":["Footwork"],"campfire_rested":3,"item_purchase_floors":[5],"current_hp_per_floor":[61,43,37,37,37,37,19,40,40,10,10,10,10,10,31,28,60,60,21,21,44,18,39,3,0],"gold":635,"neow_bonus":"THREE_RARE_CARDS","is_prod":false,"is_daily":false,"chose_seed":false,"campfire_upgraded":1,"win_rate":0,"timestamp":1554364402,"path_taken":["M","?","M","?","$","R","E","R","T","E","M","M","M","M","R","BOSS","M","?","?","?","M","R","E","M"],"build_version":"2019-01-23","purchased_purges":0,"victory":false,"max_hp_per_floor":[70,70,70,70,70,70,70,70,70,70,70,70,70,70,70,70,70,70,70,70,70,72,72,72,72],"card_choices":[{"not_picked":["Burst","Adrenaline"],"picked":"Die Die Die","floor":0.0},{"not_picked":["Flying Knee","Reflex"],"picked":"Dash","floor":1.0},{"not_picked":["PiercingWail","conspire:PoisonWeapons"],"picked":"Terror","floor":3.0},{"not_picked":["Setup","Calculated Gamble"],"picked":"conspire:DoublingDagger","floor":7.0},{"not_picked":["All Out Attack","Deadly Poison","Bane"],"picked":"SKIP","floor":10.0},{"not_picked":["Tactician","Bouncing Flask"],"picked":"Deflect","floor":11.0},{"not_picked":["Underhanded Strike","Blade Dance"],"picked":"Phantasmal Killer","floor":12.0},{"not_picked":["Quick Slash","Prepared"],"picked":"Infinite Blades","floor":13.0},{"not_picked":["Deadly Poison","Bane","Dagger Spray"],"picked":"SKIP","floor":14.0},{"not_picked":["Wraith Form v2","Die Die Die"],"picked":"Malaise","floor":16},{"not_picked":["Poisoned Stab","Dagger Spray","Slice"],"picked":"SKIP","floor":18},{"not_picked":["Skewer","Flying Knee+1"],"picked":"Cloak And Dagger+1","floor":19},{"not_picked":["Catalyst+1","Skewer","Dagger Throw"],"picked":"Singing Bowl","floor":22},{"not_picked":["Choke+1","Poisoned Stab"],"picked":"Cloak And Dagger","floor":24}],"player_experience":217793,"relics_obtained":[{"floor":7.0,"key":"MawBank"},{"floor":9.0,"key":"conspire:Dentures"},{"floor":10.0,"key":"Gremlin Horn"},{"floor":19,"key":"Tingsha"},{"floor":19,"key":"Singing Bowl"},{"floor":24,"key":"Matryoshka"}],"event_choices":[{"damage_healed":0.0,"max_hp_gain":0.0,"max_hp_loss":0.0,"gold_gain":0.0,"event_name":"Scrap Ooze","player_choice":"Success","floor":2.0,"gold_loss":0.0,"damage_taken":18.0,"relics_obtained":["Lantern"]},{"cards_removed":["Regret"],"damage_healed":0.0,"max_hp_gain":0.0,"max_hp_loss":0.0,"gold_gain":0.0,"event_name":"The Cleric","player_choice":"Card Removal","floor":4.0,"gold_loss":50.0,"damage_taken":0.0},{"damage_healed":0,"gold_gain":0,"player_choice":"Fight","damage_taken":0,"max_hp_gain":0,"max_hp_loss":0,"event_name":"Colosseum","floor":19,"gold_loss":0},{"damage_healed":0,"gold_gain":0,"player_choice":"Fought Nobs","damage_taken":0,"max_hp_gain":0,"max_hp_loss":0,"event_name":"Colosseum","floor":19,"gold_loss":0},{"damage_healed":0,"gold_gain":0,"player_choice":"Smashed Altar","damage_taken":0,"max_hp_gain":0,"max_hp_loss":0,"event_name":"Forgotten Altar","floor":20,"gold_loss":0,"cards_obtained":["Decay"]},{"damage_healed":23,"gold_gain":0,"player_choice":"Heal","damage_taken":0,"max_hp_gain":0,"max_hp_loss":0,"event_name":"The Library","floor":21,"gold_loss":0}],"is_beta":false,"boss_relics":[{"not_picked":["Runic Dome","Ring of the Serpent"],"picked":"construct:ClawGrip"}],"items_purged_floors":[],"is_endless":false,"potions_floor_spawned":[1,3,12,14,18,19,19],"killed_by":"Snake Plant","ascension_level":7}