{"gold_per_floor":[109,120,120,131,143,143,156,156,181,181,31,41,52,6,6,6],"floor_reached":16,"playtime":324,"items_purged":[],"score":122,"play_id":"a7a62ad8-9893-40f6-a745-973f49f30f3a","local_time":"20190213000630","is_ascension_mode":true,"campfire_choices":[{"data":"Whirlwind","floor":6.0,"key":"SMITH"},{"data":"Carnage","floor":10.0,"key":"SMITH"},{"data":"Armaments","floor":15.0,"key":"SMITH"}],"neow_cost":"NONE","seed_source_timestamp":24747442656300,"circlet_count":0,"master_deck":["Strike_R","Strike_R","Strike_R","Strike_R","Defend_R","Defend_R","Defend_R","Bash","Twin Strike","Carnage+1","Havoc","Whirlwind+1","Seeing Red+1","Fiend Fire","Uppercut","Armaments+1"],"special_seed":0,"relics":["Burning Blood","Bag of Marbles"],"potions_floor_usage":[16,16],"damage_taken":[{"damage":8.0,"enemies":"2 Louse","floor":1.0,"turns":3.0},{"damage":0.0,"enemies":"Cultist","floor":2.0,"turns":2.0},{"damage":7.0,"enemies":"Jaw Worm","floor":4.0,"turns":2.0},{"damage":18.0,"enemies":"Exordium Thugs","floor":5.0,"turns":4.0},{"damage":3.0,"enemies":"Blue Slaver","floor":7.0,"turns":2.0},{"damage":17.0,"enemies":"Exordium Wildlife","floor":12.0,"turns":4.0},{"damage":7.0,"enemies":"Looter","floor":13.0,"turns":3.0},{"damage":58,"enemies":"Slime Boss","floor":16,"turns":6}],"seed_played":"6746760981243402046","potions_obtained":[{"floor":1.0,"key":"LiquidBronze"},{"floor":4.0,"key":"SteroidPotion"},{"floor":5.0,"key":"Fire Potion"}],"is_trial":false,"path_per_floor":["M","M","?","M","M","R","M","?","T","R","$","M","M","$","R","B"],"character_chosen":"IRONCLAD","items_purchased":["Fiend Fire","Armaments"],"campfire_rested":0,"item_purchase_floors":[11,14],"current_hp_per_floor":[70,76,76,75,63,63,66,66,66,66,66,55,54,54,54,0],"gold":6,"neow_bonus":"REMOVE_CARD","is_prod":false,"is_daily":false,"chose_seed":false,"campfire_upgraded":3,"win_rate":0,"timestamp":1550034390,"path_taken":["M","M","?","M","?","R","M","?","T","R","?","?","M","$","R","BOSS"],"build_version":"2019-01-23","purchased_purges":0,"victory":false,"max_hp_per_floor":[80,80,80,80,80,80,80,80,80,80,80,80,80,80,80,80],"card_choices":[{"not_picked":["Fire Breathing","Warcry"],"picked":"Twin Strike","floor":1.0},{"not_picked":["Evolve","Twin Strike"],"picked":"Carnage","floor":2.0},{"not_picked":["Sword Boomerang","Body Slam"],"picked":"Havoc","floor":4.0},{"not_picked":["Feel No Pain","Sentinel"],"picked":"Whirlwind","floor":5.0},{"not_picked":["Sword Boomerang","Wild Strike"],"picked":"Seeing Red","floor":7.0},{"not_picked":["Sword Boomerang","Pummel","Burning Pact"],"picked":"SKIP","floor":12.0},{"not_picked":["Pommel Strike","Rupture"],"picked":"Uppercut","floor":13.0}],"player_experience":456009,"relics_obtained":[{"floor":9.0,"key":"Bag of Marbles"}],"event_choices":[{"cards_removed":["Strike_R"],"damage_healed":0.0,"max_hp_gain":0.0,"max_hp_loss":0.0,"gold_gain":0.0,"event_name":"Purifier","player_choice":"Purged","floor":3.0,"gold_loss":0.0,"damage_taken":0.0},{"damage_healed":0.0,"max_hp_gain":0.0,"max_hp_loss":0.0,"gold_gain":0.0,"event_name":"Upgrade Shrine","player_choice":"Upgraded","floor":8.0,"gold_loss":0.0,"damage_taken":0.0,"cards_upgraded":["Seeing Red"]}],"is_beta":false,"boss_relics":[],"items_purged_floors":[],"is_endless":false,"potions_floor_spawned":[1,4,5],"killed_by":"Slime Boss","ascension_level":6}