{"gold_per_floor":[114,3,14,34,16,49,49,67,138,138,138,138,150,150,150,252,252,268,268,280,25,124,150,168,168],"floor_reached":25,"playtime":1660,"items_purged":["Strike_G","Strike_G+1"],"score":357,"play_id":"25a1eaef-784d-490a-a47c-095630ce7450","local_time":"20190424224634","is_ascension_mode":true,"campfire_choices":[{"floor":7.0,"key":"REST"},{"data":"Dagger Spray","floor":10.0,"key":"SMITH"},{"data":"Bouncing Flask","floor":12.0,"key":"SMITH"},{"data":"Adrenaline","floor":15,"key":"SMITH"}],"neow_cost":"NONE","seed_source_timestamp":1128903453749228,"circlet_count":0,"master_deck":["AscendersBane","Defend_G+1","Defend_G+1","Defend_G+1","Defend_G+1","Defend_G+1","Strike_G+1","Strike_G+1","Strike_G+1","Survivor","Neutralize","Adrenaline+1","Caltrops","Bouncing Flask+1","Prepared","Acrobatics","Noxious Fumes","Dagger Spray+1","Leg Sweep","Deflect+1"],"special_seed":0,"relics":["Ring of the Serpent","Paper Crane","Pear","Bag of Marbles","Torii"],"potions_floor_usage":[13,24,24],"damage_taken":[{"damage":0.0,"enemies":"Small Slimes","floor":1.0,"turns":3.0},{"damage":1.0,"enemies":"Jaw Worm","floor":3.0,"turns":3.0},{"damage":6.0,"enemies":"2 Louse","floor":4.0,"turns":3.0},{"damage":17.0,"enemies":"Exordium Thugs","floor":5.0,"turns":6.0},{"damage":19.0,"enemies":"Gremlin Nob","floor":6.0,"turns":4.0},{"damage":0.0,"enemies":"Large Slime","floor":8.0,"turns":4.0},{"damage":2,"enemies":"Red Slaver","floor":13,"turns":4},{"damage":4,"enemies":"The Guardian","floor":16,"turns":9},{"damage":13,"enemies":"3 Byrds","floor":18,"turns":3},{"damage":5,"enemies":"Chosen","floor":20,"turns":5},{"damage":5,"enemies":"Book of Stabbing","floor":23,"turns":7},{"damage":16,"enemies":"3 Cultists","floor":24,"turns":4},{"damage":22,"enemies":"Masked Bandits","floor":25,"turns":3}],"seed_played":"5361580372544320983","potions_obtained":[{"floor":5.0,"key":"Poison Potion"},{"floor":6.0,"key":"AttackPotion"},{"floor":8.0,"key":"Regen Potion"},{"floor":18,"key":"Fire Potion"},{"floor":23,"key":"EssenceOfSteel"}],"is_trial":false,"path_per_floor":["M","$","M","M","M","E","R","M","T","R","?","R","M","?","R","B",null,"M","?","M","$","?","E","M","?"],"character_chosen":"THE_SILENT","items_purchased":["Bouncing Flask","Bag of Marbles"],"campfire_rested":1,"item_purchase_floors":[2,21],"current_hp_per_floor":[63,63,62,56,39,20,41,41,51,51,35,35,47,47,47,43,71,58,58,53,53,53,48,32,10],"gold":168,"neow_bonus":"ONE_RANDOM_RARE_CARD","is_prod":false,"is_daily":false,"chose_seed":false,"campfire_upgraded":3,"win_rate":0,"timestamp":1556113594,"path_taken":["M","$","M","M","M","E","R","M","T","R","?","R","M","?","R","BOSS","M","?","M","$","?","E","M","?"],"build_version":"2019-01-23","purchased_purges":2,"victory":false,"max_hp_per_floor":[70,70,70,70,70,70,70,70,80,80,80,80,80,80,80,80,80,80,80,80,80,80,80,80,80],"card_choices":[{"not_picked":["Outmaneuver","Setup"],"picked":"Caltrops","floor":1.0},{"not_picked":["Flying Knee","Poisoned Stab"],"picked":"Prepared","floor":3.0},{"not_picked":["Skewer","Finisher"],"picked":"Acrobatics","floor":4.0},{"not_picked":["Infinite Blades","Sucker Punch","Underhanded Strike"],"picked":"SKIP","floor":5.0},{"not_picked":["PiercingWail","Poisoned Stab"],"picked":"Noxious Fumes","floor":6.0},{"not_picked":["Setup","Deflect"],"picked":"Dagger Spray","floor":8.0},{"not_picked":["Dagger Spray","Dodge and Roll"],"picked":"Leg Sweep","floor":13},{"not_picked":["Caltrops","Noxious Fumes"],"picked":"Deflect+1","floor":18},{"not_picked":["Dagger Throw","Eviscerate","Deadly Poison"],"picked":"SKIP","floor":20},{"not_picked":["Backstab","Leg Sweep+1","Underhanded Strike"],"picked":"SKIP","floor":23},{"not_picked":["Leg Sweep","Sucker Punch","Dagger Spray"],"picked":"SKIP","floor":24}],"player_experience":691064,"relics_obtained":[{"floor":6.0,"key":"Paper Crane"},{"floor":9.0,"key":"Pear"},{"floor":23,"key":"Torii"}],"event_choices":[{"damage_healed":0.0,"max_hp_gain":0.0,"max_hp_loss":0.0,"gold_gain":0.0,"event_name":"Shining Light","player_choice":"Entered Light","floor":11.0,"gold_loss":0.0,"damage_taken":16.0,"cards_upgraded":["Strike_G","Defend_G"]},{"damage_healed":0,"gold_gain":0,"player_choice":"Ignored","damage_taken":0,"max_hp_gain":0,"max_hp_loss":0,"event_name":"Liars Game","floor":14,"gold_loss":0},{"damage_healed":0,"gold_gain":0,"player_choice":"Simplicity","damage_taken":0,"max_hp_gain":0,"max_hp_loss":0,"event_name":"Back to Basics","floor":19,"gold_loss":0,"cards_upgraded":["Defend_G","Defend_G","Defend_G","Defend_G","Strike_G","Strike_G","Strike_G"]},{"damage_healed":0,"gold_gain":99,"player_choice":"Stole From Cult","damage_taken":0,"max_hp_gain":0,"max_hp_loss":0,"event_name":"Nest","floor":22,"gold_loss":0},{"damage_healed":0,"gold_gain":0,"player_choice":"Fought Bandits","damage_taken":0,"max_hp_gain":0,"max_hp_loss":0,"event_name":"Masked Bandits","floor":25,"gold_loss":0}],"is_beta":false,"boss_relics":[{"not_picked":["Velvet Choker","Coffee Dripper"],"picked":"Ring of the Serpent"}],"items_purged_floors":[2,21],"is_endless":false,"potions_floor_spawned":[5,6,8,18,23],"killed_by":"Masked Bandits","ascension_level":12}