{"gold_per_floor":[111,130,145,145,159,159,169,169,169,169,91,116,136,153,153,248,248,259,279,293,293,293],"floor_reached":22,"playtime":923,"items_purged":[],"score":209,"play_id":"b96744bd-29f9-4196-9f80-065b2e2a3b3e","local_time":"20181111002038","is_ascension_mode":true,"campfire_choices":[{"data":"Chill","floor":6.0,"key":"SMITH"},{"data":"Creative AI","floor":8.0,"key":"SMITH"},{"data":"Zap","floor":10.0,"key":"SMITH"},{"floor":15.0,"key":"REST"}],"neow_cost":"NONE","seed_source_timestamp":0,"circlet_count":0,"master_deck":["Strike_B","Strike_B","Strike_B","Strike_B","Defend_B","Defend_B","Defend_B","Defend_B","Zap+1","Dualcast","Chill+1","Sunder+1","Leap","Coolheaded","Creative AI+1","Loop","Thunder Strike","Blizzard","Turbo","Amplify","Heatsinks","Barrage+1"],"special_seed":0,"relics":["Cracked Core","Art of War","Mummified Hand","Bag of Marbles","Lizard Tail","Enchiridion"],"potions_floor_usage":[19],"damage_taken":[{"damage":0.0,"enemies":"Small Slimes","floor":1.0,"turns":2.0},{"damage":7.0,"enemies":"Jaw Worm","floor":2.0,"turns":3.0},{"damage":0.0,"enemies":"2 Louse","floor":3.0,"turns":2.0},{"damage":4.0,"enemies":"Exordium Thugs","floor":5.0,"turns":4.0},{"damage":6.0,"enemies":"Exordium Wildlife","floor":7.0,"turns":5.0},{"damage":34.0,"enemies":"Gremlin Nob","floor":12.0,"turns":5.0},{"damage":0.0,"enemies":"Large Slime","floor":13.0,"turns":3.0},{"damage":2.0,"enemies":"Blue Slaver","floor":14.0,"turns":3.0},{"damage":41.0,"enemies":"The Guardian","floor":16.0,"turns":11.0},{"damage":22.0,"enemies":"Spheric Guardian","floor":18.0,"turns":6.0},{"damage":38,"enemies":"3 Byrds","floor":19,"turns":4},{"damage":28,"enemies":"Shelled Parasite and Fungi","floor":20,"turns":8},{"damage":23,"enemies":"3 Cultists","floor":22,"turns":4}],"seed_played":"4038118562461646756","potions_obtained":[{"floor":2.0,"key":"Explosive Potion"},{"floor":5.0,"key":"Ancient Potion"},{"floor":7.0,"key":"Regen Potion"},{"floor":13.0,"key":"AttackPotion"},{"floor":18.0,"key":"Fruit Juice"}],"is_trial":false,"path_per_floor":["M","M","M","?","M","R","M","R","T","R","$","E","M","M","R","B",null,"M","M","M","?","M"],"character_chosen":"DEFECT","items_purchased":["Loop"],"campfire_rested":1,"item_purchase_floors":[11],"current_hp_per_floor":[75,68,68,68,64,64,58,58,58,58,58,38,38,36,58,17,75,53,20,37,21,0],"gold":293,"neow_bonus":"RANDOM_COMMON_RELIC","is_prod":false,"is_daily":false,"chose_seed":false,"campfire_upgraded":3,"win_rate":0,"timestamp":1541913638,"path_taken":["M","M","M","?","M","R","M","R","T","R","$","E","M","M","R","BOSS","M","M","M","?","M"],"build_version":"2018-11-08","purchased_purges":0,"victory":false,"max_hp_per_floor":[75,75,75,75,75,75,75,75,75,75,75,75,75,75,75,75,75,75,80,80,80,80],"card_choices":[{"not_picked":["Beam Cell","Compile Driver"],"picked":"Chill","floor":1.0},{"not_picked":["Reprogram","Coolheaded"],"picked":"Sunder","floor":2.0},{"not_picked":["Beam Cell","Aggregate"],"picked":"Leap","floor":3.0},{"not_picked":["Streamline","Lockon"],"picked":"Coolheaded","floor":5.0},{"not_picked":["Leap","Tempest"],"picked":"Creative AI","floor":7.0},{"not_picked":["Leap","Sweeping Beam"],"picked":"Thunder Strike","floor":12.0},{"not_picked":["Heatsinks","Reprogram"],"picked":"Blizzard","floor":13.0},{"not_picked":["Scrape","Redo"],"picked":"Turbo","floor":14.0},{"not_picked":["Core Surge","Creative AI"],"picked":"Amplify","floor":16.0},{"not_picked":["Streamline","Rebound","Chill"],"picked":"SKIP","floor":18.0},{"not_picked":["Coolheaded+1","Rebound"],"picked":"Heatsinks","floor":19},{"not_picked":["Gash","Sweeping Beam"],"picked":"Barrage+1","floor":20}],"player_experience":292206,"relics_obtained":[{"floor":9.0,"key":"Mummified Hand"},{"floor":12.0,"key":"Bag of Marbles"},{"floor":21,"key":"Enchiridion"}],"event_choices":[{"damage_healed":0.0,"max_hp_gain":0.0,"max_hp_loss":0.0,"gold_gain":0.0,"event_name":"Living Wall","player_choice":"Grow","floor":4.0,"gold_loss":0.0,"damage_taken":0.0,"cards_upgraded":["Sunder"]},{"damage_healed":0,"gold_gain":0,"player_choice":"Obtained Book","damage_taken":16,"max_hp_gain":0,"max_hp_loss":0,"event_name":"Cursed Tome","floor":21,"gold_loss":0}],"is_beta":true,"boss_relics":[{"not_picked":["Coffee Dripper","Philosopher\u0027s Stone"],"picked":"Lizard Tail"}],"items_purged_floors":[],"is_endless":false,"potions_floor_spawned":[2,5,7,13,18],"killed_by":"3 Cultists","ascension_level":2}