{"gold_per_floor":[117,117,134,134,159,193,193,236,236,236,257,257,276,309,309,428,428,452,452,470,490,440,440,484,92,92,132,231,266,266,289,289,413,413,438,453,280,280,304,339,339,360,385,47,47,47,47,62,62,62],"floor_reached":51,"playtime":5358,"items_purged":["Strike_B","Strike_B","Defend_B","Parasite"],"score":1090,"play_id":"d4829644-e171-4c7b-abaa-72f4d65bda56","local_time":"20190425162900","is_ascension_mode":true,"campfire_choices":[{"floor":7,"key":"REST"},{"data":"Zap","floor":10,"key":"SMITH"},{"data":"Dualcast","floor":12,"key":"SMITH"},{"data":"Go for the Eyes","floor":15,"key":"SMITH"},{"data":"Biased Cognition","floor":23,"key":"SMITH"},{"data":"Self Repair","floor":30,"key":"SMITH"},{"data":"Glacier","floor":32,"key":"SMITH"},{"floor":41,"key":"REST"},{"floor":49,"key":"RECALL"}],"neow_cost":"NONE","seed_source_timestamp":31441213421004,"circlet_count":0,"master_deck":["AscendersBane","Strike_B","Defend_B","Defend_B","Defend_B","Zap+1","Dualcast+1","Ball Lightning","BootSequence","Self Repair+1","Ball Lightning","Cold Snap","Glacier+1","Go for the Eyes+1","Biased Cognition+1","Stack","White Noise+1","Doom and Gloom","Blind","Coolheaded+1","Echo Form+1","Conserve Battery+1","Hologram+1","FTL","Multi-Cast+1","Compile Driver+1","Barrage"],"relics":["Cracked Core","Golden Idol","Shuriken","Meat on the Bone","Cables","Smiling Mask","Inserter","Blue Candle","Singing Bowl","Toxic Egg 2","DataDisk","Bag of Marbles","Fusion Hammer","Lantern","Juzu Bracelet","Kunai"],"potions_floor_usage":[6,14,16,27,31,33,39,50,50],"damage_taken":[{"damage":3,"enemies":"Small Slimes","floor":1,"turns":3},{"damage":1,"enemies":"Cultist","floor":3,"turns":3},{"damage":4,"enemies":"2 Louse","floor":5,"turns":2},{"damage":31,"enemies":"Gremlin Nob","floor":6,"turns":4},{"damage":20,"enemies":"Lagavulin","floor":8,"turns":6},{"damage":4,"enemies":"Blue Slaver","floor":11,"turns":3},{"damage":0,"enemies":"Looter","floor":13,"turns":3},{"damage":3,"enemies":"3 Sentries","floor":14,"turns":7},{"damage":30,"enemies":"The Guardian","floor":16,"turns":14},{"damage":9,"enemies":"3 Byrds","floor":18,"turns":5},{"damage":0,"enemies":"Chosen","floor":20,"turns":4},{"damage":9,"enemies":"Centurion and Healer","floor":21,"turns":8},{"damage":4,"enemies":"Book of Stabbing","floor":24,"turns":6},{"damage":5,"enemies":"Slavers","floor":27,"turns":5},{"damage":16,"enemies":"Book of Stabbing","floor":29,"turns":5},{"damage":5,"enemies":"3 Cultists","floor":31,"turns":5},{"damage":29,"enemies":"Automaton","floor":33,"turns":11},{"damage":1,"enemies":"Orb Walker","floor":35,"turns":5},{"damage":3,"enemies":"3 Shapes","floor":36,"turns":6},{"damage":0,"enemies":"Writhing Mass","floor":39,"turns":6},{"damage":23,"enemies":"Giant Head","floor":40,"turns":10},{"damage":0,"enemies":"4 Shapes","floor":42,"turns":7},{"damage":16,"enemies":"Maw","floor":48,"turns":7},{"damage":42,"enemies":"Donu and Deca","floor":50,"turns":11}],"seed_played":"5195333328723289410","potions_obtained":[{"floor":1,"key":"EssenceOfSteel"},{"floor":6,"key":"Fire Potion"},{"floor":8,"key":"Weak Potion"},{"floor":16,"key":"FairyPotion"},{"floor":21,"key":"Fire Potion"},{"floor":24,"key":"Ancient Potion"},{"floor":29,"key":"Fire Potion"},{"floor":39,"key":"Fire Potion"},{"floor":40,"key":"Energy Potion"},{"floor":48,"key":"Ancient Potion"}],"is_trial":false,"path_per_floor":["?","M","?","?","?","?","M","?","?","$"],"character_chosen":"DEFECT","items_purchased":["Blind","Singing Bowl","Hologram+1","PowerPotion","Energy Potion","Kunai","Barrage"],"campfire_rested":2,"item_purchase_floors":[25,25,37,37,37,44,44],"current_hp_per_floor":[65,58,57,57,53,29,49,36,36,36,51,51,58,62,62,51,65,63,63,69,67,67,67,69,69,69,71,71,62,62,69,69,50,67,73,75,75,75,75,62,75,75,75,72,68,68,68,70,70,50],"gold":62,"neow_bonus":"THREE_CARDS","is_prod":false,"is_daily":false,"chose_seed":false,"campfire_upgraded":6,"win_rate":0,"timestamp":1556206140,"path_taken":["M","?","?","?","M","E","R","E","T","R","M","R","M","E","R","BOSS","M","?","M","M","$","R","E","$","T","E","?","E","R","M","R","BOSS","M","M","$","?","?","E","R","M","T","$","?","?","?","M","R","BOSS"],"build_version":"2019-01-23","purchased_purges":4,"victory":true,"max_hp_per_floor":[75,75,75,69,69,69,69,69,69,69,69,69,69,69,69,69,69,69,69,69,69,69,69,69,69,69,71,71,71,71,73,73,73,73,73,75,75,75,75,75,75,75,75,72,68,68,68,70,70,70],"card_choices":[{"not_picked":["Gash","Leap"],"picked":"Ball Lightning","floor":0},{"not_picked":["Lockon","Double Energy","Force Field"],"picked":"SKIP","floor":1},{"not_picked":["Capacitor","Steam"],"picked":"BootSequence","floor":3},{"not_picked":["Barrage","Rebound"],"picked":"Self Repair","floor":5},{"not_picked":["Rebound","Beam Cell"],"picked":"Ball Lightning","floor":6},{"not_picked":["Beam Cell","Sweeping Beam"],"picked":"Cold Snap","floor":8},{"not_picked":["Auto Shields","Leap"],"picked":"Glacier","floor":11},{"not_picked":["Rebound","FTL","Cold Snap"],"picked":"SKIP","floor":13},{"not_picked":["Turbo","Seek"],"picked":"Go for the Eyes","floor":14},{"not_picked":["Fission","Creative AI"],"picked":"Biased Cognition","floor":16},{"not_picked":["Hello World","Rebound"],"picked":"Stack","floor":18},{"not_picked":["Turbo","Heatsinks","Rebound"],"picked":"SKIP","floor":20},{"not_picked":["Darkness+1","Steam"],"picked":"White Noise+1","floor":21},{"not_picked":["Coolheaded","Stack"],"picked":"Doom and Gloom","floor":24},{"not_picked":["Static Discharge","Gash","Chaos+1"],"picked":"Singing Bowl","floor":27},{"not_picked":["Turbo+1","Streamline"],"picked":"Coolheaded+1","floor":29},{"not_picked":["Tempest+1","Static Discharge","Genetic Algorithm+1"],"picked":"Singing Bowl","floor":31},{"not_picked":["Fission+1","Reboot+1"],"picked":"Echo Form","floor":33},{"not_picked":["Leap+1","Steam+1"],"picked":"Conserve Battery+1","floor":35},{"not_picked":["Self Repair","Beam Cell+1","Blizzard+1"],"picked":"Singing Bowl","floor":36},{"not_picked":["Undo+1","Steam+1"],"picked":"FTL","floor":39},{"not_picked":["Leap+1","Turbo+1"],"picked":"Multi-Cast+1","floor":40},{"not_picked":["Redo+1","Static Discharge"],"picked":"Compile Driver+1","floor":42},{"not_picked":["Gash","Recycle+1","Chaos+1"],"picked":"Singing Bowl","floor":48}],"player_experience":701269,"relics_obtained":[{"floor":6,"key":"Shuriken"},{"floor":8,"key":"Meat on the Bone"},{"floor":9,"key":"Cables"},{"floor":14,"key":"Smiling Mask"},{"floor":24,"key":"Blue Candle"},{"floor":26,"key":"Toxic Egg 2"},{"floor":27,"key":"DataDisk"},{"floor":29,"key":"Bag of Marbles"},{"floor":40,"key":"Lantern"},{"floor":43,"key":"Juzu Bracelet"}],"event_choices":[{"damage_healed":0,"gold_gain":0,"player_choice":"Damaged","damage_taken":7,"max_hp_gain":0,"max_hp_loss":0,"event_name":"Wheel of Change","floor":2,"gold_loss":0},{"damage_healed":0,"gold_gain":0,"player_choice":"Lose Max HP","damage_taken":0,"relics_obtained":["Golden Idol"],"max_hp_gain":0,"max_hp_loss":6,"event_name":"Golden Idol","floor":4,"gold_loss":0},{"cards_removed":["Strike_B"],"damage_healed":0,"gold_gain":0,"player_choice":"Elegance","damage_taken":0,"max_hp_gain":0,"max_hp_loss":0,"event_name":"Back to Basics","floor":19,"gold_loss":0},{"damage_healed":0,"gold_gain":99,"player_choice":"Stole From Cult","damage_taken":0,"max_hp_gain":0,"max_hp_loss":0,"event_name":"Nest","floor":28,"gold_loss":0},{"damage_healed":0,"gold_gain":0,"player_choice":"Upgraded","damage_taken":0,"max_hp_gain":0,"max_hp_loss":0,"event_name":"Upgrade Shrine","floor":38,"gold_loss":0,"cards_upgraded":["Echo Form"]},{"damage_healed":0,"gold_gain":0,"player_choice":"Max HP","damage_taken":0,"max_hp_gain":0,"max_hp_loss":4,"event_name":"Winding Halls","floor":45,"gold_loss":0},{"damage_healed":0,"gold_gain":0,"player_choice":"Ignored","damage_taken":0,"max_hp_gain":0,"max_hp_loss":0,"event_name":"Mysterious Sphere","floor":46,"gold_loss":0}],"is_beta":false,"boss_relics":[{"not_picked":["Philosopher\u0027s Stone","White Beast Statue"],"picked":"Inserter"},{"not_picked":["Coffee Dripper","Nuclear Battery"],"picked":"Fusion Hammer"}],"items_purged_floors":[22,25,37,44],"is_endless":false,"potions_floor_spawned":[1,6,8,16,21,24,29,39,40,48],"ascension_level":11}