{"gold_per_floor":[113,127,139,162,182,182,9,27,80,113,113,131,151,218,218,318,318,334,53,71,71,90,90,117,117,162,182,195,195,195,195,195,300,300,316,333,106,119,43,43,43,43,43,43,43,77,77,90,90,90],"floor_reached":50,"playtime":12971,"items_purged":[],"score":567,"play_id":"354d5518-b507-4598-8197-545980f29180","local_time":"20190309044126","is_ascension_mode":false,"campfire_choices":[{"data":"Neutralize","floor":6.0,"key":"SMITH"},{"data":"Dodge and Roll","floor":11.0,"key":"SMITH"},{"data":"Glass Knife","floor":15.0,"key":"SMITH"},{"data":"Sucker Punch","floor":23.0,"key":"SMITH"},{"data":"PiercingWail","floor":29.0,"key":"SMITH"},{"floor":32.0,"key":"RECALL"},{"data":"Cloak And Dagger","floor":40.0,"key":"SMITH"},{"floor":47,"key":"REST"},{"floor":49,"key":"REST"}],"neow_cost":"NONE","seed_source_timestamp":0,"circlet_count":0,"master_deck":["Defend_G","Defend_G","Defend_G","Defend_G","Survivor","Neutralize+1","Backflip","Heel Hook","Dodge and Roll+1","Quick Slash","Backstab","Cloak And Dagger+1","All Out Attack","Predator","Corpse Explosion","Caltrops","Backflip","Sucker Punch+1","Bite","Bite","Bite","Bite","Bite","Terror","Backflip","Deflect","PiercingWail+1","Ghostly","Ghostly","Ghostly","Ghostly","Ghostly","Malaise","Endless Agony","Deflect+1","Infinite Blades","Cloak And Dagger","Skewer","Cloak And Dagger"],"special_seed":0,"relics":["Ring of the Snake","Pen Nib","Philosopher\u0027s Stone","Bag of Preparation","Kunai","Happy Flower","Lizard Tail","Oddly Smooth Stone","Ninja Scroll","Tough Bandages"],"potions_floor_usage":[50,50],"damage_taken":[{"damage":1.0,"enemies":"Cultist","floor":1.0,"turns":5.0},{"damage":0.0,"enemies":"Small Slimes","floor":2.0,"turns":4.0},{"damage":0.0,"enemies":"2 Louse","floor":3.0,"turns":2.0},{"damage":2.0,"enemies":"Blue Slaver","floor":5.0,"turns":5.0},{"damage":0.0,"enemies":"Lots of Slimes","floor":8.0,"turns":5.0},{"damage":21.0,"enemies":"Gremlin Nob","floor":10.0,"turns":5.0},{"damage":2.0,"enemies":"2 Fungi Beasts","floor":12.0,"turns":3.0},{"damage":0.0,"enemies":"Blue Slaver","floor":13.0,"turns":3.0},{"damage":37.0,"enemies":"Hexaghost","floor":16.0,"turns":13.0},{"damage":9.0,"enemies":"2 Thieves","floor":18.0,"turns":3.0},{"damage":0.0,"enemies":"Spheric Guardian","floor":20.0,"turns":3.0},{"damage":18.0,"enemies":"Shelled Parasite and Fungi","floor":22.0,"turns":4.0},{"damage":21.0,"enemies":"Slavers","floor":24.0,"turns":2.0},{"damage":0.0,"enemies":"Snecko","floor":27.0,"turns":3.0},{"damage":5.0,"enemies":"Snake Plant","floor":28.0,"turns":4.0},{"damage":19.0,"enemies":"Automaton","floor":33.0,"turns":14.0},{"damage":0.0,"enemies":"3 Shapes","floor":35.0,"turns":4.0},{"damage":1.0,"enemies":"Orb Walker","floor":36.0,"turns":3.0},{"damage":1.0,"enemies":"Maw","floor":38.0,"turns":9.0},{"damage":31.0,"enemies":"Nemesis","floor":46.0,"turns":11.0},{"damage":22,"enemies":"Spire Growth","floor":48,"turns":6},{"damage":62,"enemies":"Donu and Deca","floor":50,"turns":8}],"seed_played":"896201823382201759","potions_obtained":[{"floor":3.0,"key":"Block Potion"},{"floor":8.0,"key":"GamblersBrew"},{"floor":10.0,"key":"AttackPotion"},{"floor":24.0,"key":"Swift Potion"},{"floor":28.0,"key":"Weak Potion"},{"floor":33.0,"key":"GamblersBrew"},{"floor":35.0,"key":"FearPotion"},{"floor":38.0,"key":"LiquidBronze"}],"is_trial":false,"path_per_floor":["T","M","?","?","?","M","?","T","?","$","?"],"character_chosen":"THE_SILENT","items_purchased":["Backstab","Cloak And Dagger","Explosive Potion","Caltrops","Backflip","Bag of Preparation","Oddly Smooth Stone","Endless Agony","Infinite Blades"],"campfire_rested":2,"item_purchase_floors":[7,7,7,19,19,19,37,37,39],"current_hp_per_floor":[76,76,76,76,75,75,75,77,77,56,56,56,58,58,58,23,77,68,68,70,70,58,58,37,37,37,47,50,50,38,38,38,38,38,38,38,38,38,38,38,38,38,38,38,38,17,28,16,27,0],"gold":90,"neow_bonus":"TEN_PERCENT_HP_BONUS","is_prod":false,"is_daily":false,"chose_seed":false,"campfire_upgraded":6,"win_rate":0,"timestamp":1552106486,"path_taken":["M","M","M","?","M","R","$","M","T","E","R","?","M","?","R","BOSS","M","$","M","?","M","R","E","?","T","M","?","R","?","?","R","BOSS","M","M","$","M","$","R","?","$","T","?","?","E","R","M","R","BOSS"],"build_version":"2019-01-23","purchased_purges":0,"victory":false,"max_hp_per_floor":[77,77,77,77,77,77,77,77,77,77,77,77,77,77,77,77,77,77,77,77,77,77,77,77,77,77,77,77,77,38,38,38,38,38,38,38,38,38,38,38,38,38,38,38,38,38,38,38,38,38],"card_choices":[{"not_picked":["Quick Slash","Crippling Poison"],"picked":"Backflip","floor":1.0},{"not_picked":["Infinite Blades","Bane"],"picked":"Heel Hook","floor":2.0},{"not_picked":["Quick Slash","Escape Plan"],"picked":"Dodge and Roll","floor":3.0},{"not_picked":["Underhanded Strike","Tactician"],"picked":"Quick Slash","floor":5.0},{"not_picked":["Blur","Poisoned Stab"],"picked":"All Out Attack","floor":8.0},{"not_picked":["Eviscerate","Quick Slash"],"picked":"Predator","floor":10.0},{"not_picked":["Well Laid Plans","Concentrate"],"picked":"Glass Knife","floor":12.0},{"not_picked":["Reflex","Deadly Poison","Bane"],"picked":"SKIP","floor":13.0},{"not_picked":["Phantasmal Killer","Glass Knife"],"picked":"Corpse Explosion","floor":16.0},{"not_picked":["Outmaneuver","Poisoned Stab","Endless Agony"],"picked":"SKIP","floor":18.0},{"not_picked":["Riddle With Holes+1","Dagger Spray"],"picked":"Sucker Punch","floor":20.0},{"not_picked":["Deadly Poison+1","Underhanded Strike"],"picked":"Terror","floor":22.0},{"not_picked":["Endless Agony+1","Predator"],"picked":"Backflip","floor":24.0},{"not_picked":["Expertise+1","Slice+1"],"picked":"Deflect","floor":27.0},{"not_picked":["Outmaneuver","Wraith Form v2"],"picked":"PiercingWail","floor":28.0},{"not_picked":["Phantasmal Killer","Corpse Explosion"],"picked":"Malaise","floor":33.0},{"not_picked":["Reflex+1","Underhanded Strike+1","Quick Slash+1"],"picked":"SKIP","floor":35.0},{"not_picked":["Expertise+1","Masterful Stab+1","Bouncing Flask+1"],"picked":"SKIP","floor":36.0},{"not_picked":["Riddle With Holes+1","Envenom"],"picked":"Deflect+1","floor":38.0},{"not_picked":["Predator+1","Blade Dance+1"],"picked":"Skewer","floor":46},{"not_picked":["Outmaneuver+1","Distraction"],"picked":"Cloak And Dagger","floor":48}],"player_experience":142617,"relics_obtained":[{"floor":4.0,"key":"Blood Vial"},{"floor":9.0,"key":"Pen Nib"},{"floor":24.0,"key":"Kunai"},{"floor":31.0,"key":"Happy Flower"},{"floor":43.0,"key":"Ninja Scroll"},{"floor":46,"key":"Tough Bandages"}],"event_choices":[{"damage_healed":0.0,"max_hp_gain":0.0,"max_hp_loss":0.0,"gold_gain":67.0,"event_name":"Golden Wing","player_choice":"Gained Gold","floor":14.0,"gold_loss":0.0,"damage_taken":0.0},{"damage_healed":0.0,"max_hp_gain":0.0,"max_hp_loss":0.0,"gold_gain":0.0,"event_name":"Vampires","player_choice":"Became a vampire (Vial)","floor":21.0,"relics_lost":["Blood Vial"],"gold_loss":0.0,"damage_taken":0.0,"cards_obtained":["Bite","Bite","Bite","Bite","Bite"]},{"damage_healed":0.0,"max_hp_gain":0.0,"max_hp_loss":0.0,"gold_gain":0.0,"event_name":"The Woman in Blue","player_choice":"Bought 0 Potions","floor":25.0,"gold_loss":0.0,"damage_taken":0.0},{"damage_healed":0.0,"max_hp_gain":0.0,"max_hp_loss":39.0,"gold_gain":0.0,"event_name":"Ghosts","player_choice":"Became a Ghost","floor":30.0,"gold_loss":0.0,"damage_taken":0.0,"cards_obtained":["Ghostly","Ghostly","Ghostly","Ghostly","Ghostly"]},{"damage_healed":0.0,"max_hp_gain":0.0,"max_hp_loss":0.0,"gold_gain":0.0,"cards_transformed":["Defend_G"],"event_name":"Transmorgrifier","player_choice":"Transformed","floor":41.0,"gold_loss":0.0,"damage_taken":0.0,"cards_obtained":["Cloak And Dagger"]},{"cards_removed":["Glass Knife"],"damage_healed":0.0,"max_hp_gain":0.0,"max_hp_loss":0.0,"gold_gain":0.0,"event_name":"Falling","player_choice":"Removed Attack","floor":45.0,"gold_loss":0.0,"damage_taken":0.0}],"is_beta":false,"boss_relics":[{"not_picked":["White Beast Statue","Runic Pyramid"],"picked":"Philosopher\u0027s Stone"},{"not_picked":["Pandora\u0027s Box","Runic Dome"],"picked":"Lizard Tail"}],"items_purged_floors":[],"is_endless":false,"potions_floor_spawned":[3,8,10,24,28,33,35,38,48],"killed_by":"Donu and Deca","ascension_level":0}